PokerStars Game #19951111105:  Hold'em No Limit ($0.10/$0.25) - 2008/08/27 - 21:33:46 (ET)
Table 'Umbriel V' 9-max Seat #9 is the button
Seat 1: R1aki ($34.05 in chips) 
Seat 2: Alameda22 ($25 in chips) 
Seat 3: alan2671 ($7.25 in chips) 
Seat 4: nuggs123 ($19.30 in chips) 
Seat 5: phrogman123 ($32.55 in chips) 
Seat 6: HMEBLDR ($15.50 in chips) 
Seat 7: GTA 20 ($25.65 in chips) 
Seat 8: mcdougal2 ($22.75 in chips) 
Seat 9: Monterroso69 ($37.05 in chips) 
R1aki: posts small blind $0.10
Alameda22: posts big blind $0.25
*** HOLE CARDS ***
Dealt to Alameda22 [4c Qd]
alan2671: folds 
nuggs123: calls $0.25
phrogman123: folds 
HMEBLDR: folds 
GTA 20: raises $0.50 to $0.75
mcdougal2: folds 
Monterroso69: folds 
R1aki: calls $0.65
Alameda22: folds 
nuggs123: calls $0.50
*** FLOP *** [As 2c Th]
R1aki: checks 
nuggs123: checks 
GTA 20: bets $1.25
R1aki: calls $1.25
nuggs123: calls $1.25
*** TURN *** [As 2c Th] [3s]
R1aki: checks 
nuggs123: checks 
GTA 20: checks 
*** RIVER *** [As 2c Th 3s] [Jc]
R1aki: bets $3.50
nuggs123: calls $3.50
GTA 20: folds 
*** SHOW DOWN ***
R1aki: shows [2s 2h] (three of a kind, Deuces)
nuggs123: mucks hand 
R1aki collected $12.65 from pot
*** SUMMARY ***
Total pot $13.25 | Rake $0.60 
Board [As 2c Th 3s Jc]
Seat 1: R1aki (small blind) showed [2s 2h] and won ($12.65) with three of a kind, Deuces
Seat 2: Alameda22 (big blind) folded before Flop
Seat 3: alan2671 folded before Flop (didn't bet)
Seat 4: nuggs123 mucked [8h Ad]
Seat 5: phrogman123 folded before Flop (didn't bet)
Seat 6: HMEBLDR folded before Flop (didn't bet)
Seat 7: GTA 20 folded on the River
Seat 8: mcdougal2 folded before Flop (didn't bet)
Seat 9: Monterroso69 (button) folded before Flop (didn't bet)



PokerStars Game #19951149837:  Hold'em No Limit ($0.10/$0.25) - 2008/08/27 - 21:35:29 (ET)
Table 'Umbriel V' 9-max Seat #1 is the button
Seat 1: R1aki ($41.20 in chips) 
Seat 2: Alameda22 ($24.75 in chips) 
Seat 3: alan2671 ($7.25 in chips) 
Seat 4: nuggs123 ($13.80 in chips) 
Seat 5: phrogman123 ($32.55 in chips) 
Seat 6: HMEBLDR ($15.50 in chips) 
Seat 7: GTA 20 ($23.65 in chips) 
Seat 8: mcdougal2 ($22.75 in chips) 
Seat 9: Monterroso69 ($37.05 in chips) 
Alameda22: posts small blind $0.10
alan2671: posts big blind $0.25
*** HOLE CARDS ***
Dealt to Alameda22 [Jc 9d]
nuggs123: folds 
nuggs123 said, "nh"
phrogman123: folds 
HMEBLDR: folds 
GTA 20: folds 
mcdougal2: raises $0.75 to $1
Monterroso69: folds 
R1aki: folds 
Alameda22: folds 
alan2671: folds 
Uncalled bet ($0.75) returned to mcdougal2
mcdougal2 collected $0.60 from pot
mcdougal2: doesn't show hand 
*** SUMMARY ***
Total pot $0.60 | Rake $0 
Seat 1: R1aki (button) folded before Flop (didn't bet)
Seat 2: Alameda22 (small blind) folded before Flop
Seat 3: alan2671 (big blind) folded before Flop
Seat 4: nuggs123 folded before Flop (didn't bet)
Seat 5: phrogman123 folded before Flop (didn't bet)
Seat 6: HMEBLDR folded before Flop (didn't bet)
Seat 7: GTA 20 folded before Flop (didn't bet)
Seat 8: mcdougal2 collected ($0.60)
Seat 9: Monterroso69 folded before Flop (didn't bet)



PokerStars Game #19951160892:  Hold'em No Limit ($0.10/$0.25) - 2008/08/27 - 21:35:58 (ET)
Table 'Umbriel V' 9-max Seat #2 is the button
Seat 1: R1aki ($41.20 in chips) 
Seat 2: Alameda22 ($24.65 in chips) 
Seat 3: alan2671 ($7 in chips) 
Seat 4: nuggs123 ($13.80 in chips) 
Seat 5: phrogman123 ($32.55 in chips) 
Seat 6: HMEBLDR ($15.50 in chips) 
Seat 7: GTA 20 ($23.65 in chips) 
Seat 8: mcdougal2 ($23.10 in chips) 
Seat 9: Monterroso69 ($37.05 in chips) 
alan2671: posts small blind $0.10
nuggs123: posts big blind $0.25
*** HOLE CARDS ***
Dealt to Alameda22 [Jh 3d]
phrogman123: folds 
HMEBLDR: calls $0.25
GTA 20: folds 
mcdougal2: folds 
Monterroso69: folds 
R1aki: folds 
Alameda22: folds 
alan2671: folds 
nuggs123: checks 
*** FLOP *** [3s Ah 5h]
nuggs123: checks 
HMEBLDR: checks 
*** TURN *** [3s Ah 5h] [2c]
nuggs123: bets $1
HMEBLDR: calls $1
*** RIVER *** [3s Ah 5h 2c] [2s]
nuggs123: bets $3
HMEBLDR: raises $3 to $6
nuggs123: calls $3
*** SHOW DOWN ***
HMEBLDR: shows [3c 2h] (a full house, Deuces full of Threes)
nuggs123: mucks hand 
HMEBLDR collected $13.90 from pot
*** SUMMARY ***
Total pot $14.60 | Rake $0.70 
Board [3s Ah 5h 2c 2s]
Seat 1: R1aki folded before Flop (didn't bet)
Seat 2: Alameda22 (button) folded before Flop (didn't bet)
Seat 3: alan2671 (small blind) folded before Flop
Seat 4: nuggs123 (big blind) mucked [6d 4d]
Seat 5: phrogman123 folded before Flop (didn't bet)
Seat 6: HMEBLDR showed [3c 2h] and won ($13.90) with a full house, Deuces full of Threes
Seat 7: GTA 20 folded before Flop (didn't bet)
Seat 8: mcdougal2 folded before Flop (didn't bet)
Seat 9: Monterroso69 folded before Flop (didn't bet)



PokerStars Game #19951186949:  Hold'em No Limit ($0.10/$0.25) - 2008/08/27 - 21:37:07 (ET)
Table 'Umbriel V' 9-max Seat #3 is the button
Seat 1: R1aki ($41.20 in chips) 
Seat 2: Alameda22 ($24.65 in chips) 
Seat 3: alan2671 ($6.90 in chips) 
Seat 4: nuggs123 ($6.55 in chips) 
Seat 5: phrogman123 ($32.55 in chips) 
Seat 6: HMEBLDR ($22.15 in chips) 
Seat 7: GTA 20 ($23.65 in chips) 
Seat 8: mcdougal2 ($23.10 in chips) 
Seat 9: Monterroso69 ($37.05 in chips) 
nuggs123: posts small blind $0.10
phrogman123: posts big blind $0.25
*** HOLE CARDS ***
Dealt to Alameda22 [Jc 4h]
HMEBLDR: calls $0.25
GTA 20: folds 
nuggs123 said, "sigh"
mcdougal2: folds 
HMEBLDR said, "little bit o luck"
Monterroso69: folds 
R1aki: raises $1 to $1.25
Alameda22: folds 
alan2671: folds 
nuggs123: calls $1.15
phrogman123: folds 
HMEBLDR: calls $1
*** FLOP *** [Ad 5d Ac]
nuggs123: checks 
HMEBLDR: checks 
R1aki: bets $2.65
nuggs123: raises $2.65 to $5.30 and is all-in
HMEBLDR: folds 
R1aki: calls $2.65
*** TURN *** [Ad 5d Ac] [Qc]
*** RIVER *** [Ad 5d Ac Qc] [9h]
*** SHOW DOWN ***
nuggs123: shows [Qh Ah] (a full house, Aces full of Queens)
R1aki: mucks hand 
nuggs123 collected $13.90 from pot
*** SUMMARY ***
Total pot $14.60 | Rake $0.70 
Board [Ad 5d Ac Qc 9h]
Seat 1: R1aki mucked [As Js]
Seat 2: Alameda22 folded before Flop (didn't bet)
Seat 3: alan2671 (button) folded before Flop (didn't bet)
Seat 4: nuggs123 (small blind) showed [Qh Ah] and won ($13.90) with a full house, Aces full of Queens
Seat 5: phrogman123 (big blind) folded before Flop
Seat 6: HMEBLDR folded on the Flop
Seat 7: GTA 20 folded before Flop (didn't bet)
Seat 8: mcdougal2 folded before Flop (didn't bet)
Seat 9: Monterroso69 folded before Flop (didn't bet)



PokerStars Game #19951221595:  Hold'em No Limit ($0.10/$0.25) - 2008/08/27 - 21:38:38 (ET)
Table 'Umbriel V' 9-max Seat #4 is the button
Seat 1: R1aki ($34.65 in chips) 
Seat 2: Alameda22 ($24.65 in chips) 
Seat 3: alan2671 ($6.90 in chips) 
Seat 4: nuggs123 ($13.90 in chips) 
Seat 5: phrogman123 ($32.30 in chips) 
Seat 6: HMEBLDR ($20.90 in chips) 
Seat 7: GTA 20 ($23.65 in chips) 
Seat 8: mcdougal2 ($23.10 in chips) 
Seat 9: Monterroso69 ($37.05 in chips) 
phrogman123: posts small blind $0.10
HMEBLDR: posts big blind $0.25
*** HOLE CARDS ***
Dealt to Alameda22 [6s Ts]
GTA 20 said, "what is with all the full houses"
GTA 20: folds 
mcdougal2: folds 
Monterroso69: folds 
R1aki: folds 
Alameda22: folds 
alan2671: folds 
nuggs123: calls $0.25
phrogman123: calls $0.15
HMEBLDR: checks 
*** FLOP *** [As 8d 2d]
phrogman123: checks 
HMEBLDR: bets $0.25
nuggs123: folds 
phrogman123: folds 
Uncalled bet ($0.25) returned to HMEBLDR
HMEBLDR collected $0.75 from pot
HMEBLDR: doesn't show hand 
*** SUMMARY ***
Total pot $0.75 | Rake $0 
Board [As 8d 2d]
Seat 1: R1aki folded before Flop (didn't bet)
Seat 2: Alameda22 folded before Flop (didn't bet)
Seat 3: alan2671 folded before Flop (didn't bet)
Seat 4: nuggs123 (button) folded on the Flop
Seat 5: phrogman123 (small blind) folded on the Flop
Seat 6: HMEBLDR (big blind) collected ($0.75)
Seat 7: GTA 20 folded before Flop (didn't bet)
Seat 8: mcdougal2 folded before Flop (didn't bet)
Seat 9: Monterroso69 folded before Flop (didn't bet)



PokerStars Game #19951241258:  Hold'em No Limit ($0.10/$0.25) - 2008/08/27 - 21:39:29 (ET)
Table 'Umbriel V' 9-max Seat #5 is the button
Seat 1: R1aki ($34.65 in chips) 
Seat 2: Alameda22 ($24.65 in chips) 
Seat 3: alan2671 ($6.90 in chips) 
Seat 4: nuggs123 ($13.65 in chips) 
Seat 5: phrogman123 ($32.05 in chips) 
Seat 6: HMEBLDR ($21.40 in chips) 
Seat 7: GTA 20 ($23.65 in chips) 
Seat 8: mcdougal2 ($23.10 in chips) 
Seat 9: Monterroso69 ($37.05 in chips) 
HMEBLDR: posts small blind $0.10
GTA 20: posts big blind $0.25
*** HOLE CARDS ***
Dealt to Alameda22 [Kd Ac]
mcdougal2: folds 
Monterroso69: folds 
R1aki: folds 
Alameda22: raises $0.50 to $0.75
alan2671: folds 
nuggs123: folds 
phrogman123: folds 
HMEBLDR: calls $0.65
GTA 20: calls $0.50
*** FLOP *** [2s 8h Kh]
HMEBLDR: checks 
GTA 20: checks 
Alameda22: bets $1.50
HMEBLDR: folds 
GTA 20: folds 
Uncalled bet ($1.50) returned to Alameda22
Alameda22 collected $2.15 from pot
Alameda22: doesn't show hand 
*** SUMMARY ***
Total pot $2.25 | Rake $0.10 
Board [2s 8h Kh]
Seat 1: R1aki folded before Flop (didn't bet)
Seat 2: Alameda22 collected ($2.15)
Seat 3: alan2671 folded before Flop (didn't bet)
Seat 4: nuggs123 folded before Flop (didn't bet)
Seat 5: phrogman123 (button) folded before Flop (didn't bet)
Seat 6: HMEBLDR (small blind) folded on the Flop
Seat 7: GTA 20 (big blind) folded on the Flop
Seat 8: mcdougal2 folded before Flop (didn't bet)
Seat 9: Monterroso69 folded before Flop (didn't bet)



PokerStars Game #19951264017:  Hold'em No Limit ($0.10/$0.25) - 2008/08/27 - 21:40:29 (ET)
Table 'Umbriel V' 9-max Seat #6 is the button
Seat 1: R1aki ($34.65 in chips) 
Seat 2: Alameda22 ($26.05 in chips) 
Seat 3: alan2671 ($6.90 in chips) 
Seat 4: nuggs123 ($13.65 in chips) 
Seat 5: phrogman123 ($32.05 in chips) 
Seat 6: HMEBLDR ($20.65 in chips) 
Seat 7: GTA 20 ($22.90 in chips) 
Seat 8: mcdougal2 ($23.10 in chips) 
Seat 9: Monterroso69 ($37.05 in chips) 
GTA 20: posts small blind $0.10
mcdougal2: posts big blind $0.25
*** HOLE CARDS ***
Dealt to Alameda22 [Ts 6h]
GTA 20 said, "you like Elliot Smith?"
Monterroso69: folds 
R1aki: folds 
Alameda22: folds 
alan2671: folds 
nuggs123: calls $0.25
phrogman123: folds 
HMEBLDR: folds 
HMEBLDR is sitting out
GTA 20: folds 
mcdougal2: checks 
*** FLOP *** [2d 9h 6d]
mcdougal2: checks 
nuggs123: checks 
*** TURN *** [2d 9h 6d] [7s]
mcdougal2: checks 
nuggs123: checks 
*** RIVER *** [2d 9h 6d 7s] [9c]
mcdougal2: checks 
nuggs123: checks 
*** SHOW DOWN ***
mcdougal2: shows [Ks 7h] (two pair, Nines and Sevens)
nuggs123: mucks hand 
mcdougal2 collected $0.60 from pot
*** SUMMARY ***
Total pot $0.60 | Rake $0 
Board [2d 9h 6d 7s 9c]
Seat 1: R1aki folded before Flop (didn't bet)
Seat 2: Alameda22 folded before Flop (didn't bet)
Seat 3: alan2671 folded before Flop (didn't bet)
Seat 4: nuggs123 mucked [Kh Ah]
Seat 5: phrogman123 folded before Flop (didn't bet)
Seat 6: HMEBLDR (button) folded before Flop (didn't bet)
Seat 7: GTA 20 (small blind) folded before Flop
Seat 8: mcdougal2 (big blind) showed [Ks 7h] and won ($0.60) with two pair, Nines and Sevens
Seat 9: Monterroso69 folded before Flop (didn't bet)



PokerStars Game #19951284165:  Hold'em No Limit ($0.10/$0.25) - 2008/08/27 - 21:41:19 (ET)
Table 'Umbriel V' 9-max Seat #7 is the button
Seat 1: R1aki ($34.65 in chips) 
Seat 2: Alameda22 ($26.05 in chips) 
Seat 3: alan2671 ($6.90 in chips) 
Seat 4: nuggs123 ($13.40 in chips) 
Seat 5: phrogman123 ($32.05 in chips) 
Seat 7: GTA 20 ($22.80 in chips) 
Seat 8: mcdougal2 ($23.45 in chips) 
mcdougal2: posts small blind $0.10
Monterroso69: is sitting out 
R1aki: posts big blind $0.25
*** HOLE CARDS ***
Dealt to Alameda22 [Qd 4h]
Monterroso69 leaves the table
Alameda22: folds 
alan2671: folds 
alan2671 is sitting out
nuggs123: calls $0.25
phrogman123: folds 
wezvidzz joins the table at seat #9 
alan2671 leaves the table
GTA 20: raises $0.50 to $0.75
mcdougal2: folds 
R1aki: folds 
nuggs123: calls $0.50
*** FLOP *** [8c Td Qh]
nuggs123: checks 
GTA 20: bets $0.75
nuggs123: calls $0.75
*** TURN *** [8c Td Qh] [8s]
nuggs123: bets $0.50
GTA 20: calls $0.50
*** RIVER *** [8c Td Qh 8s] [7h]
nuggs123: bets $0.50
GTA 20: calls $0.50
*** SHOW DOWN ***
nuggs123: shows [Tc Ks] (two pair, Tens and Eights)
GTA 20: mucks hand 
nuggs123 collected $5.10 from pot
*** SUMMARY ***
Total pot $5.35 | Rake $0.25 
Board [8c Td Qh 8s 7h]
Seat 1: R1aki (big blind) folded before Flop
Seat 2: Alameda22 folded before Flop (didn't bet)
Seat 3: alan2671 folded before Flop (didn't bet)
Seat 4: nuggs123 showed [Tc Ks] and won ($5.10) with two pair, Tens and Eights
Seat 5: phrogman123 folded before Flop (didn't bet)
Seat 7: GTA 20 (button) mucked [9c 9s]
Seat 8: mcdougal2 (small blind) folded before Flop



PokerStars Game #19951308036:  Hold'em No Limit ($0.10/$0.25) - 2008/08/27 - 21:42:22 (ET)
Table 'Umbriel V' 9-max Seat #8 is the button
Seat 1: R1aki ($34.40 in chips) 
Seat 2: Alameda22 ($26.05 in chips) 
Seat 4: nuggs123 ($16 in chips) 
Seat 5: phrogman123 ($32.05 in chips) 
Seat 7: GTA 20 ($20.30 in chips) 
Seat 8: mcdougal2 ($23.35 in chips) 
wezvidzz will be allowed to play after the button
R1aki: posts small blind $0.10
Alameda22: posts big blind $0.25
*** HOLE CARDS ***
Dealt to Alameda22 [Ts Qc]
nuggs123: calls $0.25
phrogman123: folds 
GTA 20: folds 
mcdougal2: folds 
Skudero joins the table at seat #3 
R1aki: folds 
Alameda22: checks 
*** FLOP *** [6s Td 9c]
Alameda22 said, "yes"
Alameda22: checks 
nuggs123: checks 
*** TURN *** [6s Td 9c] [Jd]
Alameda22: checks 
nuggs123: checks 
*** RIVER *** [6s Td 9c Jd] [2c]
Alameda22: checks 
nuggs123: checks 
*** SHOW DOWN ***
Alameda22: shows [Ts Qc] (a pair of Tens)
nuggs123: mucks hand 
Alameda22 collected $0.60 from pot
*** SUMMARY ***
Total pot $0.60 | Rake $0 
Board [6s Td 9c Jd 2c]
Seat 1: R1aki (small blind) folded before Flop
Seat 2: Alameda22 (big blind) showed [Ts Qc] and won ($0.60) with a pair of Tens
Seat 4: nuggs123 mucked [7s 7c]
Seat 5: phrogman123 folded before Flop (didn't bet)
Seat 7: GTA 20 folded before Flop (didn't bet)
Seat 8: mcdougal2 (button) folded before Flop (didn't bet)



PokerStars Game #19951334389:  Hold'em No Limit ($0.10/$0.25) - 2008/08/27 - 21:43:30 (ET)
Table 'Umbriel V' 9-max Seat #1 is the button
Seat 1: R1aki ($34.30 in chips) 
Seat 2: Alameda22 ($26.40 in chips) 
Seat 3: Skudero ($25 in chips) 
Seat 4: nuggs123 ($15.75 in chips) 
Seat 5: phrogman123 ($32.05 in chips) 
Seat 7: GTA 20 ($20.30 in chips) 
Seat 8: mcdougal2 ($23.35 in chips) 
Alameda22: posts small blind $0.10
GTA 20 said, "thought so, that is one of my fave songs by them"
Skudero: posts big blind $0.25
wezvidzz: sits out 
*** HOLE CARDS ***
Dealt to Alameda22 [4d Jd]
nuggs123: folds 
phrogman123: folds 
nuggs123 is sitting out
GTA 20: folds 
mcdougal2: raises $0.25 to $0.50
R1aki: folds 
Alameda22: folds 
Skudero: calls $0.25
*** FLOP *** [Qc 7d Kd]
Skudero: checks 
mcdougal2: checks 
*** TURN *** [Qc 7d Kd] [Jc]
Skudero: checks 
mcdougal2: checks 
*** RIVER *** [Qc 7d Kd Jc] [9d]
Skudero: checks 
HMEBLDR has returned
mcdougal2: checks 
*** SHOW DOWN ***
Skudero: shows [3d As] (high card Ace)
mcdougal2: shows [Ah 5h] (high card Ace)
Skudero collected $0.55 from pot
mcdougal2 collected $0.50 from pot
*** SUMMARY ***
Total pot $1.10 | Rake $0.05 
Board [Qc 7d Kd Jc 9d]
Seat 1: R1aki (button) folded before Flop (didn't bet)
Seat 2: Alameda22 (small blind) folded before Flop
Seat 3: Skudero (big blind) showed [3d As] and won ($0.55) with high card Ace
Seat 4: nuggs123 folded before Flop (didn't bet)
Seat 5: phrogman123 folded before Flop (didn't bet)
Seat 7: GTA 20 folded before Flop (didn't bet)
Seat 8: mcdougal2 showed [Ah 5h] and won ($0.50) with high card Ace



PokerStars Game #19951378899:  Hold'em No Limit ($0.10/$0.25) - 2008/08/27 - 21:45:24 (ET)
Table 'Umbriel V' 9-max Seat #2 is the button
Seat 1: R1aki ($34.30 in chips) 
Seat 2: Alameda22 ($26.30 in chips) 
Seat 3: Skudero ($25.05 in chips) 
Seat 5: phrogman123 ($32.05 in chips) 
Seat 6: HMEBLDR ($20.65 in chips) 
Seat 7: GTA 20 ($20.30 in chips) 
Seat 8: mcdougal2 ($23.35 in chips) 
Skudero: posts small blind $0.10
phrogman123: posts big blind $0.25
wezvidzz: sits out 
*** HOLE CARDS ***
Dealt to Alameda22 [Qd 4c]
HMEBLDR: calls $0.25
GTA 20: folds 
mcdougal2: folds 
R1aki: folds 
Alameda22: folds 
Skudero: folds 
phrogman123: checks 
*** FLOP *** [4s 2d Jd]
phrogman123: checks 
HMEBLDR: checks 
*** TURN *** [4s 2d Jd] [Qh]
phrogman123: checks 
HMEBLDR: checks 
*** RIVER *** [4s 2d Jd Qh] [Qs]
phrogman123: checks 
HMEBLDR: checks 
*** SHOW DOWN ***
phrogman123: shows [6s 7s] (a pair of Queens)
HMEBLDR: shows [4d 7d] (two pair, Queens and Fours)
HMEBLDR collected $0.60 from pot
*** SUMMARY ***
Total pot $0.60 | Rake $0 
Board [4s 2d Jd Qh Qs]
Seat 1: R1aki folded before Flop (didn't bet)
Seat 2: Alameda22 (button) folded before Flop (didn't bet)
Seat 3: Skudero (small blind) folded before Flop
Seat 5: phrogman123 (big blind) showed [6s 7s] and lost with a pair of Queens
Seat 6: HMEBLDR showed [4d 7d] and won ($0.60) with two pair, Queens and Fours
Seat 7: GTA 20 folded before Flop (didn't bet)
Seat 8: mcdougal2 folded before Flop (didn't bet)



PokerStars Game #19951392198:  Hold'em No Limit ($0.10/$0.25) - 2008/08/27 - 21:45:59 (ET)
Table 'Umbriel V' 9-max Seat #3 is the button
Seat 1: R1aki ($34.30 in chips) 
Seat 2: Alameda22 ($26.30 in chips) 
Seat 3: Skudero ($24.95 in chips) 
Seat 5: phrogman123 ($31.80 in chips) 
Seat 6: HMEBLDR ($21 in chips) 
Seat 7: GTA 20 ($20.30 in chips) 
Seat 8: mcdougal2 ($23.35 in chips) 
phrogman123: posts small blind $0.10
HMEBLDR: posts big blind $0.25
wezvidzz: sits out 
*** HOLE CARDS ***
Dealt to Alameda22 [7c 6h]
GTA 20: folds 
mcdougal2: folds 
R1aki: folds 
Alameda22: folds 
Skudero: folds 
phrogman123: calls $0.15
HMEBLDR: checks 
*** FLOP *** [8d 7d 4s]
phrogman123: checks 
HMEBLDR: bets $0.25
phrogman123: calls $0.25
*** TURN *** [8d 7d 4s] [Ad]
phrogman123: bets $1
HMEBLDR: calls $1
*** RIVER *** [8d 7d 4s Ad] [Kd]
phrogman123: bets $1.50
HMEBLDR: calls $1.50
*** SHOW DOWN ***
phrogman123: shows [3d Qd] (a flush, Ace high)
HMEBLDR: mucks hand 
phrogman123 collected $5.75 from pot
*** SUMMARY ***
Total pot $6 | Rake $0.25 
Board [8d 7d 4s Ad Kd]
Seat 1: R1aki folded before Flop (didn't bet)
Seat 2: Alameda22 folded before Flop (didn't bet)
Seat 3: Skudero (button) folded before Flop (didn't bet)
Seat 5: phrogman123 (small blind) showed [3d Qd] and won ($5.75) with a flush, Ace high
Seat 6: HMEBLDR (big blind) mucked [Td 8s]
Seat 7: GTA 20 folded before Flop (didn't bet)
Seat 8: mcdougal2 folded before Flop (didn't bet)



PokerStars Game #19951421494:  Hold'em No Limit ($0.10/$0.25) - 2008/08/27 - 21:47:14 (ET)
Table 'Umbriel V' 9-max Seat #5 is the button
Seat 1: R1aki ($34.30 in chips) 
Seat 2: Alameda22 ($26.30 in chips) 
Seat 3: Skudero ($24.95 in chips) 
Seat 5: phrogman123 ($34.55 in chips) 
Seat 6: HMEBLDR ($18 in chips) 
Seat 7: GTA 20 ($20.30 in chips) 
Seat 8: mcdougal2 ($23.35 in chips) 
HMEBLDR: posts small blind $0.10
GTA 20: posts big blind $0.25
wezvidzz: sits out 
*** HOLE CARDS ***
Dealt to Alameda22 [4c Tc]
mcdougal2: folds 
R1aki: folds 
Alameda22: folds 
Skudero: folds 
phrogman123: calls $0.25
HMEBLDR: calls $0.15
GTA 20: checks 
*** FLOP *** [8s 6d Qh]
HMEBLDR: checks 
GTA 20: checks 
phrogman123: bets $0.75
HMEBLDR: folds 
GTA 20: folds 
Uncalled bet ($0.75) returned to phrogman123
phrogman123 collected $0.75 from pot
*** SUMMARY ***
Total pot $0.75 | Rake $0 
Board [8s 6d Qh]
Seat 1: R1aki folded before Flop (didn't bet)
Seat 2: Alameda22 folded before Flop (didn't bet)
Seat 3: Skudero folded before Flop (didn't bet)
Seat 5: phrogman123 (button) collected ($0.75)
Seat 6: HMEBLDR (small blind) folded on the Flop
Seat 7: GTA 20 (big blind) folded on the Flop
Seat 8: mcdougal2 folded before Flop (didn't bet)



PokerStars Game #19951446852:  Hold'em No Limit ($0.10/$0.25) - 2008/08/27 - 21:48:19 (ET)
Table 'Umbriel V' 9-max Seat #6 is the button
Seat 1: R1aki ($34.30 in chips) 
Seat 2: Alameda22 ($26.30 in chips) 
Seat 3: Skudero ($24.95 in chips) 
Seat 5: phrogman123 ($35.05 in chips) 
Seat 6: HMEBLDR ($17.75 in chips) 
Seat 7: GTA 20 ($20.05 in chips) 
Seat 8: mcdougal2 ($23.35 in chips) 
GTA 20: posts small blind $0.10
mcdougal2: posts big blind $0.25
wezvidzz: sits out 
*** HOLE CARDS ***
Dealt to Alameda22 [3s 8s]
R1aki: folds 
Alameda22: folds 
Skudero: folds 
phrogman123: folds 
HMEBLDR: folds 
GTA 20: folds 
Uncalled bet ($0.15) returned to mcdougal2
mcdougal2 collected $0.20 from pot
mcdougal2: doesn't show hand 
*** SUMMARY ***
Total pot $0.20 | Rake $0 
Seat 1: R1aki folded before Flop (didn't bet)
Seat 2: Alameda22 folded before Flop (didn't bet)
Seat 3: Skudero folded before Flop (didn't bet)
Seat 5: phrogman123 folded before Flop (didn't bet)
Seat 6: HMEBLDR (button) folded before Flop (didn't bet)
Seat 7: GTA 20 (small blind) folded before Flop
Seat 8: mcdougal2 (big blind) collected ($0.20)



PokerStars Game #19951456817:  Hold'em No Limit ($0.10/$0.25) - 2008/08/27 - 21:48:44 (ET)
Table 'Umbriel V' 9-max Seat #7 is the button
Seat 1: R1aki ($34.30 in chips) 
Seat 2: Alameda22 ($26.30 in chips) 
Seat 3: Skudero ($24.95 in chips) 
Seat 5: phrogman123 ($35.05 in chips) 
Seat 6: HMEBLDR ($17.75 in chips) 
Seat 7: GTA 20 ($19.95 in chips) 
Seat 8: mcdougal2 ($23.45 in chips) 
Seat 9: wezvidzz ($12 in chips) 
mcdougal2: posts small blind $0.10
wezvidzz: posts big blind $0.25
*** HOLE CARDS ***
Dealt to Alameda22 [Qh Jh]
R1aki: folds 
Alameda22: folds 
Skudero: folds 
phrogman123: calls $0.25
HMEBLDR: calls $0.25
GTA 20: calls $0.25
mcdougal2: calls $0.15
wezvidzz: checks 
*** FLOP *** [Tc 2h Th]
mcdougal2: checks 
wezvidzz: checks 
phrogman123: checks 
HMEBLDR: checks 
GTA 20: bets $0.25
mcdougal2: folds 
wezvidzz: folds 
phrogman123: calls $0.25
HMEBLDR: calls $0.25
*** TURN *** [Tc 2h Th] [9d]
phrogman123: checks 
HMEBLDR: checks 
GTA 20: bets $1.25
phrogman123: folds 
HMEBLDR: folds 
Uncalled bet ($1.25) returned to GTA 20
GTA 20 collected $1.95 from pot
GTA 20: doesn't show hand 
*** SUMMARY ***
Total pot $2 | Rake $0.05 
Board [Tc 2h Th 9d]
Seat 1: R1aki folded before Flop (didn't bet)
Seat 2: Alameda22 folded before Flop (didn't bet)
Seat 3: Skudero folded before Flop (didn't bet)
Seat 5: phrogman123 folded on the Turn
Seat 6: HMEBLDR folded on the Turn
Seat 7: GTA 20 (button) collected ($1.95)
Seat 8: mcdougal2 (small blind) folded on the Flop
Seat 9: wezvidzz (big blind) folded on the Flop



PokerStars Game #19951484270:  Hold'em No Limit ($0.10/$0.25) - 2008/08/27 - 21:49:55 (ET)
Table 'Umbriel V' 9-max Seat #8 is the button
Seat 1: R1aki ($34.30 in chips) 
Seat 2: Alameda22 ($26.30 in chips) 
Seat 3: Skudero ($24.95 in chips) 
Seat 5: phrogman123 ($34.55 in chips) 
Seat 6: HMEBLDR ($17.25 in chips) 
Seat 7: GTA 20 ($21.40 in chips) 
Seat 8: mcdougal2 ($23.20 in chips) 
Seat 9: wezvidzz ($11.75 in chips) 
wezvidzz: posts small blind $0.10
R1aki: posts big blind $0.25
*** HOLE CARDS ***
Dealt to Alameda22 [6h 2h]
Alameda22: folds 
Skudero: folds 
phrogman123: folds 
HMEBLDR: folds 
GTA 20: calls $0.25
mcdougal2: calls $0.25
nuggs123 has returned
wezvidzz: folds 
R1aki: checks 
*** FLOP *** [Jd 8h As]
R1aki: checks 
GTA 20: checks 
mcdougal2: checks 
*** TURN *** [Jd 8h As] [9h]
R1aki: checks 
GTA 20: bets $0.50
mcdougal2: calls $0.50
R1aki: folds 
*** RIVER *** [Jd 8h As 9h] [5c]
GTA 20: bets $0.50
mcdougal2: folds 
Uncalled bet ($0.50) returned to GTA 20
GTA 20 collected $1.80 from pot
GTA 20: doesn't show hand 
*** SUMMARY ***
Total pot $1.85 | Rake $0.05 
Board [Jd 8h As 9h 5c]
Seat 1: R1aki (big blind) folded on the Turn
Seat 2: Alameda22 folded before Flop (didn't bet)
Seat 3: Skudero folded before Flop (didn't bet)
Seat 5: phrogman123 folded before Flop (didn't bet)
Seat 6: HMEBLDR folded before Flop (didn't bet)
Seat 7: GTA 20 collected ($1.80)
Seat 8: mcdougal2 (button) folded on the River
Seat 9: wezvidzz (small blind) folded before Flop



PokerStars Game #19951517216:  Hold'em No Limit ($0.10/$0.25) - 2008/08/27 - 21:51:21 (ET)
Table 'Umbriel V' 9-max Seat #9 is the button
Seat 1: R1aki ($34.05 in chips) 
Seat 2: Alameda22 ($26.30 in chips) 
Seat 3: Skudero ($24.95 in chips) 
Seat 4: nuggs123 ($15.75 in chips) 
Seat 5: phrogman123 ($34.55 in chips) 
Seat 6: HMEBLDR ($17.25 in chips) 
Seat 7: GTA 20 ($22.45 in chips) 
Seat 8: mcdougal2 ($22.45 in chips) 
Seat 9: wezvidzz ($11.65 in chips) 
R1aki: posts small blind $0.10
Alameda22: posts big blind $0.25
nuggs123: posts small & big blinds $0.35
*** HOLE CARDS ***
Dealt to Alameda22 [3h 2d]
Skudero: folds 
nuggs123: checks 
phrogman123: folds 
HMEBLDR: folds 
GTA 20: folds 
mcdougal2: folds 
wezvidzz: folds 
R1aki: folds 
Alameda22: checks 
*** FLOP *** [Ad Th 6s]
Alameda22: checks 
nuggs123: checks 
*** TURN *** [Ad Th 6s] [Ah]
Alameda22: checks 
nuggs123: checks 
*** RIVER *** [Ad Th 6s Ah] [5h]
Alameda22: checks 
nuggs123: checks 
*** SHOW DOWN ***
Alameda22: shows [3h 2d] (a pair of Aces)
nuggs123: shows [8d 4c] (a pair of Aces - Ten+Eight kicker)
nuggs123 collected $0.70 from pot
*** SUMMARY ***
Total pot $0.70 | Rake $0 
Board [Ad Th 6s Ah 5h]
Seat 1: R1aki (small blind) folded before Flop
Seat 2: Alameda22 (big blind) showed [3h 2d] and lost with a pair of Aces
Seat 3: Skudero folded before Flop (didn't bet)
Seat 4: nuggs123 showed [8d 4c] and won ($0.70) with a pair of Aces
Seat 5: phrogman123 folded before Flop (didn't bet)
Seat 6: HMEBLDR folded before Flop (didn't bet)
Seat 7: GTA 20 folded before Flop (didn't bet)
Seat 8: mcdougal2 folded before Flop (didn't bet)
Seat 9: wezvidzz (button) folded before Flop (didn't bet)



PokerStars Game #19951547073:  Hold'em No Limit ($0.10/$0.25) - 2008/08/27 - 21:52:38 (ET)
Table 'Umbriel V' 9-max Seat #1 is the button
Seat 1: R1aki ($33.95 in chips) 
Seat 2: Alameda22 ($26.05 in chips) 
Seat 3: Skudero ($24.95 in chips) 
Seat 4: nuggs123 ($16.10 in chips) 
Seat 5: phrogman123 ($34.55 in chips) 
Seat 6: HMEBLDR ($17.25 in chips) 
Seat 7: GTA 20 ($22.45 in chips) 
Seat 8: mcdougal2 ($22.45 in chips) 
Seat 9: wezvidzz ($11.65 in chips) 
Alameda22: posts small blind $0.10
Skudero: posts big blind $0.25
*** HOLE CARDS ***
Dealt to Alameda22 [Ks 6s]
nuggs123: calls $0.25
phrogman123: folds 
HMEBLDR: calls $0.25
GTA 20: calls $0.25
mcdougal2: calls $0.25
wezvidzz: raises $1 to $1.25
R1aki: folds 
Alameda22: folds 
Skudero: folds 
nuggs123: calls $1
HMEBLDR: folds 
GTA 20: calls $1
mcdougal2: calls $1
*** FLOP *** [6h Qh 9h]
nuggs123: checks 
GTA 20: checks 
mcdougal2: checks 
wezvidzz: checks 
*** TURN *** [6h Qh 9h] [Js]
nuggs123: checks 
GTA 20: bets $1.25
mcdougal2: folds 
wezvidzz: raises $2.50 to $3.75
nuggs123: folds 
GTA 20: calls $2.50
*** RIVER *** [6h Qh 9h Js] [6c]
GTA 20: checks 
wezvidzz: bets $3.75
GTA 20: folds 
Uncalled bet ($3.75) returned to wezvidzz
wezvidzz collected $12.50 from pot
wezvidzz: doesn't show hand 
R1aki leaves the table
*** SUMMARY ***
Total pot $13.10 | Rake $0.60 
Board [6h Qh 9h Js 6c]
Seat 1: R1aki (button) folded before Flop (didn't bet)
Seat 2: Alameda22 (small blind) folded before Flop
Seat 3: Skudero (big blind) folded before Flop
Seat 4: nuggs123 folded on the Turn
Seat 5: phrogman123 folded before Flop (didn't bet)
Seat 6: HMEBLDR folded before Flop
Seat 7: GTA 20 folded on the River
Seat 8: mcdougal2 folded on the Turn
Seat 9: wezvidzz collected ($12.50)



PokerStars Game #19951595630:  Hold'em No Limit ($0.10/$0.25) - 2008/08/27 - 21:54:44 (ET)
Table 'Umbriel V' 9-max Seat #2 is the button
Seat 2: Alameda22 ($25.95 in chips) 
Seat 3: Skudero ($24.70 in chips) 
Seat 4: nuggs123 ($14.85 in chips) 
Seat 5: phrogman123 ($34.55 in chips) 
Seat 6: HMEBLDR ($17 in chips) 
Seat 7: GTA 20 ($17.45 in chips) 
Seat 8: mcdougal2 ($21.20 in chips) 
Seat 9: wezvidzz ($19.15 in chips) 
Skudero: posts small blind $0.10
nuggs123: posts big blind $0.25
*** HOLE CARDS ***
Dealt to Alameda22 [6d 4d]
phrogman123: folds 
HMEBLDR: calls $0.25
GTA 20: folds 
mcdougal2: folds 
wezvidzz: folds 
duffmanchile joins the table at seat #1 
Alameda22: folds 
Skudero: calls $0.15
nuggs123: checks 
*** FLOP *** [7d 5d 4c]
Skudero: bets $0.50
nuggs123: calls $0.50
HMEBLDR: calls $0.50
*** TURN *** [7d 5d 4c] [8d]
Skudero: checks 
nuggs123: bets $0.50
HMEBLDR: folds 
Skudero: calls $0.50
*** RIVER *** [7d 5d 4c 8d] [Jc]
Skudero: checks 
nuggs123: bets $1.50
Skudero: calls $1.50
*** SHOW DOWN ***
nuggs123: shows [Jd 9d] (a flush, Jack high)
Skudero: mucks hand 
nuggs123 collected $5.95 from pot
*** SUMMARY ***
Total pot $6.25 | Rake $0.30 
Board [7d 5d 4c 8d Jc]
Seat 2: Alameda22 (button) folded before Flop (didn't bet)
Seat 3: Skudero (small blind) mucked [6h 6s]
Seat 4: nuggs123 (big blind) showed [Jd 9d] and won ($5.95) with a flush, Jack high
Seat 5: phrogman123 folded before Flop (didn't bet)
Seat 6: HMEBLDR folded on the Turn
Seat 7: GTA 20 folded before Flop (didn't bet)
Seat 8: mcdougal2 folded before Flop (didn't bet)
Seat 9: wezvidzz folded before Flop (didn't bet)



PokerStars Game #19951616967:  Hold'em No Limit ($0.10/$0.25) - 2008/08/27 - 21:55:40 (ET)
Table 'Umbriel V' 9-max Seat #3 is the button
Seat 1: duffmanchile ($5 in chips) 
Seat 2: Alameda22 ($25.95 in chips) 
Seat 3: Skudero ($21.95 in chips) 
Seat 4: nuggs123 ($18.05 in chips) 
Seat 5: phrogman123 ($34.55 in chips) 
Seat 6: HMEBLDR ($16.25 in chips) 
Seat 7: GTA 20 ($17.45 in chips) 
Seat 8: mcdougal2 ($21.20 in chips) 
Seat 9: wezvidzz ($19.15 in chips) 
nuggs123: posts small blind $0.10
phrogman123: posts big blind $0.25
duffmanchile: posts big blind $0.25
*** HOLE CARDS ***
Dealt to Alameda22 [5s Ts]
HMEBLDR: calls $0.25
GTA 20: folds 
mcdougal2: folds 
wezvidzz: calls $0.25
duffmanchile: checks 
Alameda22: folds 
Skudero: folds 
nuggs123: calls $0.15
phrogman123: checks 
*** FLOP *** [2s Kc 9s]
nuggs123: checks 
phrogman123: checks 
HMEBLDR: checks 
wezvidzz: bets $0.50
duffmanchile: folds 
nuggs123: folds 
phrogman123: folds 
HMEBLDR: folds 
Uncalled bet ($0.50) returned to wezvidzz
wezvidzz collected $1.20 from pot
wezvidzz: doesn't show hand 
*** SUMMARY ***
Total pot $1.25 | Rake $0.05 
Board [2s Kc 9s]
Seat 1: duffmanchile folded on the Flop
Seat 2: Alameda22 folded before Flop (didn't bet)
Seat 3: Skudero (button) folded before Flop (didn't bet)
Seat 4: nuggs123 (small blind) folded on the Flop
Seat 5: phrogman123 (big blind) folded on the Flop
Seat 6: HMEBLDR folded on the Flop
Seat 7: GTA 20 folded before Flop (didn't bet)
Seat 8: mcdougal2 folded before Flop (didn't bet)
Seat 9: wezvidzz collected ($1.20)



PokerStars Game #19951645395:  Hold'em No Limit ($0.10/$0.25) - 2008/08/27 - 21:56:54 (ET)
Table 'Umbriel V' 9-max Seat #4 is the button
Seat 1: duffmanchile ($4.75 in chips) 
Seat 2: Alameda22 ($25.95 in chips) 
Seat 3: Skudero ($21.95 in chips) 
Seat 4: nuggs123 ($17.80 in chips) 
Seat 5: phrogman123 ($34.30 in chips) 
Seat 6: HMEBLDR ($16 in chips) 
Seat 7: GTA 20 ($17.45 in chips) 
Seat 8: mcdougal2 ($21.20 in chips) 
Seat 9: wezvidzz ($20.10 in chips) 
phrogman123: posts small blind $0.10
HMEBLDR: posts big blind $0.25
*** HOLE CARDS ***
Dealt to Alameda22 [9h 2s]
GTA 20: folds 
mcdougal2: calls $0.25
wezvidzz: folds 
duffmanchile: folds 
Alameda22: folds 
Skudero: folds 
nuggs123: calls $0.25
phrogman123: calls $0.15
HMEBLDR: checks 
*** FLOP *** [Jc Jd Ad]
phrogman123: checks 
HMEBLDR: checks 
mcdougal2: checks 
nuggs123: checks 
*** TURN *** [Jc Jd Ad] [Kc]
phrogman123: checks 
HMEBLDR: checks 
mcdougal2: checks 
nuggs123: checks 
*** RIVER *** [Jc Jd Ad Kc] [3d]
phrogman123: checks 
HMEBLDR: bets $0.25
mcdougal2: raises $0.75 to $1
nuggs123: folds 
phrogman123: folds 
HMEBLDR: folds 
Uncalled bet ($0.75) returned to mcdougal2
mcdougal2 collected $1.45 from pot
mcdougal2: doesn't show hand 
*** SUMMARY ***
Total pot $1.50 | Rake $0.05 
Board [Jc Jd Ad Kc 3d]
Seat 1: duffmanchile folded before Flop (didn't bet)
Seat 2: Alameda22 folded before Flop (didn't bet)
Seat 3: Skudero folded before Flop (didn't bet)
Seat 4: nuggs123 (button) folded on the River
Seat 5: phrogman123 (small blind) folded on the River
Seat 6: HMEBLDR (big blind) folded on the River
Seat 7: GTA 20 folded before Flop (didn't bet)
Seat 8: mcdougal2 collected ($1.45)
Seat 9: wezvidzz folded before Flop (didn't bet)



PokerStars Game #19951686357:  Hold'em No Limit ($0.10/$0.25) - 2008/08/27 - 21:58:42 (ET)
Table 'Umbriel V' 9-max Seat #5 is the button
Seat 1: duffmanchile ($4.75 in chips) 
Seat 2: Alameda22 ($25.95 in chips) 
Seat 3: Skudero ($21.95 in chips) 
Seat 4: nuggs123 ($17.55 in chips) 
Seat 5: phrogman123 ($34.05 in chips) 
Seat 6: HMEBLDR ($15.50 in chips) 
Seat 7: GTA 20 ($17.45 in chips) 
Seat 8: mcdougal2 ($22.15 in chips) 
Seat 9: wezvidzz ($20.10 in chips) 
HMEBLDR: posts small blind $0.10
GTA 20: posts big blind $0.25
*** HOLE CARDS ***
Dealt to Alameda22 [2d Js]
mcdougal2: calls $0.25
wezvidzz: folds 
duffmanchile: folds 
Alameda22: folds 
Skudero: folds 
nuggs123: folds 
phrogman123: folds 
HMEBLDR: calls $0.15
GTA 20: checks 
*** FLOP *** [6d 2h 8s]
HMEBLDR: bets $0.25
GTA 20: calls $0.25
mcdougal2: folds 
*** TURN *** [6d 2h 8s] [Tc]
HMEBLDR: bets $0.50
GTA 20: calls $0.50
*** RIVER *** [6d 2h 8s Tc] [Ad]
HMEBLDR: checks 
GTA 20: bets $0.75
HMEBLDR: raises $0.75 to $1.50
GTA 20: folds 
Uncalled bet ($0.75) returned to HMEBLDR
HMEBLDR collected $3.60 from pot
HMEBLDR: shows [7s Kd] (high card Ace)
*** SUMMARY ***
Total pot $3.75 | Rake $0.15 
Board [6d 2h 8s Tc Ad]
Seat 1: duffmanchile folded before Flop (didn't bet)
Seat 2: Alameda22 folded before Flop (didn't bet)
Seat 3: Skudero folded before Flop (didn't bet)
Seat 4: nuggs123 folded before Flop (didn't bet)
Seat 5: phrogman123 (button) folded before Flop (didn't bet)
Seat 6: HMEBLDR (small blind) collected ($3.60)
Seat 7: GTA 20 (big blind) folded on the River
Seat 8: mcdougal2 folded on the Flop
Seat 9: wezvidzz folded before Flop (didn't bet)



PokerStars Game #19951717341:  Hold'em No Limit ($0.10/$0.25) - 2008/08/27 - 22:00:01 (ET)
Table 'Umbriel V' 9-max Seat #6 is the button
Seat 1: duffmanchile ($4.75 in chips) 
Seat 2: Alameda22 ($25.95 in chips) 
Seat 3: Skudero ($21.95 in chips) 
Seat 4: nuggs123 ($17.55 in chips) 
Seat 5: phrogman123 ($34.05 in chips) 
Seat 6: HMEBLDR ($17.35 in chips) 
Seat 7: GTA 20 ($15.70 in chips) 
Seat 8: mcdougal2 ($25 in chips) 
Seat 9: wezvidzz ($20.10 in chips) 
GTA 20: posts small blind $0.10
mcdougal2: posts big blind $0.25
*** HOLE CARDS ***
Dealt to Alameda22 [Ad 4d]
wezvidzz: folds 
duffmanchile: folds 
GTA 20 said, "you had me beat but good read"
Alameda22: folds 
Skudero: folds 
nuggs123: calls $0.25
GTA 20 said, "or make that good guess"
phrogman123: folds 
HMEBLDR: calls $0.25
GTA 20: folds 
HMEBLDR said, "gg but tks"
mcdougal2: checks 
*** FLOP *** [2d 9d Ks]
mcdougal2: checks 
nuggs123: checks 
HMEBLDR: checks 
*** TURN *** [2d 9d Ks] [2c]
mcdougal2: checks 
nuggs123: checks 
HMEBLDR: checks 
*** RIVER *** [2d 9d Ks 2c] [8c]
mcdougal2: checks 
nuggs123: bets $0.25
HMEBLDR: calls $0.25
mcdougal2: folds 
*** SHOW DOWN ***
nuggs123: shows [7d 8d] (two pair, Eights and Deuces)
HMEBLDR: mucks hand 
nuggs123 collected $1.30 from pot
*** SUMMARY ***
Total pot $1.35 | Rake $0.05 
Board [2d 9d Ks 2c 8c]
Seat 1: duffmanchile folded before Flop (didn't bet)
Seat 2: Alameda22 folded before Flop (didn't bet)
Seat 3: Skudero folded before Flop (didn't bet)
Seat 4: nuggs123 showed [7d 8d] and won ($1.30) with two pair, Eights and Deuces
Seat 5: phrogman123 folded before Flop (didn't bet)
Seat 6: HMEBLDR (button) mucked [7h Ah]
Seat 7: GTA 20 (small blind) folded before Flop
Seat 8: mcdougal2 (big blind) folded on the River
Seat 9: wezvidzz folded before Flop (didn't bet)



PokerStars Game #19951751818:  Hold'em No Limit ($0.10/$0.25) - 2008/08/27 - 22:01:32 (ET)
Table 'Umbriel V' 9-max Seat #7 is the button
Seat 1: duffmanchile ($4.75 in chips) 
Seat 2: Alameda22 ($25.95 in chips) 
Seat 3: Skudero ($21.95 in chips) 
Seat 4: nuggs123 ($18.35 in chips) 
Seat 5: phrogman123 ($34.05 in chips) 
Seat 6: HMEBLDR ($16.85 in chips) 
Seat 7: GTA 20 ($15.60 in chips) 
Seat 8: mcdougal2 ($24.75 in chips) 
Seat 9: wezvidzz ($20.10 in chips) 
mcdougal2: posts small blind $0.10
wezvidzz: posts big blind $0.25
*** HOLE CARDS ***
Dealt to Alameda22 [Td 7s]
duffmanchile: folds 
Alameda22: folds 
Skudero: folds 
nuggs123: calls $0.25
phrogman123: folds 
HMEBLDR: calls $0.25
GTA 20: calls $0.25
mcdougal2: raises $1.75 to $2
wezvidzz: folds 
nuggs123: folds 
HMEBLDR: folds 
GTA 20: folds 
Uncalled bet ($1.75) returned to mcdougal2
mcdougal2 collected $1.25 from pot
mcdougal2: doesn't show hand 
*** SUMMARY ***
Total pot $1.25 | Rake $0 
Seat 1: duffmanchile folded before Flop (didn't bet)
Seat 2: Alameda22 folded before Flop (didn't bet)
Seat 3: Skudero folded before Flop (didn't bet)
Seat 4: nuggs123 folded before Flop
Seat 5: phrogman123 folded before Flop (didn't bet)
Seat 6: HMEBLDR folded before Flop
Seat 7: GTA 20 (button) folded before Flop
Seat 8: mcdougal2 (small blind) collected ($1.25)
Seat 9: wezvidzz (big blind) folded before Flop



PokerStars Game #19951771130:  Hold'em No Limit ($0.10/$0.25) - 2008/08/27 - 22:02:24 (ET)
Table 'Umbriel V' 9-max Seat #8 is the button
Seat 1: duffmanchile ($4.75 in chips) 
Seat 2: Alameda22 ($25.95 in chips) 
Seat 3: Skudero ($21.95 in chips) 
Seat 4: nuggs123 ($18.10 in chips) 
Seat 5: phrogman123 ($34.05 in chips) 
Seat 6: HMEBLDR ($16.60 in chips) 
Seat 7: GTA 20 ($15.35 in chips) 
Seat 8: mcdougal2 ($25.75 in chips) 
Seat 9: wezvidzz ($19.85 in chips) 
wezvidzz: posts small blind $0.10
duffmanchile: posts big blind $0.25
*** HOLE CARDS ***
Dealt to Alameda22 [Kh Qc]
Alameda22: folds 
Skudero: folds 
nuggs123: calls $0.25
phrogman123: folds 
HMEBLDR: folds 
GTA 20: folds 
mcdougal2: calls $0.25
wezvidzz: folds 
duffmanchile: checks 
*** FLOP *** [5d 3c Th]
duffmanchile: checks 
nuggs123: checks 
mcdougal2: checks 
*** TURN *** [5d 3c Th] [7h]
duffmanchile: checks 
nuggs123: checks 
mcdougal2: checks 
*** RIVER *** [5d 3c Th 7h] [9s]
duffmanchile: checks 
nuggs123: bets $0.25
mcdougal2: calls $0.25
duffmanchile: raises $1 to $1.25
nuggs123: folds 
mcdougal2: folds 
Uncalled bet ($1) returned to duffmanchile
duffmanchile collected $1.55 from pot
duffmanchile: doesn't show hand 
*** SUMMARY ***
Total pot $1.60 | Rake $0.05 
Board [5d 3c Th 7h 9s]
Seat 1: duffmanchile (big blind) collected ($1.55)
Seat 2: Alameda22 folded before Flop (didn't bet)
Seat 3: Skudero folded before Flop (didn't bet)
Seat 4: nuggs123 folded on the River
Seat 5: phrogman123 folded before Flop (didn't bet)
Seat 6: HMEBLDR folded before Flop (didn't bet)
Seat 7: GTA 20 folded before Flop (didn't bet)
Seat 8: mcdougal2 (button) folded on the River
Seat 9: wezvidzz (small blind) folded before Flop



PokerStars Game #19951804747:  Hold'em No Limit ($0.10/$0.25) - 2008/08/27 - 22:03:53 (ET)
Table 'Umbriel V' 9-max Seat #9 is the button
Seat 1: duffmanchile ($5.80 in chips) 
Seat 2: Alameda22 ($25.95 in chips) 
Seat 3: Skudero ($21.95 in chips) 
Seat 4: nuggs123 ($17.60 in chips) 
Seat 5: phrogman123 ($34.05 in chips) 
Seat 6: HMEBLDR ($16.60 in chips) 
Seat 7: GTA 20 ($15.35 in chips) 
Seat 8: mcdougal2 ($25.25 in chips) 
Seat 9: wezvidzz ($19.75 in chips) 
duffmanchile: posts small blind $0.10
Alameda22: posts big blind $0.25
*** HOLE CARDS ***
Dealt to Alameda22 [8s 2s]
Skudero: folds 
nuggs123: calls $0.25
phrogman123: folds 
HMEBLDR: folds 
GTA 20: calls $0.25
mcdougal2: folds 
wezvidzz: calls $0.25
duffmanchile: folds 
Alameda22: checks 
*** FLOP *** [Kd 3d 7s]
Alameda22: checks 
nuggs123: checks 
GTA 20: checks 
wezvidzz: checks 
*** TURN *** [Kd 3d 7s] [7d]
Alameda22: checks 
nuggs123: checks 
GTA 20: bets $0.50
wezvidzz: folds 
Alameda22: folds 
nuggs123: folds 
Uncalled bet ($0.50) returned to GTA 20
GTA 20 collected $1.05 from pot
GTA 20: doesn't show hand 
*** SUMMARY ***
Total pot $1.10 | Rake $0.05 
Board [Kd 3d 7s 7d]
Seat 1: duffmanchile (small blind) folded before Flop
Seat 2: Alameda22 (big blind) folded on the Turn
Seat 3: Skudero folded before Flop (didn't bet)
Seat 4: nuggs123 folded on the Turn
Seat 5: phrogman123 folded before Flop (didn't bet)
Seat 6: HMEBLDR folded before Flop (didn't bet)
Seat 7: GTA 20 collected ($1.05)
Seat 8: mcdougal2 folded before Flop (didn't bet)
Seat 9: wezvidzz (button) folded on the Turn



PokerStars Game #19951838723:  Hold'em No Limit ($0.10/$0.25) - 2008/08/27 - 22:05:23 (ET)
Table 'Umbriel V' 9-max Seat #1 is the button
Seat 1: duffmanchile ($5.70 in chips) 
Seat 2: Alameda22 ($25.70 in chips) 
Seat 3: Skudero ($21.95 in chips) 
Seat 4: nuggs123 ($17.35 in chips) 
Seat 5: phrogman123 ($34.05 in chips) 
Seat 6: HMEBLDR ($16.60 in chips) 
Seat 7: GTA 20 ($16.15 in chips) 
Seat 8: mcdougal2 ($25.25 in chips) 
Seat 9: wezvidzz ($19.50 in chips) 
Alameda22: posts small blind $0.10
Skudero: posts big blind $0.25
*** HOLE CARDS ***
Dealt to Alameda22 [Js 7c]
nuggs123: folds 
phrogman123: folds 
HMEBLDR: folds 
GTA 20: folds 
mcdougal2: folds 
wezvidzz: folds 
duffmanchile: folds 
Alameda22: folds 
Uncalled bet ($0.15) returned to Skudero
Skudero collected $0.20 from pot
Skudero: doesn't show hand 
*** SUMMARY ***
Total pot $0.20 | Rake $0 
Seat 1: duffmanchile (button) folded before Flop (didn't bet)
Seat 2: Alameda22 (small blind) folded before Flop
Seat 3: Skudero (big blind) collected ($0.20)
Seat 4: nuggs123 folded before Flop (didn't bet)
Seat 5: phrogman123 folded before Flop (didn't bet)
Seat 6: HMEBLDR folded before Flop (didn't bet)
Seat 7: GTA 20 folded before Flop (didn't bet)
Seat 8: mcdougal2 folded before Flop (didn't bet)
Seat 9: wezvidzz folded before Flop (didn't bet)



PokerStars Game #19951859040:  Hold'em No Limit ($0.10/$0.25) - 2008/08/27 - 22:06:17 (ET)
Table 'Umbriel V' 9-max Seat #2 is the button
Seat 1: duffmanchile ($5.70 in chips) 
Seat 2: Alameda22 ($25.60 in chips) 
Seat 3: Skudero ($22.05 in chips) 
Seat 4: nuggs123 ($17.35 in chips) 
Seat 5: phrogman123 ($34.05 in chips) 
Seat 6: HMEBLDR ($16.60 in chips) 
Seat 7: GTA 20 ($16.15 in chips) 
Seat 8: mcdougal2 ($25.25 in chips) 
Seat 9: wezvidzz ($19.50 in chips) 
Skudero: posts small blind $0.10
nuggs123: posts big blind $0.25
*** HOLE CARDS ***
Dealt to Alameda22 [Jc Ts]
phrogman123: folds 
HMEBLDR: calls $0.25
GTA 20: folds 
GTA 20 leaves the table
mcdougal2: raises $0.75 to $1
wezvidzz: folds 
duffmanchile: folds 
Alameda22: folds 
Skudero: folds 
nuggs123: calls $0.75
HMEBLDR: calls $0.75
*** FLOP *** [Js 3d 7d]
nuggs123: bets $0.75
HMEBLDR: calls $0.75
mcdougal2: folds 
*** TURN *** [Js 3d 7d] [9s]
nuggs123: checks 
HMEBLDR: bets $2.50
nuggs123: calls $2.50
*** RIVER *** [Js 3d 7d 9s] [7s]
nuggs123: checks 
HMEBLDR: checks 
*** SHOW DOWN ***
nuggs123: shows [Jh Ah] (two pair, Jacks and Sevens)
HMEBLDR: shows [Tc 8c] (a straight, Seven to Jack)
HMEBLDR collected $9.15 from pot
*** SUMMARY ***
Total pot $9.60 | Rake $0.45 
Board [Js 3d 7d 9s 7s]
Seat 1: duffmanchile folded before Flop (didn't bet)
Seat 2: Alameda22 (button) folded before Flop (didn't bet)
Seat 3: Skudero (small blind) folded before Flop
Seat 4: nuggs123 (big blind) showed [Jh Ah] and lost with two pair, Jacks and Sevens
Seat 5: phrogman123 folded before Flop (didn't bet)
Seat 6: HMEBLDR showed [Tc 8c] and won ($9.15) with a straight, Seven to Jack
Seat 7: GTA 20 folded before Flop (didn't bet)
Seat 8: mcdougal2 folded on the Flop
Seat 9: wezvidzz folded before Flop (didn't bet)



PokerStars Game #19951894782:  Hold'em No Limit ($0.10/$0.25) - 2008/08/27 - 22:07:52 (ET)
Table 'Umbriel V' 9-max Seat #3 is the button
Seat 1: duffmanchile ($5.70 in chips) 
Seat 2: Alameda22 ($25.60 in chips) 
Seat 3: Skudero ($21.95 in chips) 
Seat 4: nuggs123 ($13.10 in chips) 
Seat 5: phrogman123 ($34.05 in chips) 
Seat 6: HMEBLDR ($21.50 in chips) 
Seat 8: mcdougal2 ($24.25 in chips) 
Seat 9: wezvidzz ($19.50 in chips) 
nuggs123: posts small blind $0.10
phrogman123: posts big blind $0.25
*** HOLE CARDS ***
Dealt to Alameda22 [Td 4c]
HMEBLDR: calls $0.25
mcdougal2: calls $0.25
wezvidzz: folds 
duffmanchile: folds 
EnjoyLife73 joins the table at seat #7 
Alameda22: folds 
Skudero: folds 
nuggs123: calls $0.15
phrogman123: raises $0.75 to $1
HMEBLDR: folds 
mcdougal2: folds 
nuggs123: calls $0.75
*** FLOP *** [6h 7d 3h]
nuggs123: checks 
phrogman123: bets $1.50
nuggs123: folds 
Uncalled bet ($1.50) returned to phrogman123
phrogman123 collected $2.40 from pot
*** SUMMARY ***
Total pot $2.50 | Rake $0.10 
Board [6h 7d 3h]
Seat 1: duffmanchile folded before Flop (didn't bet)
Seat 2: Alameda22 folded before Flop (didn't bet)
Seat 3: Skudero (button) folded before Flop (didn't bet)
Seat 4: nuggs123 (small blind) folded on the Flop
Seat 5: phrogman123 (big blind) collected ($2.40)
Seat 6: HMEBLDR folded before Flop
Seat 8: mcdougal2 folded before Flop
Seat 9: wezvidzz folded before Flop (didn't bet)



PokerStars Game #19951929239:  Hold'em No Limit ($0.10/$0.25) - 2008/08/27 - 22:09:23 (ET)
Table 'Umbriel V' 9-max Seat #4 is the button
Seat 1: duffmanchile ($5.70 in chips) 
Seat 2: Alameda22 ($25.60 in chips) 
Seat 3: Skudero ($21.95 in chips) 
Seat 4: nuggs123 ($12.10 in chips) 
Seat 5: phrogman123 ($35.45 in chips) 
Seat 6: HMEBLDR ($21.25 in chips) 
Seat 8: mcdougal2 ($24 in chips) 
Seat 9: wezvidzz ($19.50 in chips) 
phrogman123: posts small blind $0.10
HMEBLDR: posts big blind $0.25
EnjoyLife73: sits out 
*** HOLE CARDS ***
Dealt to Alameda22 [As 6h]
mcdougal2: folds 
wezvidzz: folds 
duffmanchile: folds 
Alameda22: folds 
Skudero: folds 
nuggs123: calls $0.25
phrogman123: calls $0.15
HMEBLDR: checks 
*** FLOP *** [3h 5h Qs]
phrogman123: checks 
HMEBLDR: bets $0.25
nuggs123: folds 
phrogman123 is disconnected 
phrogman123 is connected 
phrogman123: folds 
Uncalled bet ($0.25) returned to HMEBLDR
HMEBLDR collected $0.75 from pot
HMEBLDR: doesn't show hand 
*** SUMMARY ***
Total pot $0.75 | Rake $0 
Board [3h 5h Qs]
Seat 1: duffmanchile folded before Flop (didn't bet)
Seat 2: Alameda22 folded before Flop (didn't bet)
Seat 3: Skudero folded before Flop (didn't bet)
Seat 4: nuggs123 (button) folded on the Flop
Seat 5: phrogman123 (small blind) folded on the Flop
Seat 6: HMEBLDR (big blind) collected ($0.75)
Seat 8: mcdougal2 folded before Flop (didn't bet)
Seat 9: wezvidzz folded before Flop (didn't bet)



PokerStars Game #19951962956:  Hold'em No Limit ($0.10/$0.25) - 2008/08/27 - 22:10:52 (ET)
Table 'Umbriel V' 9-max Seat #5 is the button
Seat 1: duffmanchile ($5.70 in chips) 
Seat 2: Alameda22 ($25.60 in chips) 
Seat 3: Skudero ($21.95 in chips) 
Seat 4: nuggs123 ($11.85 in chips) 
Seat 5: phrogman123 ($35.20 in chips) 
Seat 6: HMEBLDR ($21.75 in chips) 
Seat 7: EnjoyLife73 ($25 in chips) 
Seat 8: mcdougal2 ($24 in chips) 
Seat 9: wezvidzz ($19.50 in chips) 
HMEBLDR: posts small blind $0.10
EnjoyLife73: posts big blind $0.25
*** HOLE CARDS ***
Dealt to Alameda22 [9h 2s]
mcdougal2: folds 
wezvidzz: raises $0.75 to $1
duffmanchile: folds 
Alameda22: folds 
Skudero: folds 
duffmanchile is sitting out
nuggs123: calls $1
phrogman123: folds 
HMEBLDR: folds 
EnjoyLife73: calls $0.75
*** FLOP *** [7d Ks 8h]
HMEBLDR leaves the table
EnjoyLife73: checks 
wezvidzz: checks 
nuggs123: bets $1.50
EnjoyLife73: folds 
wezvidzz: calls $1.50
*** TURN *** [7d Ks 8h] [5s]
wezvidzz: checks 
nuggs123: bets $2.50
wezvidzz: raises $2.50 to $5
nuggs123: raises $4.35 to $9.35 and is all-in
wezvidzz: calls $4.35
*** RIVER *** [7d Ks 8h 5s] [4d]
*** SHOW DOWN ***
wezvidzz: shows [Kc Kh] (three of a kind, Kings)
nuggs123: mucks hand 
wezvidzz collected $23.60 from pot
nuggs123 leaves the table
*** SUMMARY ***
Total pot $24.80 | Rake $1.20 
Board [7d Ks 8h 5s 4d]
Seat 1: duffmanchile folded before Flop (didn't bet)
Seat 2: Alameda22 folded before Flop (didn't bet)
Seat 3: Skudero folded before Flop (didn't bet)
Seat 4: nuggs123 mucked [7h 8c]
Seat 5: phrogman123 (button) folded before Flop (didn't bet)
Seat 6: HMEBLDR (small blind) folded before Flop
Seat 7: EnjoyLife73 (big blind) folded on the Flop
Seat 8: mcdougal2 folded before Flop (didn't bet)
Seat 9: wezvidzz showed [Kc Kh] and won ($23.60) with three of a kind, Kings



PokerStars Game #19951995882:  Hold'em No Limit ($0.10/$0.25) - 2008/08/27 - 22:12:19 (ET)
Table 'Umbriel V' 9-max Seat #7 is the button
Seat 2: Alameda22 ($25.60 in chips) 
Seat 3: Skudero ($21.95 in chips) 
Seat 5: phrogman123 ($35.20 in chips) 
Seat 7: EnjoyLife73 ($24 in chips) 
Seat 8: mcdougal2 ($24 in chips) 
duffmanchile leaves the table
mcdougal2: posts small blind $0.10
wezvidzz: is sitting out 
wezvidzz leaves the table
Alameda22: posts big blind $0.25
*** HOLE CARDS ***
Dealt to Alameda22 [Kc 3h]
Skudero: folds 
phrogman123: folds 
EnjoyLife73: raises $0.75 to $1
mcdougal2: folds 
Alameda22: folds 
Uncalled bet ($0.75) returned to EnjoyLife73
EnjoyLife73 collected $0.60 from pot
EnjoyLife73: doesn't show hand 
*** SUMMARY ***
Total pot $0.60 | Rake $0 
Seat 2: Alameda22 (big blind) folded before Flop
Seat 3: Skudero folded before Flop (didn't bet)
Seat 5: phrogman123 folded before Flop (didn't bet)
Seat 7: EnjoyLife73 (button) collected ($0.60)
Seat 8: mcdougal2 (small blind) folded before Flop



PokerStars Game #19952010508:  Hold'em No Limit ($0.10/$0.25) - 2008/08/27 - 22:12:58 (ET)
Table 'Umbriel V' 9-max Seat #8 is the button
Seat 2: Alameda22 ($25.35 in chips) 
Seat 5: phrogman123 ($35.20 in chips) 
Seat 7: EnjoyLife73 ($24.35 in chips) 
Seat 8: mcdougal2 ($23.90 in chips) 
Alameda22: posts small blind $0.10
Skudero: is sitting out 
phrogman123: posts big blind $0.25
*** HOLE CARDS ***
Dealt to Alameda22 [7h 3d]
EnjoyLife73: folds 
Skudero leaves the table
mcdougal2: folds 
Alameda22: folds 
Uncalled bet ($0.15) returned to phrogman123
phrogman123 collected $0.20 from pot
*** SUMMARY ***
Total pot $0.20 | Rake $0 
Seat 2: Alameda22 (small blind) folded before Flop
Seat 5: phrogman123 (big blind) collected ($0.20)
Seat 7: EnjoyLife73 folded before Flop (didn't bet)
Seat 8: mcdougal2 (button) folded before Flop (didn't bet)



