PokerStars Game #19577310929:  Hold'em No Limit ($0.10/$0.25) - 2008/08/13 - 00:00:55 (ET)
Table 'Stephania' 9-max Seat #2 is the button
Seat 1: yjqian23 ($26.05 in chips) 
Seat 2: pkr2k8 ($25.50 in chips) 
Seat 4: Alameda22 ($25.15 in chips) 
Seat 5: Spyder_gst ($14.25 in chips) 
Seat 6: Logasm ($8.35 in chips) 
Seat 8: wasserss ($4.75 in chips) 
Seat 9: BVB1909 ($14.65 in chips) 
Alameda22: posts small blind $0.10
Spyder_gst: posts big blind $0.25
virtua_fish: sits out 
*** HOLE CARDS ***
Dealt to Alameda22 [Qd Kd]
Logasm: folds 
wasserss: folds 
BVB1909: folds 
yjqian23: raises $0.25 to $0.50
pkr2k8: folds 
Alameda22: calls $0.40
Spyder_gst: folds 
*** FLOP *** [9d 4s 3s]
Alameda22: checks 
yjqian23: bets $2
Alameda22: folds 
Uncalled bet ($2) returned to yjqian23
yjqian23 collected $1.20 from pot
yjqian23: doesn't show hand 
*** SUMMARY ***
Total pot $1.25 | Rake $0.05 
Board [9d 4s 3s]
Seat 1: yjqian23 collected ($1.20)
Seat 2: pkr2k8 (button) folded before Flop (didn't bet)
Seat 4: Alameda22 (small blind) folded on the Flop
Seat 5: Spyder_gst (big blind) folded before Flop
Seat 6: Logasm folded before Flop (didn't bet)
Seat 8: wasserss folded before Flop (didn't bet)
Seat 9: BVB1909 folded before Flop (didn't bet)



PokerStars Game #19577333542:  Hold'em No Limit ($0.10/$0.25) - 2008/08/13 - 00:02:10 (ET)
Table 'Stephania' 9-max Seat #4 is the button
Seat 1: yjqian23 ($26.75 in chips) 
Seat 2: pkr2k8 ($25.50 in chips) 
Seat 4: Alameda22 ($24.65 in chips) 
Seat 5: Spyder_gst ($14 in chips) 
Seat 6: Logasm ($8.35 in chips) 
Seat 8: wasserss ($4.75 in chips) 
Seat 9: BVB1909 ($14.65 in chips) 
Spyder_gst: posts small blind $0.10
Logasm: posts big blind $0.25
virtua_fish: sits out 
*** HOLE CARDS ***
Dealt to Alameda22 [Kd 6s]
wasserss: folds 
BVB1909: folds 
yjqian23: folds 
pkr2k8: folds 
Alameda22: folds 
Spyder_gst: folds 
Uncalled bet ($0.15) returned to Logasm
Logasm collected $0.20 from pot
Logasm: doesn't show hand 
*** SUMMARY ***
Total pot $0.20 | Rake $0 
Seat 1: yjqian23 folded before Flop (didn't bet)
Seat 2: pkr2k8 folded before Flop (didn't bet)
Seat 4: Alameda22 (button) folded before Flop (didn't bet)
Seat 5: Spyder_gst (small blind) folded before Flop
Seat 6: Logasm (big blind) collected ($0.20)
Seat 8: wasserss folded before Flop (didn't bet)
Seat 9: BVB1909 folded before Flop (didn't bet)



PokerStars Game #19577347462:  Hold'em No Limit ($0.10/$0.25) - 2008/08/13 - 00:02:57 (ET)
Table 'Stephania' 9-max Seat #5 is the button
Seat 1: yjqian23 ($26.75 in chips) 
Seat 2: pkr2k8 ($25.50 in chips) 
Seat 4: Alameda22 ($24.65 in chips) 
Seat 5: Spyder_gst ($13.90 in chips) 
Seat 6: Logasm ($8.45 in chips) 
Seat 7: virtua_fish ($25 in chips) 
Seat 8: wasserss ($4.75 in chips) 
Seat 9: BVB1909 ($14.65 in chips) 
Logasm: posts small blind $0.10
virtua_fish: posts big blind $0.25
*** HOLE CARDS ***
Dealt to Alameda22 [9d 5s]
wasserss: folds 
BVB1909: folds 
yjqian23: folds 
pkr2k8: folds 
Alameda22: folds 
Spyder_gst: folds 
Logasm: folds 
Uncalled bet ($0.15) returned to virtua_fish
virtua_fish collected $0.20 from pot
virtua_fish: doesn't show hand 
*** SUMMARY ***
Total pot $0.20 | Rake $0 
Seat 1: yjqian23 folded before Flop (didn't bet)
Seat 2: pkr2k8 folded before Flop (didn't bet)
Seat 4: Alameda22 folded before Flop (didn't bet)
Seat 5: Spyder_gst (button) folded before Flop (didn't bet)
Seat 6: Logasm (small blind) folded before Flop
Seat 7: virtua_fish (big blind) collected ($0.20)
Seat 8: wasserss folded before Flop (didn't bet)
Seat 9: BVB1909 folded before Flop (didn't bet)



PokerStars Game #19577368812:  Hold'em No Limit ($0.10/$0.25) - 2008/08/13 - 00:04:08 (ET)
Table 'Stephania' 9-max Seat #6 is the button
Seat 1: yjqian23 ($26.75 in chips) 
Seat 2: pkr2k8 ($25.50 in chips) 
Seat 4: Alameda22 ($24.65 in chips) 
Seat 5: Spyder_gst ($13.90 in chips) 
Seat 6: Logasm ($8.35 in chips) 
Seat 7: virtua_fish ($25.10 in chips) 
Seat 8: wasserss ($4.75 in chips) 
Seat 9: BVB1909 ($14.65 in chips) 
virtua_fish: posts small blind $0.10
wasserss: posts big blind $0.25
*** HOLE CARDS ***
Dealt to Alameda22 [4s 6d]
BVB1909: raises $0.50 to $0.75
yjqian23: folds 
pkr2k8: folds 
Alameda22: folds 
Spyder_gst: folds 
Logasm: folds 
virtua_fish: folds 
wasserss: folds 
Uncalled bet ($0.50) returned to BVB1909
BVB1909 collected $0.60 from pot
phrogman123 has returned
BVB1909 leaves the table
*** SUMMARY ***
Total pot $0.60 | Rake $0 
Seat 1: yjqian23 folded before Flop (didn't bet)
Seat 2: pkr2k8 folded before Flop (didn't bet)
Seat 4: Alameda22 folded before Flop (didn't bet)
Seat 5: Spyder_gst folded before Flop (didn't bet)
Seat 6: Logasm (button) folded before Flop (didn't bet)
Seat 7: virtua_fish (small blind) folded before Flop
Seat 8: wasserss (big blind) folded before Flop
Seat 9: BVB1909 collected ($0.60)



PokerStars Game #19577378825:  Hold'em No Limit ($0.10/$0.25) - 2008/08/13 - 00:04:42 (ET)
Table 'Stephania' 9-max Seat #7 is the button
Seat 1: yjqian23 ($26.75 in chips) 
Seat 2: pkr2k8 ($25.50 in chips) 
Seat 3: phrogman123 ($16.15 in chips) 
Seat 4: Alameda22 ($24.65 in chips) 
Seat 5: Spyder_gst ($13.90 in chips) 
Seat 6: Logasm ($8.35 in chips) 
Seat 7: virtua_fish ($25 in chips) 
Seat 8: wasserss ($4.50 in chips) 
wasserss: posts small blind $0.10
yjqian23: posts big blind $0.25
phrogman123: posts small & big blinds $0.35
*** HOLE CARDS ***
Dealt to Alameda22 [Th 9h]
pkr2k8: calls $0.25
phrogman123: checks 
Alameda22: calls $0.25
Spyder_gst: folds 
Logasm: folds 
virtua_fish has timed out
virtua_fish: folds 
virtua_fish is sitting out
wasserss: calls $0.15
yjqian23: checks 
*** FLOP *** [8d 8c Ad]
virtua_fish has returned
wasserss: checks 
68 Cuda 340 joins the table at seat #9 
yjqian23: checks 
pkr2k8: checks 
phrogman123: checks 
Alameda22: checks 
*** TURN *** [8d 8c Ad] [7d]
wasserss: checks 
yjqian23: checks 
pkr2k8: checks 
phrogman123: checks 
Alameda22: checks 
*** RIVER *** [8d 8c Ad 7d] [Qs]
wasserss: checks 
yjqian23: folds 
pkr2k8: checks 
phrogman123: checks 
Alameda22: checks 
*** SHOW DOWN ***
wasserss: shows [6d 6h] (two pair, Eights and Sixes)
pkr2k8: mucks hand 
phrogman123: shows [Kd 7h] (two pair, Eights and Sevens)
Alameda22: mucks hand 
phrogman123 collected $1.30 from pot
*** SUMMARY ***
Total pot $1.35 | Rake $0.05 
Board [8d 8c Ad 7d Qs]
Seat 1: yjqian23 (big blind) folded on the River
Seat 2: pkr2k8 mucked [3d 3s]
Seat 3: phrogman123 showed [Kd 7h] and won ($1.30) with two pair, Eights and Sevens
Seat 4: Alameda22 mucked [Th 9h]
Seat 5: Spyder_gst folded before Flop (didn't bet)
Seat 6: Logasm folded before Flop (didn't bet)
Seat 7: virtua_fish (button) folded before Flop (didn't bet)
Seat 8: wasserss (small blind) showed [6d 6h] and lost with two pair, Eights and Sixes



PokerStars Game #19577431403:  Hold'em No Limit ($0.10/$0.25) - 2008/08/13 - 00:07:40 (ET)
Table 'Stephania' 9-max Seat #8 is the button
Seat 1: yjqian23 ($26.50 in chips) 
Seat 2: pkr2k8 ($25.25 in chips) 
Seat 3: phrogman123 ($17.10 in chips) 
Seat 4: Alameda22 ($24.40 in chips) 
Seat 5: Spyder_gst ($13.90 in chips) 
Seat 6: Logasm ($8.35 in chips) 
Seat 7: virtua_fish ($25 in chips) 
Seat 8: wasserss ($4.25 in chips) 
68 Cuda 340 will be allowed to play after the button
yjqian23: posts small blind $0.10
pkr2k8: posts big blind $0.25
*** HOLE CARDS ***
Dealt to Alameda22 [3s 9h]
phrogman123: folds 
Alameda22: folds 
Spyder_gst: calls $0.25
Logasm: folds 
virtua_fish: folds 
wasserss: folds 
yjqian23: folds 
pkr2k8: checks 
*** FLOP *** [6c 3c 9d]
pkr2k8: bets $0.50
Spyder_gst: folds 
Uncalled bet ($0.50) returned to pkr2k8
pkr2k8 collected $0.60 from pot
pkr2k8: doesn't show hand 
*** SUMMARY ***
Total pot $0.60 | Rake $0 
Board [6c 3c 9d]
Seat 1: yjqian23 (small blind) folded before Flop
Seat 2: pkr2k8 (big blind) collected ($0.60)
Seat 3: phrogman123 folded before Flop (didn't bet)
Seat 4: Alameda22 folded before Flop (didn't bet)
Seat 5: Spyder_gst folded on the Flop
Seat 6: Logasm folded before Flop (didn't bet)
Seat 7: virtua_fish folded before Flop (didn't bet)
Seat 8: wasserss (button) folded before Flop (didn't bet)



PokerStars Game #19577455333:  Hold'em No Limit ($0.10/$0.25) - 2008/08/13 - 00:09:02 (ET)
Table 'Stephania' 9-max Seat #1 is the button
Seat 1: yjqian23 ($26.40 in chips) 
Seat 2: pkr2k8 ($25.60 in chips) 
Seat 3: phrogman123 ($17.10 in chips) 
Seat 4: Alameda22 ($24.40 in chips) 
Seat 5: Spyder_gst ($13.65 in chips) 
Seat 6: Logasm ($8.35 in chips) 
Seat 7: virtua_fish ($25 in chips) 
Seat 8: wasserss ($4.25 in chips) 
Seat 9: 68 Cuda 340 ($15 in chips) 
pkr2k8: posts small blind $0.10
phrogman123: posts big blind $0.25
68 Cuda 340: posts big blind $0.25
*** HOLE CARDS ***
Dealt to Alameda22 [3d Ts]
Alameda22: folds 
Spyder_gst: folds 
Logasm: folds 
virtua_fish: folds 
wasserss: folds 
68 Cuda 340: raises $0.25 to $0.50
yjqian23: folds 
pkr2k8: folds 
phrogman123: folds 
Uncalled bet ($0.25) returned to 68 Cuda 340
68 Cuda 340 collected $0.60 from pot
68 Cuda 340: doesn't show hand 
*** SUMMARY ***
Total pot $0.60 | Rake $0 
Seat 1: yjqian23 (button) folded before Flop (didn't bet)
Seat 2: pkr2k8 (small blind) folded before Flop
Seat 3: phrogman123 (big blind) folded before Flop
Seat 4: Alameda22 folded before Flop (didn't bet)
Seat 5: Spyder_gst folded before Flop (didn't bet)
Seat 6: Logasm folded before Flop (didn't bet)
Seat 7: virtua_fish folded before Flop (didn't bet)
Seat 8: wasserss folded before Flop (didn't bet)
Seat 9: 68 Cuda 340 collected ($0.60)



PokerStars Game #19577469585:  Hold'em No Limit ($0.10/$0.25) - 2008/08/13 - 00:09:51 (ET)
Table 'Stephania' 9-max Seat #2 is the button
Seat 1: yjqian23 ($26.40 in chips) 
Seat 2: pkr2k8 ($25.50 in chips) 
Seat 3: phrogman123 ($16.85 in chips) 
Seat 4: Alameda22 ($24.40 in chips) 
Seat 5: Spyder_gst ($13.65 in chips) 
Seat 6: Logasm ($8.35 in chips) 
Seat 7: virtua_fish ($25 in chips) 
Seat 8: wasserss ($4.25 in chips) 
Seat 9: 68 Cuda 340 ($15.35 in chips) 
phrogman123: posts small blind $0.10
Alameda22: posts big blind $0.25
*** HOLE CARDS ***
Dealt to Alameda22 [6d 6s]
Spyder_gst: folds 
Logasm: folds 
virtua_fish: folds 
wasserss: folds 
68 Cuda 340: raises $0.25 to $0.50
yjqian23: folds 
pkr2k8: folds 
phrogman123: folds 
Alameda22: calls $0.25
*** FLOP *** [3c 6c 7s]
Alameda22: bets $0.50
68 Cuda 340: calls $0.50
*** TURN *** [3c 6c 7s] [9d]
Alameda22: bets $1.25
68 Cuda 340: calls $1.25
*** RIVER *** [3c 6c 7s 9d] [2c]
Alameda22: bets $3
68 Cuda 340: folds 
Uncalled bet ($3) returned to Alameda22
Alameda22 collected $4.40 from pot
Alameda22: doesn't show hand 
*** SUMMARY ***
Total pot $4.60 | Rake $0.20 
Board [3c 6c 7s 9d 2c]
Seat 1: yjqian23 folded before Flop (didn't bet)
Seat 2: pkr2k8 (button) folded before Flop (didn't bet)
Seat 3: phrogman123 (small blind) folded before Flop
Seat 4: Alameda22 (big blind) collected ($4.40)
Seat 5: Spyder_gst folded before Flop (didn't bet)
Seat 6: Logasm folded before Flop (didn't bet)
Seat 7: virtua_fish folded before Flop (didn't bet)
Seat 8: wasserss folded before Flop (didn't bet)
Seat 9: 68 Cuda 340 folded on the River



PokerStars Game #19577490983:  Hold'em No Limit ($0.10/$0.25) - 2008/08/13 - 00:11:06 (ET)
Table 'Stephania' 9-max Seat #3 is the button
Seat 1: yjqian23 ($26.40 in chips) 
Seat 2: pkr2k8 ($25.50 in chips) 
Seat 3: phrogman123 ($16.75 in chips) 
Seat 4: Alameda22 ($26.55 in chips) 
Seat 5: Spyder_gst ($13.65 in chips) 
Seat 6: Logasm ($8.35 in chips) 
Seat 7: virtua_fish ($25 in chips) 
Seat 8: wasserss ($4.25 in chips) 
Seat 9: 68 Cuda 340 ($13.10 in chips) 
Alameda22: posts small blind $0.10
Spyder_gst: posts big blind $0.25
*** HOLE CARDS ***
Dealt to Alameda22 [9c 4s]
Logasm: folds 
virtua_fish: folds 
wasserss: folds 
68 Cuda 340: raises $0.75 to $1
yjqian23: folds 
pkr2k8: folds 
phrogman123: folds 
Alameda22: folds 
Spyder_gst: folds 
Uncalled bet ($0.75) returned to 68 Cuda 340
68 Cuda 340 collected $0.60 from pot
68 Cuda 340: doesn't show hand 
*** SUMMARY ***
Total pot $0.60 | Rake $0 
Seat 1: yjqian23 folded before Flop (didn't bet)
Seat 2: pkr2k8 folded before Flop (didn't bet)
Seat 3: phrogman123 (button) folded before Flop (didn't bet)
Seat 4: Alameda22 (small blind) folded before Flop
Seat 5: Spyder_gst (big blind) folded before Flop
Seat 6: Logasm folded before Flop (didn't bet)
Seat 7: virtua_fish folded before Flop (didn't bet)
Seat 8: wasserss folded before Flop (didn't bet)
Seat 9: 68 Cuda 340 collected ($0.60)



PokerStars Game #19577503380:  Hold'em No Limit ($0.10/$0.25) - 2008/08/13 - 00:11:49 (ET)
Table 'Stephania' 9-max Seat #4 is the button
Seat 1: yjqian23 ($26.40 in chips) 
Seat 2: pkr2k8 ($25.50 in chips) 
Seat 3: phrogman123 ($16.75 in chips) 
Seat 4: Alameda22 ($26.45 in chips) 
Seat 5: Spyder_gst ($13.40 in chips) 
Seat 7: virtua_fish ($25 in chips) 
Seat 8: wasserss ($4.25 in chips) 
Seat 9: 68 Cuda 340 ($13.45 in chips) 
Spyder_gst: posts small blind $0.10
Logasm: is sitting out 
Logasm leaves the table
virtua_fish: posts big blind $0.25
*** HOLE CARDS ***
Dealt to Alameda22 [2d 8s]
wasserss: folds 
68 Cuda 340: raises $0.25 to $0.50
yjqian23: folds 
pkr2k8: folds 
phrogman123: folds 
Alameda22: folds 
Spyder_gst: folds 
virtua_fish: folds 
Uncalled bet ($0.25) returned to 68 Cuda 340
68 Cuda 340 collected $0.60 from pot
*** SUMMARY ***
Total pot $0.60 | Rake $0 
Seat 1: yjqian23 folded before Flop (didn't bet)
Seat 2: pkr2k8 folded before Flop (didn't bet)
Seat 3: phrogman123 folded before Flop (didn't bet)
Seat 4: Alameda22 (button) folded before Flop (didn't bet)
Seat 5: Spyder_gst (small blind) folded before Flop
Seat 7: virtua_fish (big blind) folded before Flop
Seat 8: wasserss folded before Flop (didn't bet)
Seat 9: 68 Cuda 340 collected ($0.60)



PokerStars Game #19577515455:  Hold'em No Limit ($0.10/$0.25) - 2008/08/13 - 00:12:31 (ET)
Table 'Stephania' 9-max Seat #5 is the button
Seat 1: yjqian23 ($26.40 in chips) 
Seat 2: pkr2k8 ($25.50 in chips) 
Seat 3: phrogman123 ($16.75 in chips) 
Seat 4: Alameda22 ($26.45 in chips) 
Seat 5: Spyder_gst ($13.30 in chips) 
Seat 7: virtua_fish ($24.75 in chips) 
Seat 8: wasserss ($4.25 in chips) 
Seat 9: 68 Cuda 340 ($13.80 in chips) 
virtua_fish: posts small blind $0.10
wasserss: posts big blind $0.25
*** HOLE CARDS ***
Dealt to Alameda22 [Kh 8h]
68 Cuda 340: folds 
yjqian23: folds 
pkr2k8: folds 
phrogman123: calls $0.25
Alameda22: folds 
Spyder_gst: folds 
virtua_fish: calls $0.15
gimmealldem$ joins the table at seat #6 
wasserss: checks 
*** FLOP *** [9c 6s 8d]
virtua_fish: bets $0.50
wasserss: folds 
phrogman123: calls $0.50
*** TURN *** [9c 6s 8d] [2c]
virtua_fish: bets $1
phrogman123: folds 
Uncalled bet ($1) returned to virtua_fish
virtua_fish collected $1.70 from pot
virtua_fish: doesn't show hand 
*** SUMMARY ***
Total pot $1.75 | Rake $0.05 
Board [9c 6s 8d 2c]
Seat 1: yjqian23 folded before Flop (didn't bet)
Seat 2: pkr2k8 folded before Flop (didn't bet)
Seat 3: phrogman123 folded on the Turn
Seat 4: Alameda22 folded before Flop (didn't bet)
Seat 5: Spyder_gst (button) folded before Flop (didn't bet)
Seat 7: virtua_fish (small blind) collected ($1.70)
Seat 8: wasserss (big blind) folded on the Flop
Seat 9: 68 Cuda 340 folded before Flop (didn't bet)



PokerStars Game #19577540887:  Hold'em No Limit ($0.10/$0.25) - 2008/08/13 - 00:14:00 (ET)
Table 'Stephania' 9-max Seat #7 is the button
Seat 1: yjqian23 ($26.40 in chips) 
Seat 2: pkr2k8 ($25.50 in chips) 
Seat 3: phrogman123 ($16 in chips) 
Seat 4: Alameda22 ($26.45 in chips) 
Seat 5: Spyder_gst ($13.30 in chips) 
Seat 6: gimmealldem$ ($15 in chips) 
Seat 7: virtua_fish ($25.70 in chips) 
Seat 8: wasserss ($4 in chips) 
Seat 9: 68 Cuda 340 ($13.80 in chips) 
wasserss: posts small blind $0.10
68 Cuda 340: posts big blind $0.25
gimmealldem$: posts big blind $0.25
*** HOLE CARDS ***
Dealt to Alameda22 [Ks 8s]
yjqian23: folds 
pkr2k8: folds 
phrogman123: calls $0.25
Alameda22: folds 
Spyder_gst: calls $0.25
gimmealldem$: raises $2 to $2.25
virtua_fish has timed out
virtua_fish: folds 
virtua_fish is sitting out
virtua_fish has returned
wasserss: folds 
68 Cuda 340: folds 
phrogman123: folds 
Spyder_gst: folds 
Uncalled bet ($2) returned to gimmealldem$
gimmealldem$ collected $1.10 from pot
gimmealldem$: doesn't show hand 
*** SUMMARY ***
Total pot $1.10 | Rake $0 
Seat 1: yjqian23 folded before Flop (didn't bet)
Seat 2: pkr2k8 folded before Flop (didn't bet)
Seat 3: phrogman123 folded before Flop
Seat 4: Alameda22 folded before Flop (didn't bet)
Seat 5: Spyder_gst folded before Flop
Seat 6: gimmealldem$ collected ($1.10)
Seat 7: virtua_fish (button) folded before Flop (didn't bet)
Seat 8: wasserss (small blind) folded before Flop
Seat 9: 68 Cuda 340 (big blind) folded before Flop



PokerStars Game #19577563597:  Hold'em No Limit ($0.10/$0.25) - 2008/08/13 - 00:15:20 (ET)
Table 'Stephania' 9-max Seat #8 is the button
Seat 2: pkr2k8 ($25.50 in chips) 
Seat 3: phrogman123 ($15.75 in chips) 
Seat 4: Alameda22 ($26.45 in chips) 
Seat 5: Spyder_gst ($13.05 in chips) 
Seat 6: gimmealldem$ ($15.85 in chips) 
Seat 7: virtua_fish ($25.70 in chips) 
Seat 8: wasserss ($3.90 in chips) 
Seat 9: 68 Cuda 340 ($13.55 in chips) 
68 Cuda 340: posts small blind $0.10
yjqian23: is sitting out 
yjqian23 leaves the table
pkr2k8: posts big blind $0.25
*** HOLE CARDS ***
Dealt to Alameda22 [8h 8d]
phrogman123: folds 
Alameda22: folds 
Spyder_gst: folds 
gimmealldem$: folds 
virtua_fish: folds 
wasserss: folds 
Spyder_gst is sitting out
68 Cuda 340: raises $0.25 to $0.50
pkr2k8: folds 
Uncalled bet ($0.25) returned to 68 Cuda 340
68 Cuda 340 collected $0.50 from pot
*** SUMMARY ***
Total pot $0.50 | Rake $0 
Seat 2: pkr2k8 (big blind) folded before Flop
Seat 3: phrogman123 folded before Flop (didn't bet)
Seat 4: Alameda22 folded before Flop (didn't bet)
Seat 5: Spyder_gst folded before Flop (didn't bet)
Seat 6: gimmealldem$ folded before Flop (didn't bet)
Seat 7: virtua_fish folded before Flop (didn't bet)
Seat 8: wasserss (button) folded before Flop (didn't bet)
Seat 9: 68 Cuda 340 (small blind) collected ($0.50)



PokerStars Game #19577587945:  Hold'em No Limit ($0.10/$0.25) - 2008/08/13 - 00:16:47 (ET)
Table 'Stephania' 9-max Seat #9 is the button
Seat 2: pkr2k8 ($25.25 in chips) 
Seat 3: phrogman123 ($15.75 in chips) 
Seat 4: Alameda22 ($26.45 in chips) 
Seat 6: gimmealldem$ ($15.85 in chips) 
Seat 7: virtua_fish ($25.70 in chips) 
Seat 8: wasserss ($3.90 in chips) 
Seat 9: 68 Cuda 340 ($13.80 in chips) 
pkr2k8: posts small blind $0.10
phrogman123: posts big blind $0.25
*** HOLE CARDS ***
Dealt to Alameda22 [2h 5d]
Alameda22: folds 
gimmealldem$: calls $0.25
virtua_fish: folds 
wasserss: folds 
68 Cuda 340: folds 
pkr2k8 has timed out
pkr2k8: folds 
pkr2k8 is sitting out
phrogman123: checks 
*** FLOP *** [8c Jd 7s]
Spyder_gst has returned
phrogman123: checks 
gimmealldem$: bets $0.75
pkr2k8 has returned
phrogman123: calls $0.75
*** TURN *** [8c Jd 7s] [As]
phrogman123: checks 
gimmealldem$: checks 
*** RIVER *** [8c Jd 7s As] [3d]
phrogman123: checks 
gimmealldem$: checks 
*** SHOW DOWN ***
phrogman123: shows [8d Ts] (a pair of Eights)
gimmealldem$: shows [Jh Kh] (a pair of Jacks)
gimmealldem$ collected $2 from pot
*** SUMMARY ***
Total pot $2.10 | Rake $0.10 
Board [8c Jd 7s As 3d]
Seat 2: pkr2k8 (small blind) folded before Flop
Seat 3: phrogman123 (big blind) showed [8d Ts] and lost with a pair of Eights
Seat 4: Alameda22 folded before Flop (didn't bet)
Seat 6: gimmealldem$ showed [Jh Kh] and won ($2) with a pair of Jacks
Seat 7: virtua_fish folded before Flop (didn't bet)
Seat 8: wasserss folded before Flop (didn't bet)
Seat 9: 68 Cuda 340 (button) folded before Flop (didn't bet)



PokerStars Game #19577614948:  Hold'em No Limit ($0.10/$0.25) - 2008/08/13 - 00:18:24 (ET)
Table 'Stephania' 9-max Seat #2 is the button
Seat 2: pkr2k8 ($25.15 in chips) 
Seat 3: phrogman123 ($14.75 in chips) 
Seat 4: Alameda22 ($26.45 in chips) 
Seat 5: Spyder_gst ($13.05 in chips) 
Seat 6: gimmealldem$ ($16.85 in chips) 
Seat 7: virtua_fish ($25.70 in chips) 
Seat 8: wasserss ($3.90 in chips) 
Seat 9: 68 Cuda 340 ($13.80 in chips) 
phrogman123: posts small blind $0.10
Alameda22: posts big blind $0.25
*** HOLE CARDS ***
Dealt to Alameda22 [Kh Ks]
Spyder_gst: folds 
gimmealldem$: calls $0.25
virtua_fish: folds 
wasserss: folds 
68 Cuda 340: folds 
pkr2k8 has timed out
pkr2k8: folds 
pkr2k8 is sitting out
phrogman123: calls $0.15
pkr2k8 has returned
Alameda22: raises $0.75 to $1
68 Cuda 340 leaves the table
gimmealldem$: calls $0.75
phrogman123: folds 
*** FLOP *** [Qh Td 5h]
Alameda22: bets $1.50
gimmealldem$: folds 
Uncalled bet ($1.50) returned to Alameda22
Alameda22 collected $2.15 from pot
Alameda22: doesn't show hand 
*** SUMMARY ***
Total pot $2.25 | Rake $0.10 
Board [Qh Td 5h]
Seat 2: pkr2k8 (button) folded before Flop (didn't bet)
Seat 3: phrogman123 (small blind) folded before Flop
Seat 4: Alameda22 (big blind) collected ($2.15)
Seat 5: Spyder_gst folded before Flop (didn't bet)
Seat 6: gimmealldem$ folded on the Flop
Seat 7: virtua_fish folded before Flop (didn't bet)
Seat 8: wasserss folded before Flop (didn't bet)
Seat 9: 68 Cuda 340 folded before Flop (didn't bet)



PokerStars Game #19577638529:  Hold'em No Limit ($0.10/$0.25) - 2008/08/13 - 00:19:49 (ET)
Table 'Stephania' 9-max Seat #3 is the button
Seat 2: pkr2k8 ($25.15 in chips) 
Seat 3: phrogman123 ($14.50 in chips) 
Seat 4: Alameda22 ($27.60 in chips) 
Seat 5: Spyder_gst ($13.05 in chips) 
Seat 6: gimmealldem$ ($15.85 in chips) 
Seat 7: virtua_fish ($25.70 in chips) 
Seat 8: wasserss ($3.90 in chips) 
Alameda22: posts small blind $0.10
Spyder_gst: posts big blind $0.25
*** HOLE CARDS ***
Dealt to Alameda22 [8c 8d]
gimmealldem$: calls $0.25
virtua_fish: folds 
wasserss: folds 
pkr2k8: folds 
phrogman123: calls $0.25
Alameda22: calls $0.15
Spyder_gst: checks 
*** FLOP *** [7d 9d As]
Alameda22: checks 
waleyeslayer joins the table at seat #9 
Spyder_gst: checks 
gimmealldem$: bets $0.75
phrogman123 is disconnected 
phrogman123 is connected 
phrogman123: folds 
Alameda22: folds 
Spyder_gst: folds 
Uncalled bet ($0.75) returned to gimmealldem$
gimmealldem$ collected $0.95 from pot
gimmealldem$: doesn't show hand 
*** SUMMARY ***
Total pot $1 | Rake $0.05 
Board [7d 9d As]
Seat 2: pkr2k8 folded before Flop (didn't bet)
Seat 3: phrogman123 (button) folded on the Flop
Seat 4: Alameda22 (small blind) folded on the Flop
Seat 5: Spyder_gst (big blind) folded on the Flop
Seat 6: gimmealldem$ collected ($0.95)
Seat 7: virtua_fish folded before Flop (didn't bet)
Seat 8: wasserss folded before Flop (didn't bet)



PokerStars Game #19577660486:  Hold'em No Limit ($0.10/$0.25) - 2008/08/13 - 00:21:10 (ET)
Table 'Stephania' 9-max Seat #4 is the button
Seat 2: pkr2k8 ($25.15 in chips) 
Seat 3: phrogman123 ($14.25 in chips) 
Seat 4: Alameda22 ($27.35 in chips) 
Seat 5: Spyder_gst ($12.80 in chips) 
Seat 6: gimmealldem$ ($16.55 in chips) 
Seat 7: virtua_fish ($25.70 in chips) 
Seat 8: wasserss ($3.90 in chips) 
Spyder_gst: posts small blind $0.10
gimmealldem$: posts big blind $0.25
waleyeslayer: sits out 
*** HOLE CARDS ***
Dealt to Alameda22 [Ts Kh]
virtua_fish: folds 
wasserss: folds 
pkr2k8: folds 
phrogman123: folds 
Alameda22: raises $0.50 to $0.75
Spyder_gst: folds 
gimmealldem$: folds 
Uncalled bet ($0.50) returned to Alameda22
Alameda22 collected $0.60 from pot
Alameda22: doesn't show hand 
*** SUMMARY ***
Total pot $0.60 | Rake $0 
Seat 2: pkr2k8 folded before Flop (didn't bet)
Seat 3: phrogman123 folded before Flop (didn't bet)
Seat 4: Alameda22 (button) collected ($0.60)
Seat 5: Spyder_gst (small blind) folded before Flop
Seat 6: gimmealldem$ (big blind) folded before Flop
Seat 7: virtua_fish folded before Flop (didn't bet)
Seat 8: wasserss folded before Flop (didn't bet)



PokerStars Game #19577676838:  Hold'em No Limit ($0.10/$0.25) - 2008/08/13 - 00:22:09 (ET)
Table 'Stephania' 9-max Seat #5 is the button
Seat 2: pkr2k8 ($25.15 in chips) 
Seat 3: phrogman123 ($14.25 in chips) 
Seat 4: Alameda22 ($27.70 in chips) 
Seat 5: Spyder_gst ($12.70 in chips) 
Seat 6: gimmealldem$ ($16.30 in chips) 
Seat 7: virtua_fish ($25.70 in chips) 
Seat 8: wasserss ($3.90 in chips) 
gimmealldem$: posts small blind $0.10
virtua_fish: posts big blind $0.25
waleyeslayer: sits out 
*** HOLE CARDS ***
Dealt to Alameda22 [8h Qh]
wasserss: folds 
pkr2k8: folds 
phrogman123: folds 
Alameda22: folds 
Spyder_gst: folds 
gimmealldem$: calls $0.15
waleyeslayer leaves the table
virtua_fish: checks 
*** FLOP *** [Tc 4d 9h]
gimmealldem$: checks 
mooby71 joins the table at seat #9 
virtua_fish: checks 
*** TURN *** [Tc 4d 9h] [9d]
gimmealldem$: checks 
virtua_fish: checks 
*** RIVER *** [Tc 4d 9h 9d] [7s]
gimmealldem$: checks 
virtua_fish: checks 
*** SHOW DOWN ***
gimmealldem$: shows [5c Jd] (a pair of Nines)
virtua_fish: shows [5s 4c] (two pair, Nines and Fours)
virtua_fish collected $0.50 from pot
*** SUMMARY ***
Total pot $0.50 | Rake $0 
Board [Tc 4d 9h 9d 7s]
Seat 2: pkr2k8 folded before Flop (didn't bet)
Seat 3: phrogman123 folded before Flop (didn't bet)
Seat 4: Alameda22 folded before Flop (didn't bet)
Seat 5: Spyder_gst (button) folded before Flop (didn't bet)
Seat 6: gimmealldem$ (small blind) showed [5c Jd] and lost with a pair of Nines
Seat 7: virtua_fish (big blind) showed [5s 4c] and won ($0.50) with two pair, Nines and Fours
Seat 8: wasserss folded before Flop (didn't bet)



PokerStars Game #19577710950:  Hold'em No Limit ($0.10/$0.25) - 2008/08/13 - 00:24:14 (ET)
Table 'Stephania' 9-max Seat #6 is the button
Seat 2: pkr2k8 ($25.15 in chips) 
Seat 3: phrogman123 ($14.25 in chips) 
Seat 4: Alameda22 ($27.70 in chips) 
Seat 5: Spyder_gst ($12.70 in chips) 
Seat 6: gimmealldem$ ($16.05 in chips) 
Seat 7: virtua_fish ($25.95 in chips) 
Seat 9: mooby71 ($15 in chips) 
virtua_fish: posts small blind $0.10
wasserss: is sitting out 
wasserss leaves the table
mooby71: posts big blind $0.25
*** HOLE CARDS ***
Dealt to Alameda22 [Kc Kd]
pkr2k8: folds 
phrogman123: folds 
Alameda22: raises $0.50 to $0.75
Spyder_gst: folds 
gimmealldem$: folds 
virtua_fish: folds 
mooby71: calls $0.50
*** FLOP *** [4c 9d 8d]
mooby71: checks 
Alameda22: bets $1
mooby71: folds 
Uncalled bet ($1) returned to Alameda22
Alameda22 collected $1.55 from pot
Alameda22: doesn't show hand 
*** SUMMARY ***
Total pot $1.60 | Rake $0.05 
Board [4c 9d 8d]
Seat 2: pkr2k8 folded before Flop (didn't bet)
Seat 3: phrogman123 folded before Flop (didn't bet)
Seat 4: Alameda22 collected ($1.55)
Seat 5: Spyder_gst folded before Flop (didn't bet)
Seat 6: gimmealldem$ (button) folded before Flop (didn't bet)
Seat 7: virtua_fish (small blind) folded before Flop
Seat 9: mooby71 (big blind) folded on the Flop



PokerStars Game #19577733729:  Hold'em No Limit ($0.10/$0.25) - 2008/08/13 - 00:25:38 (ET)
Table 'Stephania' 9-max Seat #7 is the button
Seat 2: pkr2k8 ($25.15 in chips) 
Seat 3: phrogman123 ($14.25 in chips) 
Seat 4: Alameda22 ($28.50 in chips) 
Seat 5: Spyder_gst ($12.70 in chips) 
Seat 6: gimmealldem$ ($16.05 in chips) 
Seat 7: virtua_fish ($25.85 in chips) 
Seat 9: mooby71 ($14.25 in chips) 
mooby71: posts small blind $0.10
pkr2k8: posts big blind $0.25
*** HOLE CARDS ***
Dealt to Alameda22 [7s 6d]
phrogman123: folds 
Alameda22: folds 
Spyder_gst: folds 
gimmealldem$: folds 
virtua_fish: raises $0.75 to $1
mooby71: folds 
pkr2k8: folds 
Uncalled bet ($0.75) returned to virtua_fish
virtua_fish collected $0.60 from pot
virtua_fish: doesn't show hand 
*** SUMMARY ***
Total pot $0.60 | Rake $0 
Seat 2: pkr2k8 (big blind) folded before Flop
Seat 3: phrogman123 folded before Flop (didn't bet)
Seat 4: Alameda22 folded before Flop (didn't bet)
Seat 5: Spyder_gst folded before Flop (didn't bet)
Seat 6: gimmealldem$ folded before Flop (didn't bet)
Seat 7: virtua_fish (button) collected ($0.60)
Seat 9: mooby71 (small blind) folded before Flop



PokerStars Game #19577746132:  Hold'em No Limit ($0.10/$0.25) - 2008/08/13 - 00:26:25 (ET)
Table 'Stephania' 9-max Seat #9 is the button
Seat 2: pkr2k8 ($24.90 in chips) 
Seat 3: phrogman123 ($14.25 in chips) 
Seat 4: Alameda22 ($28.50 in chips) 
Seat 5: Spyder_gst ($12.70 in chips) 
Seat 6: gimmealldem$ ($16.05 in chips) 
Seat 7: virtua_fish ($26.20 in chips) 
Seat 9: mooby71 ($14.15 in chips) 
pkr2k8: posts small blind $0.10
phrogman123: posts big blind $0.25
*** HOLE CARDS ***
Dealt to Alameda22 [Jh Kc]
Alameda22: folds 
Spyder_gst: calls $0.25
gimmealldem$: folds 
pinschi911 joins the table at seat #8 
virtua_fish: folds 
mooby71: raises $1 to $1.25
pkr2k8: folds 
phrogman123: folds 
Spyder_gst: folds 
Uncalled bet ($1) returned to mooby71
mooby71 collected $0.85 from pot
mooby71: doesn't show hand 
*** SUMMARY ***
Total pot $0.85 | Rake $0 
Seat 2: pkr2k8 (small blind) folded before Flop
Seat 3: phrogman123 (big blind) folded before Flop
Seat 4: Alameda22 folded before Flop (didn't bet)
Seat 5: Spyder_gst folded before Flop
Seat 6: gimmealldem$ folded before Flop (didn't bet)
Seat 7: virtua_fish folded before Flop (didn't bet)
Seat 9: mooby71 (button) collected ($0.85)



PokerStars Game #19577758347:  Hold'em No Limit ($0.10/$0.25) - 2008/08/13 - 00:27:09 (ET)
Table 'Stephania' 9-max Seat #2 is the button
Seat 2: pkr2k8 ($24.80 in chips) 
Seat 3: phrogman123 ($14 in chips) 
Seat 4: Alameda22 ($28.50 in chips) 
Seat 5: Spyder_gst ($12.45 in chips) 
Seat 6: gimmealldem$ ($16.05 in chips) 
Seat 7: virtua_fish ($26.20 in chips) 
Seat 8: pinschi911 ($15 in chips) 
Seat 9: mooby71 ($14.75 in chips) 
phrogman123: posts small blind $0.10
Alameda22: posts big blind $0.25
pinschi911: posts big blind $0.25
*** HOLE CARDS ***
Dealt to Alameda22 [5d Ac]
Spyder_gst: folds 
gimmealldem$: folds 
virtua_fish: folds 
pinschi911: checks 
mooby71: raises $1 to $1.25
pkr2k8: folds 
phrogman123: folds 
Alameda22: folds 
pinschi911: folds 
Uncalled bet ($1) returned to mooby71
mooby71 collected $0.85 from pot
mooby71: doesn't show hand 
*** SUMMARY ***
Total pot $0.85 | Rake $0 
Seat 2: pkr2k8 (button) folded before Flop (didn't bet)
Seat 3: phrogman123 (small blind) folded before Flop
Seat 4: Alameda22 (big blind) folded before Flop
Seat 5: Spyder_gst folded before Flop (didn't bet)
Seat 6: gimmealldem$ folded before Flop (didn't bet)
Seat 7: virtua_fish folded before Flop (didn't bet)
Seat 8: pinschi911 folded before Flop
Seat 9: mooby71 collected ($0.85)



PokerStars Game #19577768929:  Hold'em No Limit ($0.10/$0.25) - 2008/08/13 - 00:27:49 (ET)
Table 'Stephania' 9-max Seat #3 is the button
Seat 2: pkr2k8 ($24.80 in chips) 
Seat 3: phrogman123 ($13.90 in chips) 
Seat 4: Alameda22 ($28.25 in chips) 
Seat 5: Spyder_gst ($12.45 in chips) 
Seat 6: gimmealldem$ ($16.05 in chips) 
Seat 7: virtua_fish ($26.20 in chips) 
Seat 8: pinschi911 ($14.75 in chips) 
Seat 9: mooby71 ($15.35 in chips) 
Alameda22: posts small blind $0.10
Spyder_gst: posts big blind $0.25
*** HOLE CARDS ***
Dealt to Alameda22 [3h Ts]
gimmealldem$: folds 
Ronin Harper joins the table at seat #1 
virtua_fish: folds 
pinschi911: calls $0.25
mooby71: calls $0.25
pkr2k8: folds 
phrogman123: folds 
Alameda22: folds 
Spyder_gst: checks 
*** FLOP *** [8s As Jc]
Spyder_gst: checks 
pinschi911: checks 
mooby71: checks 
*** TURN *** [8s As Jc] [5c]
Spyder_gst: checks 
pinschi911: checks 
mooby71: bets $0.75
Spyder_gst: folds 
pinschi911: folds 
Uncalled bet ($0.75) returned to mooby71
mooby71 collected $0.85 from pot
mooby71: doesn't show hand 
*** SUMMARY ***
Total pot $0.85 | Rake $0 
Board [8s As Jc 5c]
Seat 2: pkr2k8 folded before Flop (didn't bet)
Seat 3: phrogman123 (button) folded before Flop (didn't bet)
Seat 4: Alameda22 (small blind) folded before Flop
Seat 5: Spyder_gst (big blind) folded on the Turn
Seat 6: gimmealldem$ folded before Flop (didn't bet)
Seat 7: virtua_fish folded before Flop (didn't bet)
Seat 8: pinschi911 folded on the Turn
Seat 9: mooby71 collected ($0.85)



PokerStars Game #19577791785:  Hold'em No Limit ($0.10/$0.25) - 2008/08/13 - 00:29:14 (ET)
Table 'Stephania' 9-max Seat #4 is the button
Seat 1: Ronin Harper ($21.75 in chips) 
Seat 2: pkr2k8 ($24.80 in chips) 
Seat 3: phrogman123 ($13.90 in chips) 
Seat 4: Alameda22 ($28.15 in chips) 
Seat 5: Spyder_gst ($12.20 in chips) 
Seat 6: gimmealldem$ ($16.05 in chips) 
Seat 7: virtua_fish ($26.20 in chips) 
Seat 8: pinschi911 ($14.50 in chips) 
Seat 9: mooby71 ($15.95 in chips) 
Spyder_gst: posts small blind $0.10
gimmealldem$: posts big blind $0.25
Ronin Harper: posts big blind $0.25
*** HOLE CARDS ***
Dealt to Alameda22 [Kd 9c]
virtua_fish: folds 
pinschi911: folds 
mooby71: folds 
Ronin Harper: checks 
pkr2k8: folds 
phrogman123: folds 
Alameda22: folds 
Spyder_gst: calls $0.15
gimmealldem$: checks 
*** FLOP *** [Jd 2d Ac]
Spyder_gst: checks 
gimmealldem$: checks 
Ronin Harper: bets $0.50
Spyder_gst: folds 
gimmealldem$: folds 
Uncalled bet ($0.50) returned to Ronin Harper
Ronin Harper collected $0.75 from pot
Ronin Harper: doesn't show hand 
*** SUMMARY ***
Total pot $0.75 | Rake $0 
Board [Jd 2d Ac]
Seat 1: Ronin Harper collected ($0.75)
Seat 2: pkr2k8 folded before Flop (didn't bet)
Seat 3: phrogman123 folded before Flop (didn't bet)
Seat 4: Alameda22 (button) folded before Flop (didn't bet)
Seat 5: Spyder_gst (small blind) folded on the Flop
Seat 6: gimmealldem$ (big blind) folded on the Flop
Seat 7: virtua_fish folded before Flop (didn't bet)
Seat 8: pinschi911 folded before Flop (didn't bet)
Seat 9: mooby71 folded before Flop (didn't bet)



PokerStars Game #19577811483:  Hold'em No Limit ($0.10/$0.25) - 2008/08/13 - 00:30:28 (ET)
Table 'Stephania' 9-max Seat #5 is the button
Seat 1: Ronin Harper ($22.25 in chips) 
Seat 2: pkr2k8 ($24.80 in chips) 
Seat 3: phrogman123 ($13.90 in chips) 
Seat 4: Alameda22 ($28.15 in chips) 
Seat 5: Spyder_gst ($11.95 in chips) 
Seat 6: gimmealldem$ ($15.80 in chips) 
Seat 7: virtua_fish ($26.20 in chips) 
Seat 8: pinschi911 ($14.50 in chips) 
Seat 9: mooby71 ($15.95 in chips) 
gimmealldem$: posts small blind $0.10
virtua_fish: posts big blind $0.25
*** HOLE CARDS ***
Dealt to Alameda22 [4c 4d]
pinschi911: calls $0.25
mooby71: calls $0.25
Ronin Harper: folds 
pkr2k8: folds 
phrogman123: folds 
Alameda22: calls $0.25
Spyder_gst: folds 
gimmealldem$: folds 
virtua_fish: checks 
*** FLOP *** [2s 3s 3h]
virtua_fish: checks 
pinschi911: checks 
mooby71: checks 
Alameda22: bets $0.75
virtua_fish: folds 
pinschi911: folds 
mooby71: folds 
Uncalled bet ($0.75) returned to Alameda22
Alameda22 collected $1.05 from pot
Alameda22: doesn't show hand 
*** SUMMARY ***
Total pot $1.10 | Rake $0.05 
Board [2s 3s 3h]
Seat 1: Ronin Harper folded before Flop (didn't bet)
Seat 2: pkr2k8 folded before Flop (didn't bet)
Seat 3: phrogman123 folded before Flop (didn't bet)
Seat 4: Alameda22 collected ($1.05)
Seat 5: Spyder_gst (button) folded before Flop (didn't bet)
Seat 6: gimmealldem$ (small blind) folded before Flop
Seat 7: virtua_fish (big blind) folded on the Flop
Seat 8: pinschi911 folded on the Flop
Seat 9: mooby71 folded on the Flop



PokerStars Game #19577838361:  Hold'em No Limit ($0.10/$0.25) - 2008/08/13 - 00:32:03 (ET)
Table 'Stephania' 9-max Seat #6 is the button
Seat 1: Ronin Harper ($22.25 in chips) 
Seat 2: pkr2k8 ($24.80 in chips) 
Seat 3: phrogman123 ($13.90 in chips) 
Seat 4: Alameda22 ($28.95 in chips) 
Seat 5: Spyder_gst ($11.95 in chips) 
Seat 6: gimmealldem$ ($15.70 in chips) 
Seat 7: virtua_fish ($25.95 in chips) 
Seat 8: pinschi911 ($14.25 in chips) 
Seat 9: mooby71 ($15.70 in chips) 
virtua_fish: posts small blind $0.10
pinschi911: posts big blind $0.25
*** HOLE CARDS ***
Dealt to Alameda22 [4d 2c]
mooby71: folds 
Ronin Harper: calls $0.25
pkr2k8: folds 
phrogman123: folds 
Alameda22: folds 
Spyder_gst: folds 
gimmealldem$: calls $0.25
virtua_fish: calls $0.15
pinschi911: checks 
*** FLOP *** [7s 7h Qh]
virtua_fish: checks 
pinschi911: checks 
Ronin Harper: checks 
gimmealldem$: checks 
*** TURN *** [7s 7h Qh] [Jd]
virtua_fish: checks 
pinschi911: checks 
Ronin Harper: bets $0.25
gimmealldem$: folds 
virtua_fish: calls $0.25
pinschi911: calls $0.25
*** RIVER *** [7s 7h Qh Jd] [3s]
virtua_fish: checks 
pinschi911: checks 
Ronin Harper: bets $0.50
virtua_fish: calls $0.50
pinschi911: folds 
*** SHOW DOWN ***
Ronin Harper: shows [Ts Jh] (two pair, Jacks and Sevens)
virtua_fish: shows [6s Qs] (two pair, Queens and Sevens)
virtua_fish collected $2.65 from pot
*** SUMMARY ***
Total pot $2.75 | Rake $0.10 
Board [7s 7h Qh Jd 3s]
Seat 1: Ronin Harper showed [Ts Jh] and lost with two pair, Jacks and Sevens
Seat 2: pkr2k8 folded before Flop (didn't bet)
Seat 3: phrogman123 folded before Flop (didn't bet)
Seat 4: Alameda22 folded before Flop (didn't bet)
Seat 5: Spyder_gst folded before Flop (didn't bet)
Seat 6: gimmealldem$ (button) folded on the Turn
Seat 7: virtua_fish (small blind) showed [6s Qs] and won ($2.65) with two pair, Queens and Sevens
Seat 8: pinschi911 (big blind) folded on the River
Seat 9: mooby71 folded before Flop (didn't bet)



PokerStars Game #19577876210:  Hold'em No Limit ($0.10/$0.25) - 2008/08/13 - 00:34:18 (ET)
Table 'Stephania' 9-max Seat #7 is the button
Seat 1: Ronin Harper ($21.25 in chips) 
Seat 2: pkr2k8 ($24.80 in chips) 
Seat 3: phrogman123 ($13.90 in chips) 
Seat 4: Alameda22 ($28.95 in chips) 
Seat 5: Spyder_gst ($11.95 in chips) 
Seat 6: gimmealldem$ ($15.45 in chips) 
Seat 7: virtua_fish ($27.60 in chips) 
Seat 8: pinschi911 ($13.75 in chips) 
Seat 9: mooby71 ($15.70 in chips) 
pinschi911: posts small blind $0.10
mooby71: posts big blind $0.25
*** HOLE CARDS ***
Dealt to Alameda22 [4d Ad]
Ronin Harper: folds 
pkr2k8: folds 
phrogman123: calls $0.25
Alameda22: folds 
Spyder_gst: folds 
gimmealldem$: calls $0.25
virtua_fish: folds 
pinschi911: calls $0.15
mooby71: checks 
*** FLOP *** [Qc Tc Ks]
pinschi911: checks 
mooby71: checks 
phrogman123: checks 
gimmealldem$: checks 
*** TURN *** [Qc Tc Ks] [Th]
pinschi911: checks 
mooby71: bets $0.75
phrogman123: raises $1.25 to $2
gimmealldem$: folds 
pinschi911: folds 
mooby71: calls $1.25
*** RIVER *** [Qc Tc Ks Th] [Js]
mooby71: checks 
phrogman123: bets $2
mooby71: calls $2
*** SHOW DOWN ***
phrogman123: shows [Td Ac] (a straight, Ten to Ace)
mooby71: mucks hand 
phrogman123 collected $8.60 from pot
*** SUMMARY ***
Total pot $9 | Rake $0.40 
Board [Qc Tc Ks Th Js]
Seat 1: Ronin Harper folded before Flop (didn't bet)
Seat 2: pkr2k8 folded before Flop (didn't bet)
Seat 3: phrogman123 showed [Td Ac] and won ($8.60) with a straight, Ten to Ace
Seat 4: Alameda22 folded before Flop (didn't bet)
Seat 5: Spyder_gst folded before Flop (didn't bet)
Seat 6: gimmealldem$ folded on the Turn
Seat 7: virtua_fish (button) folded before Flop (didn't bet)
Seat 8: pinschi911 (small blind) folded on the Turn
Seat 9: mooby71 (big blind) mucked [9c 5c]



PokerStars Game #19577900290:  Hold'em No Limit ($0.10/$0.25) - 2008/08/13 - 00:35:45 (ET)
Table 'Stephania' 9-max Seat #8 is the button
Seat 1: Ronin Harper ($21.25 in chips) 
Seat 2: pkr2k8 ($24.80 in chips) 
Seat 3: phrogman123 ($18.25 in chips) 
Seat 4: Alameda22 ($28.95 in chips) 
Seat 5: Spyder_gst ($11.95 in chips) 
Seat 6: gimmealldem$ ($15.20 in chips) 
Seat 7: virtua_fish ($27.60 in chips) 
Seat 8: pinschi911 ($13.50 in chips) 
Seat 9: mooby71 ($11.45 in chips) 
mooby71: posts small blind $0.10
Ronin Harper: posts big blind $0.25
*** HOLE CARDS ***
Dealt to Alameda22 [2c As]
pkr2k8: folds 
phrogman123: folds 
Alameda22: folds 
Spyder_gst: calls $0.25
gimmealldem$: raises $0.75 to $1
Ronin Harper said, "hurry up"
virtua_fish: folds 
pinschi911: folds 
mooby71: folds 
Ronin Harper: folds 
Ronin Harper said, "why are you 2 so slow ? you either have cards or you dont"
Ronin Harper said, "why waste time"
Spyder_gst has timed out
Spyder_gst: folds 
Uncalled bet ($0.75) returned to gimmealldem$
Spyder_gst is sitting out
gimmealldem$ collected $0.85 from pot
gimmealldem$ is sitting out
gimmealldem$: doesn't show hand 
*** SUMMARY ***
Total pot $0.85 | Rake $0 
Seat 1: Ronin Harper (big blind) folded before Flop
Seat 2: pkr2k8 folded before Flop (didn't bet)
Seat 3: phrogman123 folded before Flop (didn't bet)
Seat 4: Alameda22 folded before Flop (didn't bet)
Seat 5: Spyder_gst folded before Flop
Seat 6: gimmealldem$ collected ($0.85)
Seat 7: virtua_fish folded before Flop (didn't bet)
Seat 8: pinschi911 (button) folded before Flop (didn't bet)
Seat 9: mooby71 (small blind) folded before Flop



PokerStars Game #19577939986:  Hold'em No Limit ($0.10/$0.25) - 2008/08/13 - 00:38:10 (ET)
Table 'Stephania' 9-max Seat #9 is the button
Seat 1: Ronin Harper ($21 in chips) 
Seat 2: pkr2k8 ($24.80 in chips) 
Seat 3: phrogman123 ($18.25 in chips) 
Seat 4: Alameda22 ($28.95 in chips) 
Seat 7: virtua_fish ($27.60 in chips) 
Seat 8: pinschi911 ($13.50 in chips) 
Seat 9: mooby71 ($11.35 in chips) 
Ronin Harper: posts small blind $0.10
pkr2k8: posts big blind $0.25
*** HOLE CARDS ***
Dealt to Alameda22 [8d Qh]
gimmealldem$ leaves the table
phrogman123: calls $0.25
Alameda22: folds 
virtua_fish: raises $1 to $1.25
pinschi911: folds 
mooby71: folds 
Ronin Harper: folds 
pkr2k8: folds 
phrogman123: calls $1
*** FLOP *** [Jd 3d Ad]
phrogman123: checks 
Ronin Harper said, "lol what a joke"
virtua_fish: bets $2
phrogman123: calls $2
*** TURN *** [Jd 3d Ad] [9s]
phrogman123: checks 
Ronin Harper said, "the index says you fold   fish"
virtua_fish: bets $5
phrogman123: folds 
Uncalled bet ($5) returned to virtua_fish
Ronin Harper said, "here comes a bluff"
virtua_fish collected $6.55 from pot
virtua_fish: doesn't show hand 
*** SUMMARY ***
Total pot $6.85 | Rake $0.30 
Board [Jd 3d Ad 9s]
Seat 1: Ronin Harper (small blind) folded before Flop
Seat 2: pkr2k8 (big blind) folded before Flop
Seat 3: phrogman123 folded on the Turn
Seat 4: Alameda22 folded before Flop (didn't bet)
Seat 7: virtua_fish collected ($6.55)
Seat 8: pinschi911 folded before Flop (didn't bet)
Seat 9: mooby71 (button) folded before Flop (didn't bet)



PokerStars Game #19577976648:  Hold'em No Limit ($0.10/$0.25) - 2008/08/13 - 00:40:23 (ET)
Table 'Stephania' 9-max Seat #1 is the button
Seat 1: Ronin Harper ($20.90 in chips) 
Seat 2: pkr2k8 ($24.55 in chips) 
Seat 3: phrogman123 ($15 in chips) 
Seat 4: Alameda22 ($28.95 in chips) 
Seat 7: virtua_fish ($30.90 in chips) 
Seat 8: pinschi911 ($13.50 in chips) 
Seat 9: mooby71 ($11.35 in chips) 
pkr2k8: posts small blind $0.10
phrogman123: posts big blind $0.25
*** HOLE CARDS ***
Dealt to Alameda22 [7h Kd]
Ronin Harper said, "there it was"
Alameda22: folds 
virtua_fish: folds 
pinschi911: folds 
mooby71: calls $0.25
Ronin Harper: folds 
pkr2k8: folds 
phrogman123: checks 
*** FLOP *** [Jd 6d As]
phrogman123: bets $0.75
Spyder_gst has returned
mooby71: raises $1.75 to $2.50
phrogman123: calls $1.75
*** TURN *** [Jd 6d As] [2d]
phrogman123: bets $5
mooby71: raises $3.60 to $8.60 and is all-in
phrogman123: calls $3.60
*** RIVER *** [Jd 6d As 2d] [Jc]
*** SHOW DOWN ***
phrogman123: shows [Td 7d] (a flush, Jack high)
mooby71: mucks hand 
phrogman123 collected $21.70 from pot
*** SUMMARY ***
Total pot $22.80 | Rake $1.10 
Board [Jd 6d As 2d Jc]
Seat 1: Ronin Harper (button) folded before Flop (didn't bet)
Seat 2: pkr2k8 (small blind) folded before Flop
Seat 3: phrogman123 (big blind) showed [Td 7d] and won ($21.70) with a flush, Jack high
Seat 4: Alameda22 folded before Flop (didn't bet)
Seat 7: virtua_fish folded before Flop (didn't bet)
Seat 8: pinschi911 folded before Flop (didn't bet)
Seat 9: mooby71 mucked [6c Ad]



PokerStars Game #19577989889:  Hold'em No Limit ($0.10/$0.25) - 2008/08/13 - 00:41:12 (ET)
Table 'Stephania' 9-max Seat #2 is the button
Seat 1: Ronin Harper ($20.90 in chips) 
Seat 2: pkr2k8 ($24.45 in chips) 
Seat 3: phrogman123 ($25.35 in chips) 
Seat 4: Alameda22 ($28.95 in chips) 
Seat 5: Spyder_gst ($11.70 in chips) 
Seat 7: virtua_fish ($30.90 in chips) 
Seat 8: pinschi911 ($13.50 in chips) 
phrogman123: posts small blind $0.10
Alameda22: posts big blind $0.25
*** HOLE CARDS ***
Dealt to Alameda22 [Ad Kh]
Spyder_gst: folds 
virtua_fish: folds 
pinschi911: folds 
Ronin Harper: folds 
mooby71 leaves the table
pkr2k8: folds 
phrogman123: calls $0.15
Alameda22: raises $0.75 to $1
phrogman123: folds 
Uncalled bet ($0.75) returned to Alameda22
Alameda22 collected $0.50 from pot
Alameda22: doesn't show hand 
*** SUMMARY ***
Total pot $0.50 | Rake $0 
Seat 1: Ronin Harper folded before Flop (didn't bet)
Seat 2: pkr2k8 (button) folded before Flop (didn't bet)
Seat 3: phrogman123 (small blind) folded before Flop
Seat 4: Alameda22 (big blind) collected ($0.50)
Seat 5: Spyder_gst folded before Flop (didn't bet)
Seat 7: virtua_fish folded before Flop (didn't bet)
Seat 8: pinschi911 folded before Flop (didn't bet)



PokerStars Game #19578000577:  Hold'em No Limit ($0.10/$0.25) - 2008/08/13 - 00:41:51 (ET)
Table 'Stephania' 9-max Seat #3 is the button
Seat 1: Ronin Harper ($20.90 in chips) 
Seat 2: pkr2k8 ($25 in chips) 
Seat 3: phrogman123 ($25.10 in chips) 
Seat 4: Alameda22 ($29.20 in chips) 
Seat 5: Spyder_gst ($11.70 in chips) 
Seat 7: virtua_fish ($30.90 in chips) 
Seat 8: pinschi911 ($13.50 in chips) 
Alameda22: posts small blind $0.10
Spyder_gst: posts big blind $0.25
*** HOLE CARDS ***
Dealt to Alameda22 [8d Ks]
virtua_fish: folds 
pinschi911: folds 
Ronin Harper: folds 
pkr2k8: folds 
phrogman123: folds 
Alameda22: folds 
Uncalled bet ($0.15) returned to Spyder_gst
Spyder_gst collected $0.20 from pot
*** SUMMARY ***
Total pot $0.20 | Rake $0 
Seat 1: Ronin Harper folded before Flop (didn't bet)
Seat 2: pkr2k8 folded before Flop (didn't bet)
Seat 3: phrogman123 (button) folded before Flop (didn't bet)
Seat 4: Alameda22 (small blind) folded before Flop
Seat 5: Spyder_gst (big blind) collected ($0.20)
Seat 7: virtua_fish folded before Flop (didn't bet)
Seat 8: pinschi911 folded before Flop (didn't bet)



PokerStars Game #19578009028:  Hold'em No Limit ($0.10/$0.25) - 2008/08/13 - 00:42:23 (ET)
Table 'Stephania' 9-max Seat #4 is the button
Seat 1: Ronin Harper ($20.90 in chips) 
Seat 2: pkr2k8 ($25 in chips) 
Seat 3: phrogman123 ($25.10 in chips) 
Seat 4: Alameda22 ($29.10 in chips) 
Seat 5: Spyder_gst ($11.80 in chips) 
Seat 7: virtua_fish ($30.90 in chips) 
Seat 8: pinschi911 ($13.50 in chips) 
Spyder_gst: posts small blind $0.10
virtua_fish: posts big blind $0.25
*** HOLE CARDS ***
Dealt to Alameda22 [Qc 5h]
pinschi911: folds 
Ronin Harper: folds 
Mr Zumia joins the table at seat #9 
pkr2k8 has timed out
pkr2k8: folds 
pkr2k8 is sitting out
pkr2k8 has returned
phrogman123: folds 
Alameda22: folds 
Mr Zumia leaves the table
Spyder_gst: folds 
Uncalled bet ($0.15) returned to virtua_fish
virtua_fish collected $0.20 from pot
virtua_fish: doesn't show hand 
*** SUMMARY ***
Total pot $0.20 | Rake $0 
Seat 1: Ronin Harper folded before Flop (didn't bet)
Seat 2: pkr2k8 folded before Flop (didn't bet)
Seat 3: phrogman123 folded before Flop (didn't bet)
Seat 4: Alameda22 (button) folded before Flop (didn't bet)
Seat 5: Spyder_gst (small blind) folded before Flop
Seat 7: virtua_fish (big blind) collected ($0.20)
Seat 8: pinschi911 folded before Flop (didn't bet)



PokerStars Game #19578029938:  Hold'em No Limit ($0.10/$0.25) - 2008/08/13 - 00:43:40 (ET)
Table 'Stephania' 9-max Seat #5 is the button
Seat 1: Ronin Harper ($20.90 in chips) 
Seat 2: pkr2k8 ($25 in chips) 
Seat 3: phrogman123 ($25.10 in chips) 
Seat 4: Alameda22 ($29.10 in chips) 
Seat 5: Spyder_gst ($11.70 in chips) 
Seat 7: virtua_fish ($31 in chips) 
Seat 8: pinschi911 ($13.50 in chips) 
virtua_fish: posts small blind $0.10
pinschi911: posts big blind $0.25
*** HOLE CARDS ***
Dealt to Alameda22 [4c Jc]
Ronin Harper: folds 
Ronin Harper leaves the table
pkr2k8: folds 
phrogman123: raises $0.75 to $1
Alameda22: folds 
Spyder_gst: folds 
virtua_fish: calls $0.90
pinschi911: folds 
*** FLOP *** [8s 7c Ts]
virtua_fish: checks 
phrogman123: bets $1.75
virtua_fish: folds 
Uncalled bet ($1.75) returned to phrogman123
phrogman123 collected $2.15 from pot
*** SUMMARY ***
Total pot $2.25 | Rake $0.10 
Board [8s 7c Ts]
Seat 1: Ronin Harper folded before Flop (didn't bet)
Seat 2: pkr2k8 folded before Flop (didn't bet)
Seat 3: phrogman123 collected ($2.15)
Seat 4: Alameda22 folded before Flop (didn't bet)
Seat 5: Spyder_gst (button) folded before Flop (didn't bet)
Seat 7: virtua_fish (small blind) folded on the Flop
Seat 8: pinschi911 (big blind) folded before Flop



PokerStars Game #19578051801:  Hold'em No Limit ($0.10/$0.25) - 2008/08/13 - 00:45:02 (ET)
Table 'Stephania' 9-max Seat #7 is the button
Seat 2: pkr2k8 ($25 in chips) 
Seat 3: phrogman123 ($26.25 in chips) 
Seat 4: Alameda22 ($29.10 in chips) 
Seat 5: Spyder_gst ($11.70 in chips) 
Seat 7: virtua_fish ($30 in chips) 
Seat 8: pinschi911 ($13.25 in chips) 
pinschi911: posts small blind $0.10
pkr2k8: posts big blind $0.25
*** HOLE CARDS ***
Dealt to Alameda22 [Jd Qs]
phrogman123: folds 
Alameda22: folds 
Spyder_gst: folds 
virtua_fish: folds 
pinschi911: calls $0.15
pkr2k8: checks 
*** FLOP *** [4d 2c Ts]
pinschi911: checks 
pkr2k8: checks 
*** TURN *** [4d 2c Ts] [8h]
pinschi911: checks 
pkr2k8: checks 
*** RIVER *** [4d 2c Ts 8h] [6d]
pinschi911: checks 
pkr2k8: checks 
*** SHOW DOWN ***
pinschi911: shows [9c Qd] (high card Queen)
pkr2k8: mucks hand 
pinschi911 collected $0.50 from pot
*** SUMMARY ***
Total pot $0.50 | Rake $0 
Board [4d 2c Ts 8h 6d]
Seat 2: pkr2k8 (big blind) mucked [5d 9h]
Seat 3: phrogman123 folded before Flop (didn't bet)
Seat 4: Alameda22 folded before Flop (didn't bet)
Seat 5: Spyder_gst folded before Flop (didn't bet)
Seat 7: virtua_fish (button) folded before Flop (didn't bet)
Seat 8: pinschi911 (small blind) showed [9c Qd] and won ($0.50) with high card Queen



PokerStars Game #19578077493:  Hold'em No Limit ($0.10/$0.25) - 2008/08/13 - 00:46:38 (ET)
Table 'Stephania' 9-max Seat #8 is the button
Seat 2: pkr2k8 ($24.75 in chips) 
Seat 3: phrogman123 ($26.25 in chips) 
Seat 4: Alameda22 ($29.10 in chips) 
Seat 5: Spyder_gst ($11.70 in chips) 
Seat 7: virtua_fish ($30 in chips) 
Seat 8: pinschi911 ($13.50 in chips) 
pkr2k8: posts small blind $0.10
phrogman123: posts big blind $0.25
*** HOLE CARDS ***
Dealt to Alameda22 [2c 4s]
Alameda22: folds 
Spyder_gst: folds 
virtua_fish: folds 
pinschi911: folds 
pkr2k8: calls $0.15
phrogman123: checks 
*** FLOP *** [7s 5h 2d]
pkr2k8: checks 
phrogman123: checks 
*** TURN *** [7s 5h 2d] [Th]
pkr2k8: bets $0.50
phrogman123: folds 
Uncalled bet ($0.50) returned to pkr2k8
pkr2k8 collected $0.50 from pot
pkr2k8: doesn't show hand 
*** SUMMARY ***
Total pot $0.50 | Rake $0 
Board [7s 5h 2d Th]
Seat 2: pkr2k8 (small blind) collected ($0.50)
Seat 3: phrogman123 (big blind) folded on the Turn
Seat 4: Alameda22 folded before Flop (didn't bet)
Seat 5: Spyder_gst folded before Flop (didn't bet)
Seat 7: virtua_fish folded before Flop (didn't bet)
Seat 8: pinschi911 (button) folded before Flop (didn't bet)



PokerStars Game #19578096941:  Hold'em No Limit ($0.10/$0.25) - 2008/08/13 - 00:47:51 (ET)
Table 'Stephania' 9-max Seat #2 is the button
Seat 2: pkr2k8 ($25 in chips) 
Seat 3: phrogman123 ($26 in chips) 
Seat 4: Alameda22 ($29.10 in chips) 
Seat 5: Spyder_gst ($11.70 in chips) 
Seat 7: virtua_fish ($30 in chips) 
Seat 8: pinschi911 ($13.50 in chips) 
phrogman123: posts small blind $0.10
Alameda22: posts big blind $0.25
*** HOLE CARDS ***
Dealt to Alameda22 [5c 3s]
Spyder_gst: folds 
virtua_fish: folds 
pinschi911: calls $0.25
pkr2k8: folds 
phrogman123: calls $0.15
Alameda22: checks 
*** FLOP *** [4c Qs 8h]
phrogman123: checks 
Alameda22: checks 
pinschi911: bets $0.25
phrogman123: folds 
nutttzzz0123 joins the table at seat #1 
Alameda22: folds 
Uncalled bet ($0.25) returned to pinschi911
pinschi911 collected $0.75 from pot
pinschi911: doesn't show hand 
*** SUMMARY ***
Total pot $0.75 | Rake $0 
Board [4c Qs 8h]
Seat 2: pkr2k8 (button) folded before Flop (didn't bet)
Seat 3: phrogman123 (small blind) folded on the Flop
Seat 4: Alameda22 (big blind) folded on the Flop
Seat 5: Spyder_gst folded before Flop (didn't bet)
Seat 7: virtua_fish folded before Flop (didn't bet)
Seat 8: pinschi911 collected ($0.75)



PokerStars Game #19578114788:  Hold'em No Limit ($0.10/$0.25) - 2008/08/13 - 00:48:58 (ET)
Table 'Stephania' 9-max Seat #3 is the button
Seat 1: nutttzzz0123 ($6 in chips) 
Seat 2: pkr2k8 ($25 in chips) 
Seat 3: phrogman123 ($25.75 in chips) 
Seat 4: Alameda22 ($28.85 in chips) 
Seat 7: virtua_fish ($30 in chips) 
Seat 8: pinschi911 ($14 in chips) 
Alameda22: posts small blind $0.10
Spyder_gst: is sitting out 
virtua_fish: posts big blind $0.25
nutttzzz0123: posts big blind $0.25
*** HOLE CARDS ***
Dealt to Alameda22 [9h Kh]
Spyder_gst leaves the table
pinschi911: calls $0.25
nutttzzz0123: raises $0.25 to $0.50
pkr2k8: folds 
phrogman123 is disconnected 
phrogman123 is connected 
phrogman123: folds 
Alameda22: folds 
virtua_fish: folds 
pinschi911: calls $0.25
*** FLOP *** [3h Kd Jc]
pinschi911: checks 
nutttzzz0123: bets $0.50
pinschi911: calls $0.50
*** TURN *** [3h Kd Jc] [8d]
pinschi911: checks 
nutttzzz0123: checks 
*** RIVER *** [3h Kd Jc 8d] [9d]
pinschi911: bets $0.75
nutttzzz0123: calls $0.75
*** SHOW DOWN ***
pinschi911: shows [As Js] (a pair of Jacks)
nutttzzz0123: mucks hand 
pinschi911 collected $3.70 from pot
*** SUMMARY ***
Total pot $3.85 | Rake $0.15 
Board [3h Kd Jc 8d 9d]
Seat 1: nutttzzz0123 mucked [Jd Tc]
Seat 2: pkr2k8 folded before Flop (didn't bet)
Seat 3: phrogman123 (button) folded before Flop (didn't bet)
Seat 4: Alameda22 (small blind) folded before Flop
Seat 7: virtua_fish (big blind) folded before Flop
Seat 8: pinschi911 showed [As Js] and won ($3.70) with a pair of Jacks



PokerStars Game #19578139871:  Hold'em No Limit ($0.10/$0.25) - 2008/08/13 - 00:50:32 (ET)
Table 'Stephania' 9-max Seat #4 is the button
Seat 1: nutttzzz0123 ($4.25 in chips) 
Seat 2: pkr2k8 ($25 in chips) 
Seat 3: phrogman123 ($25.75 in chips) 
Seat 4: Alameda22 ($28.75 in chips) 
Seat 7: virtua_fish ($29.75 in chips) 
Seat 8: pinschi911 ($15.95 in chips) 
virtua_fish: posts small blind $0.10
pinschi911: posts big blind $0.25
*** HOLE CARDS ***
Dealt to Alameda22 [Qs 4h]
nutttzzz0123: calls $0.25
pkr2k8: folds 
phrogman123: folds 
Alameda22: folds 
virtua_fish: folds 
pinschi911: checks 
*** FLOP *** [5d Ts 2d]
pinschi911: checks 
nutttzzz0123: checks 
*** TURN *** [5d Ts 2d] [6d]
pinschi911: bets $0.25
nutttzzz0123: folds 
Uncalled bet ($0.25) returned to pinschi911
pinschi911 collected $0.60 from pot
pinschi911: doesn't show hand 
*** SUMMARY ***
Total pot $0.60 | Rake $0 
Board [5d Ts 2d 6d]
Seat 1: nutttzzz0123 folded on the Turn
Seat 2: pkr2k8 folded before Flop (didn't bet)
Seat 3: phrogman123 folded before Flop (didn't bet)
Seat 4: Alameda22 (button) folded before Flop (didn't bet)
Seat 7: virtua_fish (small blind) folded before Flop
Seat 8: pinschi911 (big blind) collected ($0.60)



PokerStars Game #19578149771:  Hold'em No Limit ($0.10/$0.25) - 2008/08/13 - 00:51:10 (ET)
Table 'Stephania' 9-max Seat #7 is the button
Seat 1: nutttzzz0123 ($4 in chips) 
Seat 2: pkr2k8 ($25 in chips) 
Seat 3: phrogman123 ($25.75 in chips) 
Seat 4: Alameda22 ($28.75 in chips) 
Seat 7: virtua_fish ($29.65 in chips) 
Seat 8: pinschi911 ($16.30 in chips) 
pinschi911: posts small blind $0.10
nutttzzz0123: posts big blind $0.25
*** HOLE CARDS ***
Dealt to Alameda22 [Th Td]
pkr2k8: folds 
phrogman123: folds 
Alameda22: raises $0.50 to $0.75
virtua_fish: folds 
pinschi911: calls $0.65
nutttzzz0123: folds 
*** FLOP *** [7h Kd Ad]
pinschi911: checks 
Alameda22: bets $1
pinschi911: calls $1
*** TURN *** [7h Kd Ad] [Jc]
pinschi911: checks 
Alameda22: checks 
*** RIVER *** [7h Kd Ad Jc] [7s]
pinschi911: bets $1.75
Alameda22: calls $1.75
*** SHOW DOWN ***
pinschi911: shows [Qc Js] (two pair, Jacks and Sevens)
Alameda22: mucks hand 
pinschi911 collected $6.90 from pot
*** SUMMARY ***
Total pot $7.25 | Rake $0.35 
Board [7h Kd Ad Jc 7s]
Seat 1: nutttzzz0123 (big blind) folded before Flop
Seat 2: pkr2k8 folded before Flop (didn't bet)
Seat 3: phrogman123 folded before Flop (didn't bet)
Seat 4: Alameda22 mucked [Th Td]
Seat 7: virtua_fish (button) folded before Flop (didn't bet)
Seat 8: pinschi911 (small blind) showed [Qc Js] and won ($6.90) with two pair, Jacks and Sevens



PokerStars Game #19578175653:  Hold'em No Limit ($0.10/$0.25) - 2008/08/13 - 00:52:48 (ET)
Table 'Stephania' 9-max Seat #8 is the button
Seat 1: nutttzzz0123 ($3.75 in chips) 
Seat 2: pkr2k8 ($25 in chips) 
Seat 3: phrogman123 ($25.75 in chips) 
Seat 4: Alameda22 ($25.25 in chips) 
Seat 7: virtua_fish ($29.65 in chips) 
Seat 8: pinschi911 ($19.70 in chips) 
nutttzzz0123: posts small blind $0.10
pkr2k8: posts big blind $0.25
*** HOLE CARDS ***
Dealt to Alameda22 [Js Qc]
phrogman123: folds 
Alameda22: folds 
virtua_fish: raises $0.75 to $1
pinschi911: folds 
pinschi911 leaves the table
nutttzzz0123: calls $0.90
pkr2k8: folds 
*** FLOP *** [9s 7c Qd]
nutttzzz0123: checks 
virtua_fish: bets $0.75
nutttzzz0123: folds 
Uncalled bet ($0.75) returned to virtua_fish
virtua_fish collected $2.15 from pot
virtua_fish: doesn't show hand 
*** SUMMARY ***
Total pot $2.25 | Rake $0.10 
Board [9s 7c Qd]
Seat 1: nutttzzz0123 (small blind) folded on the Flop
Seat 2: pkr2k8 (big blind) folded before Flop
Seat 3: phrogman123 folded before Flop (didn't bet)
Seat 4: Alameda22 folded before Flop (didn't bet)
Seat 7: virtua_fish collected ($2.15)
Seat 8: pinschi911 (button) folded before Flop (didn't bet)



PokerStars Game #19578198445:  Hold'em No Limit ($0.10/$0.25) - 2008/08/13 - 00:54:15 (ET)
Table 'Stephania' 9-max Seat #1 is the button
Seat 1: nutttzzz0123 ($6.75 in chips) 
Seat 2: pkr2k8 ($24.75 in chips) 
Seat 3: phrogman123 ($25.75 in chips) 
Seat 4: Alameda22 ($25.25 in chips) 
Seat 7: virtua_fish ($30.80 in chips) 
pkr2k8: posts small blind $0.10
phrogman123: posts big blind $0.25
*** HOLE CARDS ***
Dealt to Alameda22 [7c 4h]
Alameda22: folds 
nutttzzz0123 said, "cmon"
virtua_fish: raises $1 to $1.25
nutttzzz0123: folds 
pkr2k8: folds 
phrogman123: folds 
Uncalled bet ($1) returned to virtua_fish
virtua_fish collected $0.60 from pot
virtua_fish: doesn't show hand 
*** SUMMARY ***
Total pot $0.60 | Rake $0 
Seat 1: nutttzzz0123 (button) folded before Flop (didn't bet)
Seat 2: pkr2k8 (small blind) folded before Flop
Seat 3: phrogman123 (big blind) folded before Flop
Seat 4: Alameda22 folded before Flop (didn't bet)
Seat 7: virtua_fish collected ($0.60)



PokerStars Game #19578218528:  Hold'em No Limit ($0.10/$0.25) - 2008/08/13 - 00:55:32 (ET)
Table 'Stephania' 9-max Seat #2 is the button
Seat 1: nutttzzz0123 ($6.75 in chips) 
Seat 2: pkr2k8 ($24.65 in chips) 
Seat 3: phrogman123 ($25.50 in chips) 
Seat 4: Alameda22 ($25.25 in chips) 
Seat 7: virtua_fish ($31.15 in chips) 
phrogman123: posts small blind $0.10
Alameda22: posts big blind $0.25
*** HOLE CARDS ***
Dealt to Alameda22 [6h Kc]
virtua_fish: folds 
nutttzzz0123: raises $0.50 to $0.75
pkr2k8: folds 
nutttzzz0123 said, "omg"
phrogman123: folds 
Alameda22: folds 
Uncalled bet ($0.50) returned to nutttzzz0123
nutttzzz0123 collected $0.60 from pot
*** SUMMARY ***
Total pot $0.60 | Rake $0 
Seat 1: nutttzzz0123 collected ($0.60)
Seat 2: pkr2k8 (button) folded before Flop (didn't bet)
Seat 3: phrogman123 (small blind) folded before Flop
Seat 4: Alameda22 (big blind) folded before Flop
Seat 7: virtua_fish folded before Flop (didn't bet)



PokerStars Game #19578237038:  Hold'em No Limit ($0.10/$0.25) - 2008/08/13 - 00:56:44 (ET)
Table 'Stephania' 9-max Seat #3 is the button
Seat 1: nutttzzz0123 ($7.10 in chips) 
Seat 2: pkr2k8 ($24.65 in chips) 
Seat 3: phrogman123 ($25.40 in chips) 
Seat 4: Alameda22 ($25 in chips) 
Seat 7: virtua_fish ($31.15 in chips) 
Alameda22: posts small blind $0.10
virtua_fish: posts big blind $0.25
*** HOLE CARDS ***
Dealt to Alameda22 [2h 7h]
nutttzzz0123: folds 
pkr2k8: folds 
phrogman123: folds 
Alameda22: folds 
Uncalled bet ($0.15) returned to virtua_fish
virtua_fish collected $0.20 from pot
virtua_fish: doesn't show hand 
*** SUMMARY ***
Total pot $0.20 | Rake $0 
Seat 1: nutttzzz0123 folded before Flop (didn't bet)
Seat 2: pkr2k8 folded before Flop (didn't bet)
Seat 3: phrogman123 (button) folded before Flop (didn't bet)
Seat 4: Alameda22 (small blind) folded before Flop
Seat 7: virtua_fish (big blind) collected ($0.20)



PokerStars Game #19578243547:  Hold'em No Limit ($0.10/$0.25) - 2008/08/13 - 00:57:10 (ET)
Table 'Stephania' 9-max Seat #4 is the button
Seat 1: nutttzzz0123 ($7.10 in chips) 
Seat 2: pkr2k8 ($24.65 in chips) 
Seat 3: phrogman123 ($25.40 in chips) 
Seat 4: Alameda22 ($24.90 in chips) 
Seat 7: virtua_fish ($31.25 in chips) 
virtua_fish: posts small blind $0.10
nutttzzz0123: posts big blind $0.25
*** HOLE CARDS ***
Dealt to Alameda22 [Tc Ks]
pkr2k8: folds 
phrogman123: folds 
Alameda22: folds 
virtua_fish: folds 
Uncalled bet ($0.15) returned to nutttzzz0123
kompatibel joins the table at seat #5 
nutttzzz0123 collected $0.20 from pot
*** SUMMARY ***
Total pot $0.20 | Rake $0 
Seat 1: nutttzzz0123 (big blind) collected ($0.20)
Seat 2: pkr2k8 folded before Flop (didn't bet)
Seat 3: phrogman123 folded before Flop (didn't bet)
Seat 4: Alameda22 (button) folded before Flop (didn't bet)
Seat 7: virtua_fish (small blind) folded before Flop



PokerStars Game #19578252316:  Hold'em No Limit ($0.10/$0.25) - 2008/08/13 - 00:57:44 (ET)
Table 'Stephania' 9-max Seat #7 is the button
Seat 1: nutttzzz0123 ($7.20 in chips) 
Seat 2: pkr2k8 ($24.65 in chips) 
Seat 3: phrogman123 ($25.40 in chips) 
Seat 4: Alameda22 ($24.90 in chips) 
Seat 5: kompatibel ($15 in chips) 
Seat 7: virtua_fish ($31.15 in chips) 
nutttzzz0123: posts small blind $0.10
pkr2k8: posts big blind $0.25
kompatibel: posts big blind $0.25
*** HOLE CARDS ***
Dealt to Alameda22 [2h Ts]
phrogman123: folds 
Alameda22: folds 
kompatibel: checks 
virtua_fish: folds 
nutttzzz0123: raises $0.50 to $0.75
pkr2k8 has timed out
pkr2k8: folds 
pkr2k8 is sitting out
kompatibel: calls $0.50
*** FLOP *** [6s 6c 6d]
pkr2k8 has returned
nutttzzz0123: bets $0.75
kompatibel: raises $0.75 to $1.50
nutttzzz0123: raises $4.95 to $6.45 and is all-in
kompatibel: calls $4.95
*** TURN *** [6s 6c 6d] [Kh]
*** RIVER *** [6s 6c 6d Kh] [9h]
*** SHOW DOWN ***
nutttzzz0123: shows [8h 8d] (a full house, Sixes full of Eights)
kompatibel: shows [6h 7h] (four of a kind, Sixes)
kompatibel collected $13.95 from pot
nutttzzz0123 leaves the table
*** SUMMARY ***
Total pot $14.65 | Rake $0.70 
Board [6s 6c 6d Kh 9h]
Seat 1: nutttzzz0123 (small blind) showed [8h 8d] and lost with a full house, Sixes full of Eights
Seat 2: pkr2k8 (big blind) folded before Flop
Seat 3: phrogman123 folded before Flop (didn't bet)
Seat 4: Alameda22 folded before Flop (didn't bet)
Seat 5: kompatibel showed [6h 7h] and won ($13.95) with four of a kind, Sixes
Seat 7: virtua_fish (button) folded before Flop (didn't bet)



