PokerStars Game #19950864526:  Hold'em No Limit ($0.10/$0.25) - 2008/08/27 - 21:23:08 (ET)
Table 'Boyce' 9-max Seat #9 is the button
Seat 1: L3inad ($25.45 in chips) 
Seat 2: Alameda22 ($25 in chips) 
Seat 3: thing93001 ($25 in chips) 
Seat 4: Leftyleft09 ($28.50 in chips) 
Seat 5: PokyDon ($24.40 in chips) 
Seat 6: Pims_De_Lu ($16.65 in chips) 
Seat 8: AcesG13 ($20.15 in chips) 
Seat 9: Alimash ($24.65 in chips) 
L3inad: posts small blind $0.10
Alameda22: posts big blind $0.25
*** HOLE CARDS ***
Dealt to Alameda22 [Th Jd]
thing93001: folds 
Leftyleft09: folds 
PokyDon: calls $0.25
Pims_De_Lu has timed out
Pims_De_Lu: folds 
Pims_De_Lu is sitting out
AcesG13: folds 
Alimash: folds 
L3inad: raises $1 to $1.25
Alameda22: folds 
PokyDon: folds 
Uncalled bet ($1) returned to L3inad
L3inad collected $0.75 from pot
L3inad: doesn't show hand 
*** SUMMARY ***
Total pot $0.75 | Rake $0 
Seat 1: L3inad (small blind) collected ($0.75)
Seat 2: Alameda22 (big blind) folded before Flop
Seat 3: thing93001 folded before Flop (didn't bet)
Seat 4: Leftyleft09 folded before Flop (didn't bet)
Seat 5: PokyDon folded before Flop
Seat 6: Pims_De_Lu folded before Flop (didn't bet)
Seat 8: AcesG13 folded before Flop (didn't bet)
Seat 9: Alimash (button) folded before Flop (didn't bet)



PokerStars Game #19950891883:  Hold'em No Limit ($0.10/$0.25) - 2008/08/27 - 21:24:18 (ET)
Table 'Boyce' 9-max Seat #1 is the button
Seat 1: L3inad ($25.95 in chips) 
Seat 2: Alameda22 ($24.75 in chips) 
Seat 3: thing93001 ($25 in chips) 
Seat 4: Leftyleft09 ($28.50 in chips) 
Seat 5: PokyDon ($24.15 in chips) 
Seat 8: AcesG13 ($20.15 in chips) 
Seat 9: Alimash ($24.65 in chips) 
Alameda22: posts small blind $0.10
thing93001: posts big blind $0.25
*** HOLE CARDS ***
Dealt to Alameda22 [6s 7h]
Leftyleft09: folds 
PokyDon: calls $0.25
Eksal joins the table at seat #7 
AcesG13: calls $0.25
Alimash: raises $1.05 to $1.30
L3inad: folds 
Alameda22: folds 
thing93001: calls $1.05
PokyDon: raises $1.70 to $3
AcesG13: folds 
Alimash: folds 
thing93001: calls $1.70
*** FLOP *** [Th Qs 3c]
thing93001: checks 
PokyDon: bets $4
thing93001: raises $18 to $22 and is all-in
PokyDon: folds 
Uncalled bet ($18) returned to thing93001
thing93001 collected $14.90 from pot
thing93001: doesn't show hand 
*** SUMMARY ***
Total pot $15.65 | Rake $0.75 
Board [Th Qs 3c]
Seat 1: L3inad (button) folded before Flop (didn't bet)
Seat 2: Alameda22 (small blind) folded before Flop
Seat 3: thing93001 (big blind) collected ($14.90)
Seat 4: Leftyleft09 folded before Flop (didn't bet)
Seat 5: PokyDon folded on the Flop
Seat 8: AcesG13 folded before Flop
Seat 9: Alimash folded before Flop



PokerStars Game #19950925471:  Hold'em No Limit ($0.10/$0.25) - 2008/08/27 - 21:25:44 (ET)
Table 'Boyce' 9-max Seat #2 is the button
Seat 1: L3inad ($25.95 in chips) 
Seat 2: Alameda22 ($24.65 in chips) 
Seat 3: thing93001 ($32.90 in chips) 
Seat 4: Leftyleft09 ($28.50 in chips) 
Seat 5: PokyDon ($25 in chips) 
Seat 8: AcesG13 ($19.90 in chips) 
Seat 9: Alimash ($23.35 in chips) 
thing93001: posts small blind $0.10
Leftyleft09: posts big blind $0.25
Eksal: sits out 
*** HOLE CARDS ***
Dealt to Alameda22 [9d 8h]
PokyDon: folds 
AcesG13: folds 
Alimash: folds 
L3inad: folds 
Alameda22: folds 
thing93001: folds 
Uncalled bet ($0.15) returned to Leftyleft09
Leftyleft09 collected $0.20 from pot
Leftyleft09: doesn't show hand 
*** SUMMARY ***
Total pot $0.20 | Rake $0 
Seat 1: L3inad folded before Flop (didn't bet)
Seat 2: Alameda22 (button) folded before Flop (didn't bet)
Seat 3: thing93001 (small blind) folded before Flop
Seat 4: Leftyleft09 (big blind) collected ($0.20)
Seat 5: PokyDon folded before Flop (didn't bet)
Seat 8: AcesG13 folded before Flop (didn't bet)
Seat 9: Alimash folded before Flop (didn't bet)



PokerStars Game #19950938293:  Hold'em No Limit ($0.10/$0.25) - 2008/08/27 - 21:26:17 (ET)
Table 'Boyce' 9-max Seat #3 is the button
Seat 1: L3inad ($25.95 in chips) 
Seat 2: Alameda22 ($24.65 in chips) 
Seat 3: thing93001 ($32.80 in chips) 
Seat 4: Leftyleft09 ($28.60 in chips) 
Seat 5: PokyDon ($25 in chips) 
Seat 8: AcesG13 ($19.90 in chips) 
Seat 9: Alimash ($23.35 in chips) 
Leftyleft09: posts small blind $0.10
PokyDon: posts big blind $0.25
Eksal: sits out 
*** HOLE CARDS ***
Dealt to Alameda22 [3c 3s]
AcesG13: folds 
Alimash: folds 
L3inad: folds 
Alameda22: calls $0.25
thing93001: folds 
Leftyleft09: folds 
PokyDon: checks 
*** FLOP *** [Kh Th 3d]
Pims_De_Lu has returned
PokyDon: bets $0.30
Alameda22: raises $0.70 to $1
PokyDon: calls $0.70
*** TURN *** [Kh Th 3d] [8d]
PokyDon: checks 
Alameda22: bets $1.75
PokyDon: calls $1.75
*** RIVER *** [Kh Th 3d 8d] [2c]
PokyDon: checks 
Alameda22: bets $4
PokyDon: calls $4
*** SHOW DOWN ***
Alameda22: shows [3c 3s] (three of a kind, Threes)
PokyDon: mucks hand 
Alameda22 collected $13.45 from pot
*** SUMMARY ***
Total pot $14.10 | Rake $0.65 
Board [Kh Th 3d 8d 2c]
Seat 1: L3inad folded before Flop (didn't bet)
Seat 2: Alameda22 showed [3c 3s] and won ($13.45) with three of a kind, Threes
Seat 3: thing93001 (button) folded before Flop (didn't bet)
Seat 4: Leftyleft09 (small blind) folded before Flop
Seat 5: PokyDon (big blind) mucked [9c Kc]
Seat 8: AcesG13 folded before Flop (didn't bet)
Seat 9: Alimash folded before Flop (didn't bet)



PokerStars Game #19950973836:  Hold'em No Limit ($0.10/$0.25) - 2008/08/27 - 21:27:50 (ET)
Table 'Boyce' 9-max Seat #4 is the button
Seat 1: L3inad ($25.95 in chips) 
Seat 2: Alameda22 ($31.10 in chips) 
Seat 3: thing93001 ($32.80 in chips) 
Seat 4: Leftyleft09 ($28.50 in chips) 
Seat 5: PokyDon ($18 in chips) 
Seat 6: Pims_De_Lu ($16.65 in chips) 
Seat 8: AcesG13 ($19.90 in chips) 
Seat 9: Alimash ($23.35 in chips) 
PokyDon: posts small blind $0.10
Pims_De_Lu: posts big blind $0.25
Eksal: sits out 
*** HOLE CARDS ***
Dealt to Alameda22 [8h Th]
AcesG13: folds 
Alimash: raises $0.60 to $0.85
L3inad: folds 
Alameda22: folds 
thing93001: raises $2.65 to $3.50
Leftyleft09: folds 
PokyDon: folds 
Pims_De_Lu has timed out
Pims_De_Lu: folds 
Pims_De_Lu is sitting out
Alimash: folds 
Uncalled bet ($2.65) returned to thing93001
thing93001 collected $2.05 from pot
thing93001: doesn't show hand 
*** SUMMARY ***
Total pot $2.05 | Rake $0 
Seat 1: L3inad folded before Flop (didn't bet)
Seat 2: Alameda22 folded before Flop (didn't bet)
Seat 3: thing93001 collected ($2.05)
Seat 4: Leftyleft09 (button) folded before Flop (didn't bet)
Seat 5: PokyDon (small blind) folded before Flop
Seat 6: Pims_De_Lu (big blind) folded before Flop
Seat 8: AcesG13 folded before Flop (didn't bet)
Seat 9: Alimash folded before Flop



PokerStars Game #19951033455:  Hold'em No Limit ($0.10/$0.25) - 2008/08/27 - 21:30:23 (ET)
Table 'Boyce' 9-max Seat #5 is the button
Seat 1: L3inad ($25.95 in chips) 
Seat 2: Alameda22 ($31.10 in chips) 
Seat 3: thing93001 ($34 in chips) 
Seat 4: Leftyleft09 ($28.50 in chips) 
Seat 5: PokyDon ($17.90 in chips) 
Seat 8: AcesG13 ($19.90 in chips) 
Seat 9: Alimash ($22.50 in chips) 
Eksal will be allowed to play after the button
AcesG13: posts small blind $0.10
Alimash: posts big blind $0.25
*** HOLE CARDS ***
Dealt to Alameda22 [8d Ks]
L3inad: folds 
Alameda22: folds 
thing93001: folds 
Leftyleft09: folds 
PokyDon: folds 
AcesG13: calls $0.15
Alimash: checks 
*** FLOP *** [8h 2d Ad]
AcesG13: checks 
Alimash: bets $0.50
AcesG13: folds 
Uncalled bet ($0.50) returned to Alimash
Alimash collected $0.50 from pot
*** SUMMARY ***
Total pot $0.50 | Rake $0 
Board [8h 2d Ad]
Seat 1: L3inad folded before Flop (didn't bet)
Seat 2: Alameda22 folded before Flop (didn't bet)
Seat 3: thing93001 folded before Flop (didn't bet)
Seat 4: Leftyleft09 folded before Flop (didn't bet)
Seat 5: PokyDon (button) folded before Flop (didn't bet)
Seat 8: AcesG13 (small blind) folded on the Flop
Seat 9: Alimash (big blind) collected ($0.50)



PokerStars Game #19951061226:  Hold'em No Limit ($0.10/$0.25) - 2008/08/27 - 21:31:35 (ET)
Table 'Boyce' 9-max Seat #8 is the button
Seat 1: L3inad ($25.95 in chips) 
Seat 2: Alameda22 ($31.10 in chips) 
Seat 3: thing93001 ($34 in chips) 
Seat 4: Leftyleft09 ($28.50 in chips) 
Seat 5: PokyDon ($25 in chips) 
Seat 8: AcesG13 ($19.65 in chips) 
Seat 9: Alimash ($22.75 in chips) 
Alimash: posts small blind $0.10
L3inad: posts big blind $0.25
Eksal: sits out 
*** HOLE CARDS ***
Dealt to Alameda22 [Jh Tc]
Alameda22: folds 
thing93001: raises $0.50 to $0.75
Leftyleft09: folds 
PokyDon: folds 
AcesG13: calls $0.75
Alimash: calls $0.65
L3inad: raises $3.25 to $4
Pims_De_Lu has returned
thing93001: folds 
AcesG13: folds 
AcesG13 said, "take it"
Alimash: folds 
Uncalled bet ($3.25) returned to L3inad
L3inad collected $3 from pot
L3inad: doesn't show hand 
*** SUMMARY ***
Total pot $3 | Rake $0 
Seat 1: L3inad (big blind) collected ($3)
Seat 2: Alameda22 folded before Flop (didn't bet)
Seat 3: thing93001 folded before Flop
Seat 4: Leftyleft09 folded before Flop (didn't bet)
Seat 5: PokyDon folded before Flop (didn't bet)
Seat 8: AcesG13 (button) folded before Flop
Seat 9: Alimash (small blind) folded before Flop



PokerStars Game #19951087165:  Hold'em No Limit ($0.10/$0.25) - 2008/08/27 - 21:32:43 (ET)
Table 'Boyce' 9-max Seat #9 is the button
Seat 1: L3inad ($28.20 in chips) 
Seat 2: Alameda22 ($31.10 in chips) 
Seat 3: thing93001 ($33.25 in chips) 
Seat 4: Leftyleft09 ($28.50 in chips) 
Seat 5: PokyDon ($25 in chips) 
Seat 6: Pims_De_Lu ($16.40 in chips) 
Seat 8: AcesG13 ($18.90 in chips) 
Seat 9: Alimash ($22 in chips) 
L3inad: posts small blind $0.10
L3inad said, "JJ"
Alameda22: posts big blind $0.25
Pims_De_Lu: posts small blind $0.10
Eksal: sits out 
*** HOLE CARDS ***
Dealt to Alameda22 [7d Ac]
thing93001: folds 
thing93001 is sitting out
Leftyleft09: folds 
PokyDon: folds 
thing93001 leaves the table
EnjoyLife73 joins the table at seat #3 
Pims_De_Lu: calls $0.25
AcesG13: folds 
Alimash: raises $0.90 to $1.15
L3inad: folds 
Leftyleft09 leaves the table
Alameda22: folds 
RunJoeRun joins the table at seat #4 
Pims_De_Lu: folds 
Uncalled bet ($0.90) returned to Alimash
Alimash collected $0.95 from pot
*** SUMMARY ***
Total pot $0.95 | Rake $0 
Seat 1: L3inad (small blind) folded before Flop
Seat 2: Alameda22 (big blind) folded before Flop
Seat 3: thing93001 folded before Flop (didn't bet)
Seat 4: Leftyleft09 folded before Flop (didn't bet)
Seat 5: PokyDon folded before Flop (didn't bet)
Seat 6: Pims_De_Lu folded before Flop
Seat 8: AcesG13 folded before Flop (didn't bet)
Seat 9: Alimash (button) collected ($0.95)



PokerStars Game #19951129043:  Hold'em No Limit ($0.10/$0.25) - 2008/08/27 - 21:34:33 (ET)
Table 'Boyce' 9-max Seat #1 is the button
Seat 1: L3inad ($28.10 in chips) 
Seat 2: Alameda22 ($30.85 in chips) 
Seat 4: RunJoeRun ($15 in chips) 
Seat 5: PokyDon ($25 in chips) 
Seat 6: Pims_De_Lu ($16.05 in chips) 
Seat 8: AcesG13 ($18.90 in chips) 
Seat 9: Alimash ($22.70 in chips) 
Alameda22: posts small blind $0.10
EnjoyLife73: is sitting out 
RunJoeRun: posts big blind $0.25
Eksal: sits out 
*** HOLE CARDS ***
Dealt to Alameda22 [Ts 2s]
PokyDon: folds 
Pims_De_Lu: calls $0.25
AcesG13: folds 
Alimash: folds 
L3inad: folds 
Alameda22: folds 
RunJoeRun: raises $0.50 to $0.75
Pims_De_Lu: folds 
Uncalled bet ($0.50) returned to RunJoeRun
RunJoeRun collected $0.60 from pot
RunJoeRun: doesn't show hand 
*** SUMMARY ***
Total pot $0.60 | Rake $0 
Seat 1: L3inad (button) folded before Flop (didn't bet)
Seat 2: Alameda22 (small blind) folded before Flop
Seat 4: RunJoeRun (big blind) collected ($0.60)
Seat 5: PokyDon folded before Flop (didn't bet)
Seat 6: Pims_De_Lu folded before Flop
Seat 8: AcesG13 folded before Flop (didn't bet)
Seat 9: Alimash folded before Flop (didn't bet)



PokerStars Game #19951152736:  Hold'em No Limit ($0.10/$0.25) - 2008/08/27 - 21:35:36 (ET)
Table 'Boyce' 9-max Seat #2 is the button
Seat 1: L3inad ($28.10 in chips) 
Seat 2: Alameda22 ($30.75 in chips) 
Seat 4: RunJoeRun ($15.35 in chips) 
Seat 5: PokyDon ($25 in chips) 
Seat 6: Pims_De_Lu ($15.80 in chips) 
Seat 8: AcesG13 ($18.90 in chips) 
Seat 9: Alimash ($22.70 in chips) 
RunJoeRun: posts small blind $0.10
PokyDon: posts big blind $0.25
Eksal: sits out 
*** HOLE CARDS ***
Dealt to Alameda22 [7s 3s]
Pims_De_Lu: folds 
AcesG13: folds 
Alimash: folds 
L3inad: folds 
Alameda22: folds 
RunJoeRun: calls $0.15
PokyDon: checks 
*** FLOP *** [7c 9s Kd]
RunJoeRun: bets $0.25
PokyDon: folds 
Uncalled bet ($0.25) returned to RunJoeRun
RunJoeRun collected $0.50 from pot
RunJoeRun: shows [Ad 9c] (a pair of Nines)
*** SUMMARY ***
Total pot $0.50 | Rake $0 
Board [7c 9s Kd]
Seat 1: L3inad folded before Flop (didn't bet)
Seat 2: Alameda22 (button) folded before Flop (didn't bet)
Seat 4: RunJoeRun (small blind) collected ($0.50)
Seat 5: PokyDon (big blind) folded on the Flop
Seat 6: Pims_De_Lu folded before Flop (didn't bet)
Seat 8: AcesG13 folded before Flop (didn't bet)
Seat 9: Alimash folded before Flop (didn't bet)



PokerStars Game #19951168183:  Hold'em No Limit ($0.10/$0.25) - 2008/08/27 - 21:36:17 (ET)
Table 'Boyce' 9-max Seat #4 is the button
Seat 1: L3inad ($28.10 in chips) 
Seat 2: Alameda22 ($30.75 in chips) 
Seat 4: RunJoeRun ($15.60 in chips) 
Seat 5: PokyDon ($24.75 in chips) 
Seat 6: Pims_De_Lu ($15.80 in chips) 
Seat 8: AcesG13 ($18.90 in chips) 
Seat 9: Alimash ($22.70 in chips) 
PokyDon: posts small blind $0.10
Pims_De_Lu: posts big blind $0.25
Eksal: sits out 
*** HOLE CARDS ***
Dealt to Alameda22 [5c 4d]
AcesG13: folds 
Alimash: folds 
L3inad: folds 
Alameda22: folds 
RunJoeRun: raises $0.75 to $1
PokyDon: folds 
Pims_De_Lu: calls $0.75
*** FLOP *** [6h 3h Jh]
Pims_De_Lu: checks 
RunJoeRun: bets $1
Pims_De_Lu: folds 
Uncalled bet ($1) returned to RunJoeRun
RunJoeRun collected $2 from pot
RunJoeRun: shows [8d 8h] (a pair of Eights)
*** SUMMARY ***
Total pot $2.10 | Rake $0.10 
Board [6h 3h Jh]
Seat 1: L3inad folded before Flop (didn't bet)
Seat 2: Alameda22 folded before Flop (didn't bet)
Seat 4: RunJoeRun (button) collected ($2)
Seat 5: PokyDon (small blind) folded before Flop
Seat 6: Pims_De_Lu (big blind) folded on the Flop
Seat 8: AcesG13 folded before Flop (didn't bet)
Seat 9: Alimash folded before Flop (didn't bet)



PokerStars Game #19951191644:  Hold'em No Limit ($0.10/$0.25) - 2008/08/27 - 21:37:19 (ET)
Table 'Boyce' 9-max Seat #5 is the button
Seat 1: L3inad ($28.10 in chips) 
Seat 2: Alameda22 ($30.75 in chips) 
Seat 4: RunJoeRun ($16.60 in chips) 
Seat 5: PokyDon ($24.65 in chips) 
Seat 6: Pims_De_Lu ($14.80 in chips) 
Seat 7: Eksal ($5 in chips) 
Seat 8: AcesG13 ($18.90 in chips) 
Seat 9: Alimash ($22.70 in chips) 
Pims_De_Lu: posts small blind $0.10
Eksal: posts big blind $0.25
*** HOLE CARDS ***
Dealt to Alameda22 [Kd Ad]
AcesG13: calls $0.25
Alimash: folds 
L3inad: raises $1 to $1.25
Alameda22: raises $2 to $3.25
RunJoeRun: folds 
PokyDon: folds 
Pims_De_Lu: folds 
Eksal: folds 
AcesG13: folds 
L3inad: calls $2
*** FLOP *** [Js 5s Th]
L3inad: checks 
Alameda22: bets $4.50
L3inad: raises $20.35 to $24.85 and is all-in
L3inad said, "QQ"
Alameda22: folds 
Uncalled bet ($20.35) returned to L3inad
L3inad collected $15.35 from pot
L3inad: doesn't show hand 
*** SUMMARY ***
Total pot $16.10 | Rake $0.75 
Board [Js 5s Th]
Seat 1: L3inad collected ($15.35)
Seat 2: Alameda22 folded on the Flop
Seat 4: RunJoeRun folded before Flop (didn't bet)
Seat 5: PokyDon (button) folded before Flop (didn't bet)
Seat 6: Pims_De_Lu (small blind) folded before Flop
Seat 7: Eksal (big blind) folded before Flop
Seat 8: AcesG13 folded before Flop
Seat 9: Alimash folded before Flop (didn't bet)



PokerStars Game #19951228221:  Hold'em No Limit ($0.10/$0.25) - 2008/08/27 - 21:38:55 (ET)
Table 'Boyce' 9-max Seat #6 is the button
Seat 1: L3inad ($35.70 in chips) 
Seat 2: Alameda22 ($23 in chips) 
Seat 4: RunJoeRun ($16.60 in chips) 
Seat 5: PokyDon ($24.65 in chips) 
Seat 6: Pims_De_Lu ($14.70 in chips) 
Seat 7: Eksal ($4.75 in chips) 
Seat 8: AcesG13 ($18.65 in chips) 
Seat 9: Alimash ($22.70 in chips) 
Eksal: posts small blind $0.10
AcesG13: posts big blind $0.25
*** HOLE CARDS ***
Dealt to Alameda22 [2s 5s]
Alimash: folds 
L3inad: folds 
Alameda22: folds 
RunJoeRun: folds 
PokyDon: folds 
Pims_De_Lu: folds 
Eksal: folds 
Uncalled bet ($0.15) returned to AcesG13
AcesG13 collected $0.20 from pot
AcesG13: doesn't show hand 
*** SUMMARY ***
Total pot $0.20 | Rake $0 
Seat 1: L3inad folded before Flop (didn't bet)
Seat 2: Alameda22 folded before Flop (didn't bet)
Seat 4: RunJoeRun folded before Flop (didn't bet)
Seat 5: PokyDon folded before Flop (didn't bet)
Seat 6: Pims_De_Lu (button) folded before Flop (didn't bet)
Seat 7: Eksal (small blind) folded before Flop
Seat 8: AcesG13 (big blind) collected ($0.20)
Seat 9: Alimash folded before Flop (didn't bet)



PokerStars Game #19951241582:  Hold'em No Limit ($0.10/$0.25) - 2008/08/27 - 21:39:29 (ET)
Table 'Boyce' 9-max Seat #7 is the button
Seat 1: L3inad ($35.70 in chips) 
Seat 2: Alameda22 ($23 in chips) 
Seat 4: RunJoeRun ($16.60 in chips) 
Seat 5: PokyDon ($24.65 in chips) 
Seat 6: Pims_De_Lu ($14.70 in chips) 
Seat 7: Eksal ($4.65 in chips) 
Seat 8: AcesG13 ($18.75 in chips) 
Seat 9: Alimash ($22.70 in chips) 
AcesG13: posts small blind $0.10
Alimash: posts big blind $0.25
*** HOLE CARDS ***
Dealt to Alameda22 [Jc Td]
L3inad: folds 
Alameda22: folds 
RunJoeRun: calls $0.25
PokyDon: folds 
EnjoyLife73 leaves the table
Pims_De_Lu has timed out
Pims_De_Lu: folds 
Pims_De_Lu is sitting out
Eksal: folds 
AcesG13: folds 
Alimash: checks 
*** FLOP *** [7c 6d Ac]
Alimash: checks 
RunJoeRun: bets $0.50
Alimash: folds 
Uncalled bet ($0.50) returned to RunJoeRun
Pims_De_Lu has returned
RunJoeRun collected $0.60 from pot
RunJoeRun: doesn't show hand 
*** SUMMARY ***
Total pot $0.60 | Rake $0 
Board [7c 6d Ac]
Seat 1: L3inad folded before Flop (didn't bet)
Seat 2: Alameda22 folded before Flop (didn't bet)
Seat 4: RunJoeRun collected ($0.60)
Seat 5: PokyDon folded before Flop (didn't bet)
Seat 6: Pims_De_Lu folded before Flop (didn't bet)
Seat 7: Eksal (button) folded before Flop (didn't bet)
Seat 8: AcesG13 (small blind) folded before Flop
Seat 9: Alimash (big blind) folded on the Flop



PokerStars Game #19951272577:  Hold'em No Limit ($0.10/$0.25) - 2008/08/27 - 21:40:51 (ET)
Table 'Boyce' 9-max Seat #8 is the button
Seat 1: L3inad ($35.70 in chips) 
Seat 2: Alameda22 ($23 in chips) 
Seat 4: RunJoeRun ($16.95 in chips) 
Seat 5: PokyDon ($24.65 in chips) 
Seat 6: Pims_De_Lu ($14.70 in chips) 
Seat 7: Eksal ($4.65 in chips) 
Seat 8: AcesG13 ($18.65 in chips) 
Seat 9: Alimash ($22.45 in chips) 
Alimash: posts small blind $0.10
L3inad: posts big blind $0.25
*** HOLE CARDS ***
Dealt to Alameda22 [5c 3h]
Alameda22: folds 
RunJoeRun: calls $0.25
PokyDon: folds 
Pims_De_Lu has timed out
Pims_De_Lu: folds 
Pims_De_Lu is sitting out
Eksal: folds 
Pims_De_Lu has returned
barr_b2 joins the table at seat #3 
AcesG13: folds 
Alimash: folds 
barr_b2 leaves the table
L3inad: checks 
*** FLOP *** [Ah Kh 4d]
L3inad: checks 
RunJoeRun: bets $0.25
L3inad: folds 
Uncalled bet ($0.25) returned to RunJoeRun
RunJoeRun collected $0.60 from pot
RunJoeRun: doesn't show hand 
*** SUMMARY ***
Total pot $0.60 | Rake $0 
Board [Ah Kh 4d]
Seat 1: L3inad (big blind) folded on the Flop
Seat 2: Alameda22 folded before Flop (didn't bet)
Seat 4: RunJoeRun collected ($0.60)
Seat 5: PokyDon folded before Flop (didn't bet)
Seat 6: Pims_De_Lu folded before Flop (didn't bet)
Seat 7: Eksal folded before Flop (didn't bet)
Seat 8: AcesG13 (button) folded before Flop (didn't bet)
Seat 9: Alimash (small blind) folded before Flop



PokerStars Game #19951305970:  Hold'em No Limit ($0.10/$0.25) - 2008/08/27 - 21:42:16 (ET)
Table 'Boyce' 9-max Seat #9 is the button
Seat 1: L3inad ($35.45 in chips) 
Seat 2: Alameda22 ($23 in chips) 
Seat 4: RunJoeRun ($17.30 in chips) 
Seat 5: PokyDon ($24.65 in chips) 
Seat 6: Pims_De_Lu ($14.70 in chips) 
Seat 7: Eksal ($4.65 in chips) 
Seat 8: AcesG13 ($18.65 in chips) 
Seat 9: Alimash ($22.35 in chips) 
L3inad: posts small blind $0.10
Alameda22: posts big blind $0.25
*** HOLE CARDS ***
Dealt to Alameda22 [Tc Th]
RunJoeRun: calls $0.25
PokyDon: folds 
Pims_De_Lu: folds 
Eksal: folds 
AcesG13: folds 
Alimash: folds 
L3inad: folds 
Alameda22: raises $0.75 to $1
RunJoeRun: folds 
Uncalled bet ($0.75) returned to Alameda22
Alameda22 collected $0.60 from pot
Alameda22: doesn't show hand 
*** SUMMARY ***
Total pot $0.60 | Rake $0 
Seat 1: L3inad (small blind) folded before Flop
Seat 2: Alameda22 (big blind) collected ($0.60)
Seat 4: RunJoeRun folded before Flop
Seat 5: PokyDon folded before Flop (didn't bet)
Seat 6: Pims_De_Lu folded before Flop (didn't bet)
Seat 7: Eksal folded before Flop (didn't bet)
Seat 8: AcesG13 folded before Flop (didn't bet)
Seat 9: Alimash (button) folded before Flop (didn't bet)



PokerStars Game #19951326206:  Hold'em No Limit ($0.10/$0.25) - 2008/08/27 - 21:43:08 (ET)
Table 'Boyce' 9-max Seat #1 is the button
Seat 1: L3inad ($35.35 in chips) 
Seat 2: Alameda22 ($23.35 in chips) 
Seat 4: RunJoeRun ($17.05 in chips) 
Seat 5: PokyDon ($24.65 in chips) 
Seat 6: Pims_De_Lu ($14.70 in chips) 
Seat 7: Eksal ($4.65 in chips) 
Seat 8: AcesG13 ($18.65 in chips) 
Seat 9: Alimash ($22.35 in chips) 
Alameda22: posts small blind $0.10
RunJoeRun: posts big blind $0.25
*** HOLE CARDS ***
Dealt to Alameda22 [4c As]
PokyDon: folds 
Pims_De_Lu: calls $0.25
Eksal: raises $1 to $1.25
AcesG13: folds 
Alimash: folds 
L3inad: folds 
ppj800 joins the table at seat #3 
Alameda22: folds 
RunJoeRun: folds 
Pims_De_Lu: calls $1
*** FLOP *** [5c 2c 8h]
Pims_De_Lu: bets $0.25
Eksal: raises $1.50 to $1.75
Pims_De_Lu: calls $1.50
*** TURN *** [5c 2c 8h] [5h]
Pims_De_Lu: bets $1
Eksal: raises $0.65 to $1.65 and is all-in
Pims_De_Lu: calls $0.65
*** RIVER *** [5c 2c 8h 5h] [4s]
*** SHOW DOWN ***
Pims_De_Lu: shows [9d 9c] (two pair, Nines and Fives)
Eksal: mucks hand 
Pims_De_Lu collected $9.20 from pot
*** SUMMARY ***
Total pot $9.65 | Rake $0.45 
Board [5c 2c 8h 5h 4s]
Seat 1: L3inad (button) folded before Flop (didn't bet)
Seat 2: Alameda22 (small blind) folded before Flop
Seat 4: RunJoeRun (big blind) folded before Flop
Seat 5: PokyDon folded before Flop (didn't bet)
Seat 6: Pims_De_Lu showed [9d 9c] and won ($9.20) with two pair, Nines and Fives
Seat 7: Eksal mucked [Ac Jh]
Seat 8: AcesG13 folded before Flop (didn't bet)
Seat 9: Alimash folded before Flop (didn't bet)



PokerStars Game #19951362491:  Hold'em No Limit ($0.10/$0.25) - 2008/08/27 - 21:44:43 (ET)
Table 'Boyce' 9-max Seat #2 is the button
Seat 1: L3inad ($35.35 in chips) 
Seat 2: Alameda22 ($23.25 in chips) 
Seat 4: RunJoeRun ($16.80 in chips) 
Seat 5: PokyDon ($24.65 in chips) 
Seat 6: Pims_De_Lu ($19.25 in chips) 
Seat 7: Eksal ($5 in chips) 
Seat 8: AcesG13 ($18.65 in chips) 
Seat 9: Alimash ($22.35 in chips) 
ppj800 will be allowed to play after the button
RunJoeRun: posts small blind $0.10
PokyDon: posts big blind $0.25
*** HOLE CARDS ***
Dealt to Alameda22 [4h 2d]
Pims_De_Lu: folds 
Eksal: raises $0.75 to $1
AcesG13: folds 
Alimash: folds 
L3inad: folds 
Alameda22: folds 
RunJoeRun: folds 
PokyDon: folds 
Uncalled bet ($0.75) returned to Eksal
Eksal collected $0.60 from pot
Eksal: doesn't show hand 
*** SUMMARY ***
Total pot $0.60 | Rake $0 
Seat 1: L3inad folded before Flop (didn't bet)
Seat 2: Alameda22 (button) folded before Flop (didn't bet)
Seat 4: RunJoeRun (small blind) folded before Flop
Seat 5: PokyDon (big blind) folded before Flop
Seat 6: Pims_De_Lu folded before Flop (didn't bet)
Seat 7: Eksal collected ($0.60)
Seat 8: AcesG13 folded before Flop (didn't bet)
Seat 9: Alimash folded before Flop (didn't bet)



PokerStars Game #19951382217:  Hold'em No Limit ($0.10/$0.25) - 2008/08/27 - 21:45:33 (ET)
Table 'Boyce' 9-max Seat #4 is the button
Seat 1: L3inad ($35.35 in chips) 
Seat 2: Alameda22 ($23.25 in chips) 
Seat 3: ppj800 ($25 in chips) 
Seat 4: RunJoeRun ($16.70 in chips) 
Seat 5: PokyDon ($24.40 in chips) 
Seat 6: Pims_De_Lu ($19.25 in chips) 
Seat 7: Eksal ($5.35 in chips) 
Seat 8: AcesG13 ($18.65 in chips) 
Seat 9: Alimash ($22.35 in chips) 
PokyDon: posts small blind $0.10
Pims_De_Lu: posts big blind $0.25
ppj800: posts big blind $0.25
*** HOLE CARDS ***
Dealt to Alameda22 [8s 5s]
Eksal: folds 
AcesG13: folds 
Alimash: folds 
L3inad: folds 
Alameda22: folds 
ppj800: checks 
RunJoeRun: folds 
PokyDon: folds 
Pims_De_Lu: checks 
*** FLOP *** [9c 3d 9d]
Pims_De_Lu has timed out
Pims_De_Lu: folds 
Pims_De_Lu is sitting out
ppj800 collected $0.60 from pot
ppj800: doesn't show hand 
*** SUMMARY ***
Total pot $0.60 | Rake $0 
Board [9c 3d 9d]
Seat 1: L3inad folded before Flop (didn't bet)
Seat 2: Alameda22 folded before Flop (didn't bet)
Seat 3: ppj800 collected ($0.60)
Seat 4: RunJoeRun (button) folded before Flop (didn't bet)
Seat 5: PokyDon (small blind) folded before Flop
Seat 6: Pims_De_Lu (big blind) folded on the Flop
Seat 7: Eksal folded before Flop (didn't bet)
Seat 8: AcesG13 folded before Flop (didn't bet)
Seat 9: Alimash folded before Flop (didn't bet)



PokerStars Game #19951418059:  Hold'em No Limit ($0.10/$0.25) - 2008/08/27 - 21:47:05 (ET)
Table 'Boyce' 9-max Seat #5 is the button
Seat 1: L3inad ($35.35 in chips) 
Seat 2: Alameda22 ($23.25 in chips) 
Seat 3: ppj800 ($25.35 in chips) 
Seat 4: RunJoeRun ($16.70 in chips) 
Seat 5: PokyDon ($24.30 in chips) 
Seat 7: Eksal ($5.35 in chips) 
Seat 9: Alimash ($22.35 in chips) 
Eksal: posts small blind $0.10
AcesG13: is sitting out 
Alimash: posts big blind $0.25
*** HOLE CARDS ***
Dealt to Alameda22 [As Jd]
L3inad: folds 
Alameda22: folds 
ppj800: calls $0.25
RunJoeRun: calls $0.25
PokyDon: calls $0.25
Eksal: folds 
Alimash: checks 
*** FLOP *** [7h Kd Qd]
Alimash: checks 
ppj800: bets $0.75
RunJoeRun: folds 
PokyDon: folds 
Alimash: folds 
Uncalled bet ($0.75) returned to ppj800
ppj800 collected $1.05 from pot
ppj800: doesn't show hand 
*** SUMMARY ***
Total pot $1.10 | Rake $0.05 
Board [7h Kd Qd]
Seat 1: L3inad folded before Flop (didn't bet)
Seat 2: Alameda22 folded before Flop (didn't bet)
Seat 3: ppj800 collected ($1.05)
Seat 4: RunJoeRun folded on the Flop
Seat 5: PokyDon (button) folded on the Flop
Seat 7: Eksal (small blind) folded before Flop
Seat 9: Alimash (big blind) folded on the Flop



PokerStars Game #19951441020:  Hold'em No Limit ($0.10/$0.25) - 2008/08/27 - 21:48:04 (ET)
Table 'Boyce' 9-max Seat #7 is the button
Seat 1: L3inad ($35.35 in chips) 
Seat 2: Alameda22 ($23.25 in chips) 
Seat 3: ppj800 ($26.15 in chips) 
Seat 4: RunJoeRun ($16.45 in chips) 
Seat 5: PokyDon ($24.05 in chips) 
Seat 7: Eksal ($5.25 in chips) 
Seat 9: Alimash ($22.10 in chips) 
Alimash: posts small blind $0.10
L3inad: posts big blind $0.25
*** HOLE CARDS ***
Dealt to Alameda22 [2d 4s]
Alameda22: folds 
ppj800: folds 
RunJoeRun: folds 
PokyDon: folds 
Eksal: raises $0.75 to $1
Alimash: raises $13 to $14
L3inad: folds 
Eksal: calls $4.25 and is all-in
Uncalled bet ($8.75) returned to Alimash
*** FLOP *** [Th 9h Kd]
*** TURN *** [Th 9h Kd] [3d]
*** RIVER *** [Th 9h Kd 3d] [Jd]
*** SHOW DOWN ***
Alimash: shows [9s 9c] (three of a kind, Nines)
Eksal: shows [Jc Js] (three of a kind, Jacks)
Eksal collected $10.25 from pot
*** SUMMARY ***
Total pot $10.75 | Rake $0.50 
Board [Th 9h Kd 3d Jd]
Seat 1: L3inad (big blind) folded before Flop
Seat 2: Alameda22 folded before Flop (didn't bet)
Seat 3: ppj800 folded before Flop (didn't bet)
Seat 4: RunJoeRun folded before Flop (didn't bet)
Seat 5: PokyDon folded before Flop (didn't bet)
Seat 7: Eksal (button) showed [Jc Js] and won ($10.25) with three of a kind, Jacks
Seat 9: Alimash (small blind) showed [9s 9c] and lost with three of a kind, Nines



PokerStars Game #19951464837:  Hold'em No Limit ($0.10/$0.25) - 2008/08/27 - 21:49:05 (ET)
Table 'Boyce' 9-max Seat #9 is the button
Seat 1: L3inad ($35.10 in chips) 
Seat 2: Alameda22 ($23.25 in chips) 
Seat 3: ppj800 ($26.15 in chips) 
Seat 4: RunJoeRun ($16.45 in chips) 
Seat 5: PokyDon ($24.05 in chips) 
Seat 7: Eksal ($10.25 in chips) 
Seat 9: Alimash ($16.85 in chips) 
L3inad: posts small blind $0.10
Alameda22: posts big blind $0.25
*** HOLE CARDS ***
Dealt to Alameda22 [Qd 5h]
ppj800: folds 
RunJoeRun: folds 
PokyDon: raises $0.50 to $0.75
Eksal: folds 
Alimash: folds 
L3inad: folds 
Alameda22: folds 
Uncalled bet ($0.50) returned to PokyDon
PokyDon collected $0.60 from pot
PokyDon: doesn't show hand 
*** SUMMARY ***
Total pot $0.60 | Rake $0 
Seat 1: L3inad (small blind) folded before Flop
Seat 2: Alameda22 (big blind) folded before Flop
Seat 3: ppj800 folded before Flop (didn't bet)
Seat 4: RunJoeRun folded before Flop (didn't bet)
Seat 5: PokyDon collected ($0.60)
Seat 7: Eksal folded before Flop (didn't bet)
Seat 9: Alimash (button) folded before Flop (didn't bet)



PokerStars Game #19951483056:  Hold'em No Limit ($0.10/$0.25) - 2008/08/27 - 21:49:52 (ET)
Table 'Boyce' 9-max Seat #1 is the button
Seat 1: L3inad ($35 in chips) 
Seat 2: Alameda22 ($23 in chips) 
Seat 3: ppj800 ($26.15 in chips) 
Seat 4: RunJoeRun ($16.45 in chips) 
Seat 5: PokyDon ($24.40 in chips) 
Seat 7: Eksal ($10.25 in chips) 
Seat 9: Alimash ($25 in chips) 
Alameda22: posts small blind $0.10
ppj800: posts big blind $0.25
*** HOLE CARDS ***
Dealt to Alameda22 [2c 7d]
RunJoeRun: calls $0.25
PokyDon: folds 
Eksal: folds 
Alimash: raises $0.90 to $1.15
L3inad: folds 
Alameda22: folds 
ppj800: folds 
RunJoeRun: calls $0.90
*** FLOP *** [Kd 2h 3s]
RunJoeRun: bets $0.75
Alimash: raises $2.25 to $3
RunJoeRun: folds 
Uncalled bet ($2.25) returned to Alimash
Alimash collected $3.95 from pot
Alimash: doesn't show hand 
*** SUMMARY ***
Total pot $4.15 | Rake $0.20 
Board [Kd 2h 3s]
Seat 1: L3inad (button) folded before Flop (didn't bet)
Seat 2: Alameda22 (small blind) folded before Flop
Seat 3: ppj800 (big blind) folded before Flop
Seat 4: RunJoeRun folded on the Flop
Seat 5: PokyDon folded before Flop (didn't bet)
Seat 7: Eksal folded before Flop (didn't bet)
Seat 9: Alimash collected ($3.95)



PokerStars Game #19951507732:  Hold'em No Limit ($0.10/$0.25) - 2008/08/27 - 21:50:56 (ET)
Table 'Boyce' 9-max Seat #2 is the button
Seat 1: L3inad ($35 in chips) 
Seat 2: Alameda22 ($22.90 in chips) 
Seat 3: ppj800 ($25.90 in chips) 
Seat 4: RunJoeRun ($14.55 in chips) 
Seat 5: PokyDon ($24.40 in chips) 
Seat 7: Eksal ($10.25 in chips) 
Seat 9: Alimash ($27.05 in chips) 
ppj800: posts small blind $0.10
RunJoeRun: posts big blind $0.25
*** HOLE CARDS ***
Dealt to Alameda22 [Ts Qs]
PokyDon: folds 
Eksal: folds 
Alimash: folds 
L3inad: folds 
Alameda22: raises $0.50 to $0.75
ppj800: folds 
RunJoeRun: calls $0.50
*** FLOP *** [2c Td 7h]
RunJoeRun: bets $0.50
Alameda22: raises $1 to $1.50
RunJoeRun: raises $1 to $2.50
Alameda22: calls $1
*** TURN *** [2c Td 7h] [4h]
RunJoeRun: checks 
Alameda22: checks 
*** RIVER *** [2c Td 7h 4h] [9h]
RunJoeRun: bets $1
Alameda22: calls $1
*** SHOW DOWN ***
RunJoeRun: shows [Kd 7c] (a pair of Sevens)
Alameda22: shows [Ts Qs] (a pair of Tens)
Alameda22 collected $8.20 from pot
*** SUMMARY ***
Total pot $8.60 | Rake $0.40 
Board [2c Td 7h 4h 9h]
Seat 1: L3inad folded before Flop (didn't bet)
Seat 2: Alameda22 (button) showed [Ts Qs] and won ($8.20) with a pair of Tens
Seat 3: ppj800 (small blind) folded before Flop
Seat 4: RunJoeRun (big blind) showed [Kd 7c] and lost with a pair of Sevens
Seat 5: PokyDon folded before Flop (didn't bet)
Seat 7: Eksal folded before Flop (didn't bet)
Seat 9: Alimash folded before Flop (didn't bet)



PokerStars Game #19951543231:  Hold'em No Limit ($0.10/$0.25) - 2008/08/27 - 21:52:28 (ET)
Table 'Boyce' 9-max Seat #3 is the button
Seat 1: L3inad ($35 in chips) 
Seat 2: Alameda22 ($26.85 in chips) 
Seat 3: ppj800 ($25.80 in chips) 
Seat 4: RunJoeRun ($10.30 in chips) 
Seat 9: Alimash ($27.05 in chips) 
RunJoeRun: posts small blind $0.10
PokyDon: is sitting out 
Eksal: is sitting out 
Alimash: posts big blind $0.25
*** HOLE CARDS ***
Dealt to Alameda22 [Ks Kc]
PokyDon leaves the table
Eksal leaves the table
L3inad: folds 
Alameda22: raises $0.75 to $1
ppj800: folds 
RunJoeRun: folds 
Alimash: folds 
Uncalled bet ($0.75) returned to Alameda22
Alameda22 collected $0.60 from pot
Alameda22: doesn't show hand 
*** SUMMARY ***
Total pot $0.60 | Rake $0 
Seat 1: L3inad folded before Flop (didn't bet)
Seat 2: Alameda22 collected ($0.60)
Seat 3: ppj800 (button) folded before Flop (didn't bet)
Seat 4: RunJoeRun (small blind) folded before Flop
Seat 9: Alimash (big blind) folded before Flop



PokerStars Game #19951557730:  Hold'em No Limit ($0.10/$0.25) - 2008/08/27 - 21:53:05 (ET)
Table 'Boyce' 9-max Seat #4 is the button
Seat 1: L3inad ($35 in chips) 
Seat 2: Alameda22 ($27.20 in chips) 
Seat 3: ppj800 ($25.80 in chips) 
Seat 4: RunJoeRun ($10.20 in chips) 
Seat 9: Alimash ($26.80 in chips) 
Alimash: posts small blind $0.10
L3inad: posts big blind $0.25
*** HOLE CARDS ***
Dealt to Alameda22 [6c Ts]
Alameda22: folds 
ppj800: folds 
RunJoeRun: raises $0.50 to $0.75
Duffa joins the table at seat #7 
Alimash: folds 
L3inad: folds 
Uncalled bet ($0.50) returned to RunJoeRun
L3inad leaves the table
RunJoeRun collected $0.60 from pot
RunJoeRun: doesn't show hand 
*** SUMMARY ***
Total pot $0.60 | Rake $0 
Seat 1: L3inad (big blind) folded before Flop
Seat 2: Alameda22 folded before Flop (didn't bet)
Seat 3: ppj800 folded before Flop (didn't bet)
Seat 4: RunJoeRun (button) collected ($0.60)
Seat 9: Alimash (small blind) folded before Flop



PokerStars Game #19951569908:  Hold'em No Limit ($0.10/$0.25) - 2008/08/27 - 21:53:37 (ET)
Table 'Boyce' 9-max Seat #9 is the button
Seat 2: Alameda22 ($27.20 in chips) 
Seat 3: ppj800 ($25.80 in chips) 
Seat 4: RunJoeRun ($10.55 in chips) 
Seat 9: Alimash ($26.70 in chips) 
Alameda22: posts small blind $0.10
ppj800: posts big blind $0.25
Duffa: sits out 
*** HOLE CARDS ***
Dealt to Alameda22 [Jd 8d]
RunJoeRun: folds 
ChipJamber joins the table at seat #5 
RunJoeRun leaves the table
Alimash: raises $0.60 to $0.85
Alameda22: folds 
ppj800: folds 
Uncalled bet ($0.60) returned to Alimash
Alimash collected $0.60 from pot
Alimash: doesn't show hand 
*** SUMMARY ***
Total pot $0.60 | Rake $0 
Seat 2: Alameda22 (small blind) folded before Flop
Seat 3: ppj800 (big blind) folded before Flop
Seat 4: RunJoeRun folded before Flop (didn't bet)
Seat 9: Alimash (button) collected ($0.60)



PokerStars Game #19951582980:  Hold'em No Limit ($0.10/$0.25) - 2008/08/27 - 21:54:11 (ET)
Table 'Boyce' 9-max Seat #2 is the button
Seat 2: Alameda22 ($27.10 in chips) 
Seat 3: ppj800 ($25.55 in chips) 
Seat 5: ChipJamber ($25 in chips) 
Seat 9: Alimash ($27.05 in chips) 
ppj800: posts small blind $0.10
AcesG13 has returned
ChipJamber: posts big blind $0.25
Duffa: sits out 
*** HOLE CARDS ***
Dealt to Alameda22 [5d Jh]
Alimash: folds 
Alameda22: folds 
ppj800: calls $0.15
ChipJamber: checks 
*** FLOP *** [Ac 2d Jc]
ppj800: checks 
ChipJamber: bets $0.75
ppj800: folds 
Uncalled bet ($0.75) returned to ChipJamber
ChipJamber collected $0.50 from pot
ChipJamber: doesn't show hand 
*** SUMMARY ***
Total pot $0.50 | Rake $0 
Board [Ac 2d Jc]
Seat 2: Alameda22 (button) folded before Flop (didn't bet)
Seat 3: ppj800 (small blind) folded on the Flop
Seat 5: ChipJamber (big blind) collected ($0.50)
Seat 9: Alimash folded before Flop (didn't bet)



PokerStars Game #19951596751:  Hold'em No Limit ($0.10/$0.25) - 2008/08/27 - 21:54:47 (ET)
Table 'Boyce' 9-max Seat #3 is the button
Seat 2: Alameda22 ($27.10 in chips) 
Seat 3: ppj800 ($25.30 in chips) 
Seat 5: ChipJamber ($25.25 in chips) 
Seat 7: Duffa ($15 in chips) 
Seat 9: Alimash ($27.05 in chips) 
ChipJamber: posts small blind $0.10
Duffa: posts big blind $0.25
AcesG13: sits out 
*** HOLE CARDS ***
Dealt to Alameda22 [Td Kc]
Alimash: folds 
Alameda22: folds 
ppj800: folds 
ChipJamber: calls $0.15
Duffa: checks 
*** FLOP *** [3h As Ac]
ChipJamber: checks 
Duffa: checks 
*** TURN *** [3h As Ac] [Js]
ChipJamber: checks 
Duffa: bets $0.50
ChipJamber: calls $0.50
*** RIVER *** [3h As Ac Js] [5s]
ChipJamber: bets $1
Duffa: calls $1
*** SHOW DOWN ***
ChipJamber: shows [Ah 3s] (a full house, Aces full of Threes)
Duffa: mucks hand 
ChipJamber collected $3.35 from pot
*** SUMMARY ***
Total pot $3.50 | Rake $0.15 
Board [3h As Ac Js 5s]
Seat 2: Alameda22 folded before Flop (didn't bet)
Seat 3: ppj800 (button) folded before Flop (didn't bet)
Seat 5: ChipJamber (small blind) showed [Ah 3s] and won ($3.35) with a full house, Aces full of Threes
Seat 7: Duffa (big blind) mucked [9s Jd]
Seat 9: Alimash folded before Flop (didn't bet)



PokerStars Game #19951621768:  Hold'em No Limit ($0.10/$0.25) - 2008/08/27 - 21:55:52 (ET)
Table 'Boyce' 9-max Seat #5 is the button
Seat 2: Alameda22 ($27.10 in chips) 
Seat 3: ppj800 ($25.30 in chips) 
Seat 5: ChipJamber ($26.85 in chips) 
Seat 7: Duffa ($13.25 in chips) 
Seat 8: AcesG13 ($18.65 in chips) 
Seat 9: Alimash ($27.05 in chips) 
Duffa: posts small blind $0.10
AcesG13: posts big blind $0.25
*** HOLE CARDS ***
Dealt to Alameda22 [Jh Ts]
Alimash: folds 
Alameda22: folds 
ppj800: calls $0.25
ChipJamber: raises $0.50 to $0.75
Duffa: folds 
AcesG13: calls $0.50
ppj800: calls $0.50
*** FLOP *** [7d 5c Kh]
AcesG13: checks 
ppj800: checks 
ChipJamber: checks 
*** TURN *** [7d 5c Kh] [4c]
AcesG13: bets $1.10
ppj800: calls $1.10
ChipJamber: folds 
*** RIVER *** [7d 5c Kh 4c] [5d]
AcesG13: bets $2
ppj800: calls $2
*** SHOW DOWN ***
AcesG13: shows [As Ks] (two pair, Kings and Fives)
ppj800: mucks hand 
AcesG13 collected $8.15 from pot
*** SUMMARY ***
Total pot $8.55 | Rake $0.40 
Board [7d 5c Kh 4c 5d]
Seat 2: Alameda22 folded before Flop (didn't bet)
Seat 3: ppj800 mucked [Kc Qh]
Seat 5: ChipJamber (button) folded on the Turn
Seat 7: Duffa (small blind) folded before Flop
Seat 8: AcesG13 (big blind) showed [As Ks] and won ($8.15) with two pair, Kings and Fives
Seat 9: Alimash folded before Flop (didn't bet)



PokerStars Game #19951656228:  Hold'em No Limit ($0.10/$0.25) - 2008/08/27 - 21:57:22 (ET)
Table 'Boyce' 9-max Seat #7 is the button
Seat 2: Alameda22 ($27.10 in chips) 
Seat 3: ppj800 ($21.45 in chips) 
Seat 5: ChipJamber ($26.10 in chips) 
Seat 7: Duffa ($13.15 in chips) 
Seat 8: AcesG13 ($22.95 in chips) 
Seat 9: Alimash ($27.05 in chips) 
AcesG13: posts small blind $0.10
Alimash: posts big blind $0.25
*** HOLE CARDS ***
Dealt to Alameda22 [4d Kd]
dynamow joins the table at seat #4 
Alameda22: folds 
ppj800: folds 
ChipJamber: calls $0.25
Duffa: folds 
AcesG13: calls $0.15
Alimash: checks 
*** FLOP *** [5h 8h 9c]
AcesG13: checks 
Alimash: bets $0.75
ChipJamber: folds 
AcesG13: folds 
Uncalled bet ($0.75) returned to Alimash
Alimash collected $0.75 from pot
Alimash: doesn't show hand 
*** SUMMARY ***
Total pot $0.75 | Rake $0 
Board [5h 8h 9c]
Seat 2: Alameda22 folded before Flop (didn't bet)
Seat 3: ppj800 folded before Flop (didn't bet)
Seat 5: ChipJamber folded on the Flop
Seat 7: Duffa (button) folded before Flop (didn't bet)
Seat 8: AcesG13 (small blind) folded on the Flop
Seat 9: Alimash (big blind) collected ($0.75)



PokerStars Game #19951680974:  Hold'em No Limit ($0.10/$0.25) - 2008/08/27 - 21:58:28 (ET)
Table 'Boyce' 9-max Seat #8 is the button
Seat 2: Alameda22 ($27.10 in chips) 
Seat 3: ppj800 ($21.45 in chips) 
Seat 4: dynamow ($25 in chips) 
Seat 5: ChipJamber ($25.85 in chips) 
Seat 7: Duffa ($13.15 in chips) 
Seat 8: AcesG13 ($22.70 in chips) 
Seat 9: Alimash ($27.55 in chips) 
Alimash: posts small blind $0.10
Alameda22: posts big blind $0.25
dynamow: posts big blind $0.25
*** HOLE CARDS ***
Dealt to Alameda22 [4c 8h]
ppj800: calls $0.25
dynamow: checks 
ChipJamber: calls $0.25
Duffa: folds 
AcesG13: folds 
Alimash: folds 
Alameda22: checks 
*** FLOP *** [Ac Ks Kc]
Alameda22: checks 
ppj800: bets $0.50
dynamow: calls $0.50
ChipJamber: calls $0.50
Alameda22: folds 
*** TURN *** [Ac Ks Kc] [Th]
ppj800: checks 
dynamow: bets $0.50
ChipJamber: calls $0.50
ppj800: calls $0.50
*** RIVER *** [Ac Ks Kc Th] [Qc]
ppj800: checks 
dynamow: checks 
ChipJamber: checks 
*** SHOW DOWN ***
ppj800: shows [Ad Qh] (two pair, Aces and Kings)
dynamow: shows [Ah 7d] (two pair, Aces and Kings)
ChipJamber: shows [As Tc] (two pair, Aces and Kings)
ppj800 collected $1.30 from pot
dynamow collected $1.30 from pot
ChipJamber collected $1.30 from pot
*** SUMMARY ***
Total pot $4.10 | Rake $0.20 
Board [Ac Ks Kc Th Qc]
Seat 2: Alameda22 (big blind) folded on the Flop
Seat 3: ppj800 showed [Ad Qh] and won ($1.30) with two pair, Aces and Kings
Seat 4: dynamow showed [Ah 7d] and won ($1.30) with two pair, Aces and Kings
Seat 5: ChipJamber showed [As Tc] and won ($1.30) with two pair, Aces and Kings
Seat 7: Duffa folded before Flop (didn't bet)
Seat 8: AcesG13 (button) folded before Flop (didn't bet)
Seat 9: Alimash (small blind) folded before Flop



PokerStars Game #19951705292:  Hold'em No Limit ($0.10/$0.25) - 2008/08/27 - 21:59:32 (ET)
Table 'Boyce' 9-max Seat #9 is the button
Seat 2: Alameda22 ($26.85 in chips) 
Seat 3: ppj800 ($21.50 in chips) 
Seat 4: dynamow ($25.05 in chips) 
Seat 5: ChipJamber ($25.90 in chips) 
Seat 7: Duffa ($13.15 in chips) 
Seat 8: AcesG13 ($22.70 in chips) 
Seat 9: Alimash ($27.45 in chips) 
Alameda22: posts small blind $0.10
ppj800: posts big blind $0.25
*** HOLE CARDS ***
Dealt to Alameda22 [8s Kh]
dynamow: folds 
ChipJamber: folds 
Duffa: raises $0.50 to $0.75
AcesG13: folds 
Alimash: folds 
Alameda22: folds 
ppj800: folds 
Uncalled bet ($0.50) returned to Duffa
Duffa collected $0.60 from pot
*** SUMMARY ***
Total pot $0.60 | Rake $0 
Seat 2: Alameda22 (small blind) folded before Flop
Seat 3: ppj800 (big blind) folded before Flop
Seat 4: dynamow folded before Flop (didn't bet)
Seat 5: ChipJamber folded before Flop (didn't bet)
Seat 7: Duffa collected ($0.60)
Seat 8: AcesG13 folded before Flop (didn't bet)
Seat 9: Alimash (button) folded before Flop (didn't bet)



PokerStars Game #19951724613:  Hold'em No Limit ($0.10/$0.25) - 2008/08/27 - 22:00:21 (ET)
Table 'Boyce' 9-max Seat #2 is the button
Seat 2: Alameda22 ($26.75 in chips) 
Seat 3: ppj800 ($21.25 in chips) 
Seat 4: dynamow ($25.05 in chips) 
Seat 5: ChipJamber ($25.90 in chips) 
Seat 7: Duffa ($13.50 in chips) 
Seat 8: AcesG13 ($22.70 in chips) 
Seat 9: Alimash ($27.45 in chips) 
ppj800: posts small blind $0.10
dynamow: posts big blind $0.25
*** HOLE CARDS ***
Dealt to Alameda22 [7d Kh]
ChipJamber: folds 
Duffa has timed out
Duffa: folds 
Duffa is sitting out
AcesG13: folds 
Alimash: folds 
Alameda22: folds 
ppj800: calls $0.15
dynamow: checks 
*** FLOP *** [2s 9h 6c]
Duffa has returned
ppj800: checks 
dynamow: checks 
*** TURN *** [2s 9h 6c] [3c]
ppj800: checks 
dynamow: checks 
*** RIVER *** [2s 9h 6c 3c] [Ks]
ppj800: checks 
dynamow: checks 
*** SHOW DOWN ***
ppj800: shows [7h 4d] (high card King)
dynamow: shows [Ac Th] (high card Ace)
dynamow collected $0.50 from pot
*** SUMMARY ***
Total pot $0.50 | Rake $0 
Board [2s 9h 6c 3c Ks]
Seat 2: Alameda22 (button) folded before Flop (didn't bet)
Seat 3: ppj800 (small blind) showed [7h 4d] and lost with high card King
Seat 4: dynamow (big blind) showed [Ac Th] and won ($0.50) with high card Ace
Seat 5: ChipJamber folded before Flop (didn't bet)
Seat 7: Duffa folded before Flop (didn't bet)
Seat 8: AcesG13 folded before Flop (didn't bet)
Seat 9: Alimash folded before Flop (didn't bet)



PokerStars Game #19951764437:  Hold'em No Limit ($0.10/$0.25) - 2008/08/27 - 22:02:06 (ET)
Table 'Boyce' 9-max Seat #3 is the button
Seat 2: Alameda22 ($26.75 in chips) 
Seat 3: ppj800 ($21 in chips) 
Seat 4: dynamow ($25.30 in chips) 
Seat 5: ChipJamber ($25.90 in chips) 
Seat 7: Duffa ($13.50 in chips) 
Seat 8: AcesG13 ($22.70 in chips) 
Seat 9: Alimash ($27.45 in chips) 
dynamow: posts small blind $0.10
jay8955 joins the table at seat #1 
ChipJamber: posts big blind $0.25
*** HOLE CARDS ***
Dealt to Alameda22 [Ks Js]
Duffa: calls $0.25
AcesG13: folds 
jay8955 leaves the table
Alimash: folds 
Alameda22: folds 
ppj800: folds 
dynamow: folds 
ChipJamber: checks 
*** FLOP *** [Ts Qc 3s]
ChipJamber: bets $0.75
Duffa: folds 
Uncalled bet ($0.75) returned to ChipJamber
ChipJamber collected $0.60 from pot
ChipJamber: doesn't show hand 
*** SUMMARY ***
Total pot $0.60 | Rake $0 
Board [Ts Qc 3s]
Seat 2: Alameda22 folded before Flop (didn't bet)
Seat 3: ppj800 (button) folded before Flop (didn't bet)
Seat 4: dynamow (small blind) folded before Flop
Seat 5: ChipJamber (big blind) collected ($0.60)
Seat 7: Duffa folded on the Flop
Seat 8: AcesG13 folded before Flop (didn't bet)
Seat 9: Alimash folded before Flop (didn't bet)



PokerStars Game #19951782245:  Hold'em No Limit ($0.10/$0.25) - 2008/08/27 - 22:02:53 (ET)
Table 'Boyce' 9-max Seat #4 is the button
Seat 2: Alameda22 ($26.75 in chips) 
Seat 3: ppj800 ($21 in chips) 
Seat 4: dynamow ($25.20 in chips) 
Seat 5: ChipJamber ($26.25 in chips) 
Seat 7: Duffa ($13.25 in chips) 
Seat 8: AcesG13 ($22.70 in chips) 
Seat 9: Alimash ($27.45 in chips) 
ChipJamber: posts small blind $0.10
Duffa: posts big blind $0.25
*** HOLE CARDS ***
Dealt to Alameda22 [Qc Jh]
AcesG13: raises $0.75 to $1
WhiteApe777 joins the table at seat #1 
Pims_De_Lu has returned
Alimash: folds 
Alameda22: folds 
ppj800: folds 
dynamow: folds 
ChipJamber: calls $0.90
Duffa: folds 
*** FLOP *** [4c 3c 4s]
ChipJamber: checks 
AcesG13: bets $1.10
ChipJamber: folds 
Uncalled bet ($1.10) returned to AcesG13
AcesG13 collected $2.15 from pot
AcesG13: doesn't show hand 
*** SUMMARY ***
Total pot $2.25 | Rake $0.10 
Board [4c 3c 4s]
Seat 2: Alameda22 folded before Flop (didn't bet)
Seat 3: ppj800 folded before Flop (didn't bet)
Seat 4: dynamow (button) folded before Flop (didn't bet)
Seat 5: ChipJamber (small blind) folded on the Flop
Seat 7: Duffa (big blind) folded before Flop
Seat 8: AcesG13 collected ($2.15)
Seat 9: Alimash folded before Flop (didn't bet)



PokerStars Game #19951800217:  Hold'em No Limit ($0.10/$0.25) - 2008/08/27 - 22:03:41 (ET)
Table 'Boyce' 9-max Seat #5 is the button
Seat 2: Alameda22 ($26.75 in chips) 
Seat 3: ppj800 ($21 in chips) 
Seat 4: dynamow ($25.20 in chips) 
Seat 5: ChipJamber ($25.25 in chips) 
Seat 7: Duffa ($15 in chips) 
Seat 8: AcesG13 ($23.85 in chips) 
Seat 9: Alimash ($27.45 in chips) 
Pims_De_Lu will be allowed to play after the button
Duffa: posts small blind $0.10
AcesG13: posts big blind $0.25
WhiteApe777: sits out 
*** HOLE CARDS ***
Dealt to Alameda22 [6d 5d]
Alimash: folds 
Alameda22: folds 
ppj800: folds 
dynamow: folds 
ChipJamber: raises $1 to $1.25
Duffa: folds 
AcesG13: folds 
Uncalled bet ($1) returned to ChipJamber
ChipJamber collected $0.60 from pot
ChipJamber: doesn't show hand 
*** SUMMARY ***
Total pot $0.60 | Rake $0 
Seat 2: Alameda22 folded before Flop (didn't bet)
Seat 3: ppj800 folded before Flop (didn't bet)
Seat 4: dynamow folded before Flop (didn't bet)
Seat 5: ChipJamber (button) collected ($0.60)
Seat 7: Duffa (small blind) folded before Flop
Seat 8: AcesG13 (big blind) folded before Flop
Seat 9: Alimash folded before Flop (didn't bet)



PokerStars Game #19951818916:  Hold'em No Limit ($0.10/$0.25) - 2008/08/27 - 22:04:31 (ET)
Table 'Boyce' 9-max Seat #7 is the button
Seat 2: Alameda22 ($26.75 in chips) 
Seat 3: ppj800 ($21 in chips) 
Seat 4: dynamow ($25.20 in chips) 
Seat 5: ChipJamber ($25.60 in chips) 
Seat 6: Pims_De_Lu ($19 in chips) 
Seat 7: Duffa ($14.90 in chips) 
Seat 8: AcesG13 ($23.60 in chips) 
Seat 9: Alimash ($27.45 in chips) 
AcesG13: posts small blind $0.10
Alimash: posts big blind $0.25
WhiteApe777: sits out 
Pims_De_Lu: posts small & big blinds $0.35
*** HOLE CARDS ***
Dealt to Alameda22 [Kd 4s]
Alameda22: folds 
ppj800: folds 
dynamow: calls $0.25
ChipJamber: calls $0.25
Pims_De_Lu: raises $0.25 to $0.50
Duffa: folds 
AcesG13: calls $0.40
Alimash: folds 
dynamow: calls $0.25
ChipJamber: calls $0.25
*** FLOP *** [2h 8d 8c]
AcesG13: bets $0.40
dynamow: folds 
ChipJamber: folds 
Pims_De_Lu: folds 
Uncalled bet ($0.40) returned to AcesG13
Pims_De_Lu is sitting out
AcesG13 collected $2.25 from pot
AcesG13: doesn't show hand 
*** SUMMARY ***
Total pot $2.35 | Rake $0.10 
Board [2h 8d 8c]
Seat 2: Alameda22 folded before Flop (didn't bet)
Seat 3: ppj800 folded before Flop (didn't bet)
Seat 4: dynamow folded on the Flop
Seat 5: ChipJamber folded on the Flop
Seat 6: Pims_De_Lu folded on the Flop
Seat 7: Duffa (button) folded before Flop (didn't bet)
Seat 8: AcesG13 (small blind) collected ($2.25)
Seat 9: Alimash (big blind) folded before Flop



PokerStars Game #19951841811:  Hold'em No Limit ($0.10/$0.25) - 2008/08/27 - 22:05:31 (ET)
Table 'Boyce' 9-max Seat #8 is the button
Seat 1: WhiteApe777 ($25 in chips) 
Seat 2: Alameda22 ($26.75 in chips) 
Seat 3: ppj800 ($21 in chips) 
Seat 4: dynamow ($24.70 in chips) 
Seat 5: ChipJamber ($25.10 in chips) 
Seat 7: Duffa ($14.90 in chips) 
Seat 8: AcesG13 ($25.35 in chips) 
Seat 9: Alimash ($27.20 in chips) 
Alimash: posts small blind $0.10
WhiteApe777: posts big blind $0.25
*** HOLE CARDS ***
Dealt to Alameda22 [Ks 9c]
Alameda22: folds 
ppj800: raises $0.75 to $1
dynamow: calls $1
ChipJamber: folds 
Duffa: folds 
AcesG13: folds 
Alimash: calls $0.90
WhiteApe777: folds 
*** FLOP *** [Kh 3h Qh]
Alimash: checks 
ppj800: checks 
dynamow: checks 
*** TURN *** [Kh 3h Qh] [7h]
Alimash: checks 
ppj800: bets $1
dynamow: folds 
Alimash: folds 
Uncalled bet ($1) returned to ppj800
ppj800 collected $3.10 from pot
ppj800: doesn't show hand 
*** SUMMARY ***
Total pot $3.25 | Rake $0.15 
Board [Kh 3h Qh 7h]
Seat 1: WhiteApe777 (big blind) folded before Flop
Seat 2: Alameda22 folded before Flop (didn't bet)
Seat 3: ppj800 collected ($3.10)
Seat 4: dynamow folded on the Turn
Seat 5: ChipJamber folded before Flop (didn't bet)
Seat 7: Duffa folded before Flop (didn't bet)
Seat 8: AcesG13 (button) folded before Flop (didn't bet)
Seat 9: Alimash (small blind) folded on the Turn



PokerStars Game #19951859708:  Hold'em No Limit ($0.10/$0.25) - 2008/08/27 - 22:06:19 (ET)
Table 'Boyce' 9-max Seat #9 is the button
Seat 1: WhiteApe777 ($24.75 in chips) 
Seat 2: Alameda22 ($26.75 in chips) 
Seat 3: ppj800 ($23.10 in chips) 
Seat 4: dynamow ($23.70 in chips) 
Seat 5: ChipJamber ($25.10 in chips) 
Seat 7: Duffa ($14.90 in chips) 
Seat 8: AcesG13 ($25.35 in chips) 
Seat 9: Alimash ($26.20 in chips) 
WhiteApe777: posts small blind $0.10
Alameda22: posts big blind $0.25
*** HOLE CARDS ***
Dealt to Alameda22 [Ac Ad]
ppj800: folds 
dynamow: folds 
ChipJamber: calls $0.25
Duffa: calls $0.25
AcesG13: calls $0.25
Alimash: folds 
WhiteApe777: folds 
Alameda22: raises $1.25 to $1.50
ChipJamber: folds 
Duffa: folds 
AcesG13: folds 
Uncalled bet ($1.25) returned to Alameda22
Alameda22 collected $1.10 from pot
Alameda22: doesn't show hand 
*** SUMMARY ***
Total pot $1.10 | Rake $0 
Seat 1: WhiteApe777 (small blind) folded before Flop
Seat 2: Alameda22 (big blind) collected ($1.10)
Seat 3: ppj800 folded before Flop (didn't bet)
Seat 4: dynamow folded before Flop (didn't bet)
Seat 5: ChipJamber folded before Flop
Seat 7: Duffa folded before Flop
Seat 8: AcesG13 folded before Flop
Seat 9: Alimash (button) folded before Flop (didn't bet)



PokerStars Game #19951873676:  Hold'em No Limit ($0.10/$0.25) - 2008/08/27 - 22:06:56 (ET)
Table 'Boyce' 9-max Seat #1 is the button
Seat 1: WhiteApe777 ($24.65 in chips) 
Seat 2: Alameda22 ($27.60 in chips) 
Seat 3: ppj800 ($23.10 in chips) 
Seat 4: dynamow ($23.70 in chips) 
Seat 5: ChipJamber ($24.85 in chips) 
Seat 7: Duffa ($14.65 in chips) 
Seat 8: AcesG13 ($25.10 in chips) 
Seat 9: Alimash ($26.20 in chips) 
Alameda22: posts small blind $0.10
ppj800: posts big blind $0.25
*** HOLE CARDS ***
Dealt to Alameda22 [3c 4h]
dynamow: folds 
ChipJamber: folds 
Duffa: folds 
AcesG13: folds 
Alimash: folds 
WhiteApe777: calls $0.25
Alameda22: folds 
ppj800: checks 
*** FLOP *** [8c 7d 5c]
ppj800: checks 
WhiteApe777: bets $0.50
ppj800: folds 
Uncalled bet ($0.50) returned to WhiteApe777
WhiteApe777 collected $0.60 from pot
WhiteApe777: doesn't show hand 
*** SUMMARY ***
Total pot $0.60 | Rake $0 
Board [8c 7d 5c]
Seat 1: WhiteApe777 (button) collected ($0.60)
Seat 2: Alameda22 (small blind) folded before Flop
Seat 3: ppj800 (big blind) folded on the Flop
Seat 4: dynamow folded before Flop (didn't bet)
Seat 5: ChipJamber folded before Flop (didn't bet)
Seat 7: Duffa folded before Flop (didn't bet)
Seat 8: AcesG13 folded before Flop (didn't bet)
Seat 9: Alimash folded before Flop (didn't bet)



PokerStars Game #19951892261:  Hold'em No Limit ($0.10/$0.25) - 2008/08/27 - 22:07:45 (ET)
Table 'Boyce' 9-max Seat #2 is the button
Seat 1: WhiteApe777 ($25 in chips) 
Seat 2: Alameda22 ($27.50 in chips) 
Seat 3: ppj800 ($22.85 in chips) 
Seat 4: dynamow ($23.70 in chips) 
Seat 5: ChipJamber ($24.85 in chips) 
Seat 7: Duffa ($14.65 in chips) 
Seat 8: AcesG13 ($25.10 in chips) 
Seat 9: Alimash ($26.20 in chips) 
ppj800: posts small blind $0.10
dynamow: posts big blind $0.25
*** HOLE CARDS ***
Dealt to Alameda22 [5d Tc]
ChipJamber: folds 
Duffa: raises $0.75 to $1
AcesG13: folds 
Alimash: folds 
WhiteApe777: folds 
Alameda22: folds 
ppj800: folds 
dynamow: folds 
Uncalled bet ($0.75) returned to Duffa
Duffa collected $0.60 from pot
Duffa: doesn't show hand 
*** SUMMARY ***
Total pot $0.60 | Rake $0 
Seat 1: WhiteApe777 folded before Flop (didn't bet)
Seat 2: Alameda22 (button) folded before Flop (didn't bet)
Seat 3: ppj800 (small blind) folded before Flop
Seat 4: dynamow (big blind) folded before Flop
Seat 5: ChipJamber folded before Flop (didn't bet)
Seat 7: Duffa collected ($0.60)
Seat 8: AcesG13 folded before Flop (didn't bet)
Seat 9: Alimash folded before Flop (didn't bet)



PokerStars Game #19951917168:  Hold'em No Limit ($0.10/$0.25) - 2008/08/27 - 22:08:51 (ET)
Table 'Boyce' 9-max Seat #3 is the button
Seat 1: WhiteApe777 ($25 in chips) 
Seat 2: Alameda22 ($27.50 in chips) 
Seat 3: ppj800 ($22.75 in chips) 
Seat 4: dynamow ($23.45 in chips) 
Seat 5: ChipJamber ($24.85 in chips) 
Seat 7: Duffa ($15 in chips) 
Seat 8: AcesG13 ($25.10 in chips) 
Seat 9: Alimash ($26.20 in chips) 
dynamow: posts small blind $0.10
ChipJamber: posts big blind $0.25
*** HOLE CARDS ***
Dealt to Alameda22 [6c 7h]
Duffa: raises $0.75 to $1
AcesG13: folds 
Alimash: folds 
WhiteApe777: calls $1
Alameda22: folds 
ppj800: folds 
dynamow: calls $0.90
ChipJamber: calls $0.75
*** FLOP *** [Tc 6h 8d]
dynamow: checks 
ChipJamber: checks 
Duffa: bets $5
WhiteApe777: calls $5
dynamow: calls $5
ChipJamber: folds 
*** TURN *** [Tc 6h 8d] [3c]
dynamow: checks 
Duffa: bets $9 and is all-in
WhiteApe777: calls $9
dynamow: calls $9
*** RIVER *** [Tc 6h 8d 3c] [3s]
dynamow: checks 
WhiteApe777: checks 
*** SHOW DOWN ***
dynamow: shows [Kc Kd] (two pair, Kings and Threes)
Duffa: shows [Qc Qd] (two pair, Queens and Threes)
WhiteApe777: mucks hand 
Duffa said, "nh"
dynamow collected $43.75 from pot
Pims_De_Lu has returned
*** SUMMARY ***
Total pot $46 | Rake $2.25 
Board [Tc 6h 8d 3c 3s]
Seat 1: WhiteApe777 mucked [Jd Jh]
Seat 2: Alameda22 folded before Flop (didn't bet)
Seat 3: ppj800 (button) folded before Flop (didn't bet)
Seat 4: dynamow (small blind) showed [Kc Kd] and won ($43.75) with two pair, Kings and Threes
Seat 5: ChipJamber (big blind) folded on the Flop
Seat 7: Duffa showed [Qc Qd] and lost with two pair, Queens and Threes
Seat 8: AcesG13 folded before Flop (didn't bet)
Seat 9: Alimash folded before Flop (didn't bet)



PokerStars Game #19951947755:  Hold'em No Limit ($0.10/$0.25) - 2008/08/27 - 22:10:12 (ET)
Table 'Boyce' 9-max Seat #4 is the button
Seat 1: WhiteApe777 ($10 in chips) 
Seat 2: Alameda22 ($27.50 in chips) 
Seat 3: ppj800 ($22.75 in chips) 
Seat 4: dynamow ($52.20 in chips) 
Seat 5: ChipJamber ($23.85 in chips) 
Seat 6: Pims_De_Lu ($18.40 in chips) 
Seat 8: AcesG13 ($25.10 in chips) 
Seat 9: Alimash ($26.20 in chips) 
ChipJamber: posts small blind $0.10
Pims_De_Lu: posts big blind $0.25
*** HOLE CARDS ***
Dealt to Alameda22 [Kc 5s]
AcesG13: folds 
Duffa has returned
Alimash: folds 
WhiteApe777: folds 
Alameda22: folds 
ppj800: calls $0.25
dynamow: folds 
ChipJamber: calls $0.15
Pims_De_Lu: checks 
*** FLOP *** [Th Qd As]
ChipJamber: checks 
Pims_De_Lu: checks 
ppj800: bets $0.75
ChipJamber: folds 
Pims_De_Lu: folds 
Uncalled bet ($0.75) returned to ppj800
Pims_De_Lu leaves the table
ppj800 collected $0.75 from pot
ppj800: doesn't show hand 
*** SUMMARY ***
Total pot $0.75 | Rake $0 
Board [Th Qd As]
Seat 1: WhiteApe777 folded before Flop (didn't bet)
Seat 2: Alameda22 folded before Flop (didn't bet)
Seat 3: ppj800 collected ($0.75)
Seat 4: dynamow (button) folded before Flop (didn't bet)
Seat 5: ChipJamber (small blind) folded on the Flop
Seat 6: Pims_De_Lu (big blind) folded on the Flop
Seat 8: AcesG13 folded before Flop (didn't bet)
Seat 9: Alimash folded before Flop (didn't bet)



PokerStars Game #19951966303:  Hold'em No Limit ($0.10/$0.25) - 2008/08/27 - 22:11:01 (ET)
Table 'Boyce' 9-max Seat #5 is the button
Seat 1: WhiteApe777 ($25 in chips) 
Seat 2: Alameda22 ($27.50 in chips) 
Seat 3: ppj800 ($23.25 in chips) 
Seat 4: dynamow ($52.20 in chips) 
Seat 5: ChipJamber ($23.60 in chips) 
Seat 7: Duffa ($15 in chips) 
Seat 8: AcesG13 ($25.10 in chips) 
Seat 9: Alimash ($26.20 in chips) 
Duffa: posts small blind $0.10
AcesG13: posts big blind $0.25
*** HOLE CARDS ***
Dealt to Alameda22 [Tc 8s]
AJJFan48 joins the table at seat #6 
Alimash: folds 
WhiteApe777: raises $0.75 to $1
Alameda22: folds 
ppj800: folds 
dynamow: calls $1
ChipJamber: calls $1
Duffa: raises $3 to $4
AcesG13: folds 
WhiteApe777: folds 
dynamow: calls $3
ChipJamber: folds 
*** FLOP *** [8d 5h Ts]
Duffa: bets $11 and is all-in
dynamow: calls $11
*** TURN *** [8d 5h Ts] [Td]
*** RIVER *** [8d 5h Ts Td] [Ac]
*** SHOW DOWN ***
Duffa: shows [Ks Kh] (two pair, Kings and Tens)
dynamow: mucks hand 
Duffa collected $30.70 from pot
*** SUMMARY ***
Total pot $32.25 | Rake $1.55 
Board [8d 5h Ts Td Ac]
Seat 1: WhiteApe777 folded before Flop
Seat 2: Alameda22 folded before Flop (didn't bet)
Seat 3: ppj800 folded before Flop (didn't bet)
Seat 4: dynamow mucked [Qs Qd]
Seat 5: ChipJamber (button) folded before Flop
Seat 7: Duffa (small blind) showed [Ks Kh] and won ($30.70) with two pair, Kings and Tens
Seat 8: AcesG13 (big blind) folded before Flop
Seat 9: Alimash folded before Flop (didn't bet)



PokerStars Game #19951991602:  Hold'em No Limit ($0.10/$0.25) - 2008/08/27 - 22:12:08 (ET)
Table 'Boyce' 9-max Seat #7 is the button
Seat 1: WhiteApe777 ($24 in chips) 
Seat 2: Alameda22 ($27.50 in chips) 
Seat 3: ppj800 ($23.25 in chips) 
Seat 4: dynamow ($37.20 in chips) 
Seat 5: ChipJamber ($22.60 in chips) 
Seat 6: AJJFan48 ($15 in chips) 
Seat 7: Duffa ($30.70 in chips) 
Seat 8: AcesG13 ($24.85 in chips) 
Seat 9: Alimash ($26.20 in chips) 
AcesG13: posts small blind $0.10
Alimash: posts big blind $0.25
AJJFan48: posts big blind $0.25
*** HOLE CARDS ***
Dealt to Alameda22 [Ah Kd]
WhiteApe777: folds 
Alameda22: raises $0.75 to $1
ppj800: folds 
dynamow: folds 
ChipJamber: folds 
AJJFan48: calls $0.75
Duffa: folds 
AcesG13: folds 
Alimash: folds 
*** FLOP *** [Jc 6d 3h]
Alameda22: bets $1.50
AJJFan48: calls $1.50
*** TURN *** [Jc 6d 3h] [Ac]
Alameda22: bets $3.25
AJJFan48: calls $3.25
*** RIVER *** [Jc 6d 3h Ac] [8s]
Alameda22: bets $7
AJJFan48: calls $7
*** SHOW DOWN ***
Alameda22: shows [Ah Kd] (a pair of Aces)
AJJFan48: shows [Jh 7h] (a pair of Jacks)
Alameda22 collected $24.60 from pot
*** SUMMARY ***
Total pot $25.85 | Rake $1.25 
Board [Jc 6d 3h Ac 8s]
Seat 1: WhiteApe777 folded before Flop (didn't bet)
Seat 2: Alameda22 showed [Ah Kd] and won ($24.60) with a pair of Aces
Seat 3: ppj800 folded before Flop (didn't bet)
Seat 4: dynamow folded before Flop (didn't bet)
Seat 5: ChipJamber folded before Flop (didn't bet)
Seat 6: AJJFan48 showed [Jh 7h] and lost with a pair of Jacks
Seat 7: Duffa (button) folded before Flop (didn't bet)
Seat 8: AcesG13 (small blind) folded before Flop
Seat 9: Alimash (big blind) folded before Flop



PokerStars Game #19952018452:  Hold'em No Limit ($0.10/$0.25) - 2008/08/27 - 22:13:19 (ET)
Table 'Boyce' 9-max Seat #8 is the button
Seat 1: WhiteApe777 ($24 in chips) 
Seat 2: Alameda22 ($39.35 in chips) 
Seat 3: ppj800 ($23.25 in chips) 
Seat 4: dynamow ($37.20 in chips) 
Seat 5: ChipJamber ($22.60 in chips) 
Seat 6: AJJFan48 ($2.25 in chips) 
Seat 7: Duffa ($30.70 in chips) 
Seat 8: AcesG13 ($24.75 in chips) 
Seat 9: Alimash ($25.95 in chips) 
Alimash: posts small blind $0.10
WhiteApe777: posts big blind $0.25
*** HOLE CARDS ***
Dealt to Alameda22 [6c Tc]
Alameda22: folds 
ppj800: folds 
dynamow: folds 
ChipJamber: folds 
AJJFan48: calls $0.25
Duffa: folds 
AcesG13: folds 
Alimash: calls $0.15
WhiteApe777: checks 
*** FLOP *** [Qh Jh 8h]
Alimash: bets $0.75
WhiteApe777: folds 
AJJFan48: folds 
Uncalled bet ($0.75) returned to Alimash
Alimash collected $0.75 from pot
*** SUMMARY ***
Total pot $0.75 | Rake $0 
Board [Qh Jh 8h]
Seat 1: WhiteApe777 (big blind) folded on the Flop
Seat 2: Alameda22 folded before Flop (didn't bet)
Seat 3: ppj800 folded before Flop (didn't bet)
Seat 4: dynamow folded before Flop (didn't bet)
Seat 5: ChipJamber folded before Flop (didn't bet)
Seat 6: AJJFan48 folded on the Flop
Seat 7: Duffa folded before Flop (didn't bet)
Seat 8: AcesG13 (button) folded before Flop (didn't bet)
Seat 9: Alimash (small blind) collected ($0.75)



PokerStars Game #19952038740:  Hold'em No Limit ($0.10/$0.25) - 2008/08/27 - 22:14:13 (ET)
Table 'Boyce' 9-max Seat #9 is the button
Seat 1: WhiteApe777 ($25 in chips) 
Seat 2: Alameda22 ($39.35 in chips) 
Seat 3: ppj800 ($23.25 in chips) 
Seat 4: dynamow ($37.20 in chips) 
Seat 5: ChipJamber ($22.60 in chips) 
Seat 6: AJJFan48 ($2 in chips) 
Seat 7: Duffa ($30.70 in chips) 
Seat 8: AcesG13 ($24.75 in chips) 
Seat 9: Alimash ($26.45 in chips) 
WhiteApe777: posts small blind $0.10
Alameda22: posts big blind $0.25
*** HOLE CARDS ***
Dealt to Alameda22 [3d 7s]
ppj800: calls $0.25
dynamow: folds 
ChipJamber: folds 
AJJFan48: folds 
Duffa: folds 
AcesG13: folds 
Alimash: folds 
WhiteApe777: raises $0.95 to $1.20
Alameda22: folds 
ppj800: calls $0.95
*** FLOP *** [9h Kc Jh]
WhiteApe777: checks 
ppj800: bets $1.50
WhiteApe777: calls $1.50
*** TURN *** [9h Kc Jh] [Td]
WhiteApe777: checks 
ppj800: checks 
*** RIVER *** [9h Kc Jh Td] [7h]
WhiteApe777: checks 
ppj800: checks 
*** SHOW DOWN ***
WhiteApe777: shows [Jd As] (a pair of Jacks)
ppj800: shows [Th Ts] (three of a kind, Tens)
ppj800 collected $5.40 from pot
*** SUMMARY ***
Total pot $5.65 | Rake $0.25 
Board [9h Kc Jh Td 7h]
Seat 1: WhiteApe777 (small blind) showed [Jd As] and lost with a pair of Jacks
Seat 2: Alameda22 (big blind) folded before Flop
Seat 3: ppj800 showed [Th Ts] and won ($5.40) with three of a kind, Tens
Seat 4: dynamow folded before Flop (didn't bet)
Seat 5: ChipJamber folded before Flop (didn't bet)
Seat 6: AJJFan48 folded before Flop (didn't bet)
Seat 7: Duffa folded before Flop (didn't bet)
Seat 8: AcesG13 folded before Flop (didn't bet)
Seat 9: Alimash (button) folded before Flop (didn't bet)



PokerStars Game #19952057103:  Hold'em No Limit ($0.10/$0.25) - 2008/08/27 - 22:15:02 (ET)
Table 'Boyce' 9-max Seat #1 is the button
Seat 1: WhiteApe777 ($22.30 in chips) 
Seat 2: Alameda22 ($39.10 in chips) 
Seat 3: ppj800 ($25.95 in chips) 
Seat 4: dynamow ($37.20 in chips) 
Seat 5: ChipJamber ($22.60 in chips) 
Seat 6: AJJFan48 ($12 in chips) 
Seat 7: Duffa ($30.70 in chips) 
Seat 8: AcesG13 ($24.75 in chips) 
Seat 9: Alimash ($26.45 in chips) 
Alameda22: posts small blind $0.10
ppj800: posts big blind $0.25
*** HOLE CARDS ***
Dealt to Alameda22 [Ts 5d]
dynamow: folds 
ChipJamber: calls $0.25
AJJFan48: folds 
Duffa: folds 
AcesG13: folds 
Alimash: folds 
WhiteApe777: calls $0.25
Alameda22: folds 
ppj800: checks 
*** FLOP *** [Kd 8s Kh]
ppj800: checks 
ChipJamber: checks 
WhiteApe777: checks 
*** TURN *** [Kd 8s Kh] [4h]
ppj800: checks 
ChipJamber: checks 
WhiteApe777: checks 
*** RIVER *** [Kd 8s Kh 4h] [9d]
ppj800: checks 
ChipJamber: bets $1
WhiteApe777: folds 
ppj800: folds 
Uncalled bet ($1) returned to ChipJamber
ChipJamber collected $0.85 from pot
ChipJamber: doesn't show hand 
*** SUMMARY ***
Total pot $0.85 | Rake $0 
Board [Kd 8s Kh 4h 9d]
Seat 1: WhiteApe777 (button) folded on the River
Seat 2: Alameda22 (small blind) folded before Flop
Seat 3: ppj800 (big blind) folded on the River
Seat 4: dynamow folded before Flop (didn't bet)
Seat 5: ChipJamber collected ($0.85)
Seat 6: AJJFan48 folded before Flop (didn't bet)
Seat 7: Duffa folded before Flop (didn't bet)
Seat 8: AcesG13 folded before Flop (didn't bet)
Seat 9: Alimash folded before Flop (didn't bet)



PokerStars Game #19952085904:  Hold'em No Limit ($0.10/$0.25) - 2008/08/27 - 22:16:18 (ET)
Table 'Boyce' 9-max Seat #2 is the button
Seat 1: WhiteApe777 ($22.05 in chips) 
Seat 2: Alameda22 ($39 in chips) 
Seat 3: ppj800 ($25.70 in chips) 
Seat 4: dynamow ($37.20 in chips) 
Seat 5: ChipJamber ($23.20 in chips) 
Seat 6: AJJFan48 ($12 in chips) 
Seat 7: Duffa ($30.70 in chips) 
Seat 8: AcesG13 ($24.75 in chips) 
Seat 9: Alimash ($26.45 in chips) 
ppj800: posts small blind $0.10
dynamow: posts big blind $0.25
*** HOLE CARDS ***
Dealt to Alameda22 [6d 7d]
ChipJamber: folds 
AJJFan48: calls $0.25
Duffa: raises $0.50 to $0.75
AcesG13: folds 
Alimash: folds 
WhiteApe777: folds 
Alameda22: calls $0.75
ppj800: folds 
dynamow: folds 
AJJFan48: calls $0.50
*** FLOP *** [Qc As 9d]
AJJFan48: bets $1.25
Duffa: folds 
Alameda22: folds 
Uncalled bet ($1.25) returned to AJJFan48
AJJFan48 collected $2.50 from pot
AJJFan48: doesn't show hand 
*** SUMMARY ***
Total pot $2.60 | Rake $0.10 
Board [Qc As 9d]
Seat 1: WhiteApe777 folded before Flop (didn't bet)
Seat 2: Alameda22 (button) folded on the Flop
Seat 3: ppj800 (small blind) folded before Flop
Seat 4: dynamow (big blind) folded before Flop
Seat 5: ChipJamber folded before Flop (didn't bet)
Seat 6: AJJFan48 collected ($2.50)
Seat 7: Duffa folded on the Flop
Seat 8: AcesG13 folded before Flop (didn't bet)
Seat 9: Alimash folded before Flop (didn't bet)



PokerStars Game #19952116637:  Hold'em No Limit ($0.10/$0.25) - 2008/08/27 - 22:17:40 (ET)
Table 'Boyce' 9-max Seat #3 is the button
Seat 1: WhiteApe777 ($25 in chips) 
Seat 2: Alameda22 ($38.25 in chips) 
Seat 3: ppj800 ($25.60 in chips) 
Seat 4: dynamow ($36.95 in chips) 
Seat 5: ChipJamber ($23.20 in chips) 
Seat 6: AJJFan48 ($13.75 in chips) 
Seat 7: Duffa ($29.95 in chips) 
Seat 8: AcesG13 ($24.75 in chips) 
Seat 9: Alimash ($26.45 in chips) 
dynamow: posts small blind $0.10
ChipJamber: posts big blind $0.25
*** HOLE CARDS ***
Dealt to Alameda22 [3d Kd]
AJJFan48: calls $0.25
Duffa: folds 
AcesG13: folds 
Alimash: folds 
WhiteApe777: folds 
Alameda22: folds 
ppj800: folds 
dynamow: calls $0.15
ChipJamber: checks 
*** FLOP *** [6d 8h Ts]
dynamow: checks 
ChipJamber: checks 
AJJFan48: checks 
*** TURN *** [6d 8h Ts] [Js]
dynamow: checks 
ChipJamber: checks 
AJJFan48: checks 
*** RIVER *** [6d 8h Ts Js] [9h]
dynamow: checks 
ChipJamber: checks 
AJJFan48: bets $0.50
dynamow: folds 
ChipJamber: folds 
Uncalled bet ($0.50) returned to AJJFan48
AJJFan48 collected $0.75 from pot
AJJFan48: doesn't show hand 
*** SUMMARY ***
Total pot $0.75 | Rake $0 
Board [6d 8h Ts Js 9h]
Seat 1: WhiteApe777 folded before Flop (didn't bet)
Seat 2: Alameda22 folded before Flop (didn't bet)
Seat 3: ppj800 (button) folded before Flop (didn't bet)
Seat 4: dynamow (small blind) folded on the River
Seat 5: ChipJamber (big blind) folded on the River
Seat 6: AJJFan48 collected ($0.75)
Seat 7: Duffa folded before Flop (didn't bet)
Seat 8: AcesG13 folded before Flop (didn't bet)
Seat 9: Alimash folded before Flop (didn't bet)



PokerStars Game #19952154128:  Hold'em No Limit ($0.10/$0.25) - 2008/08/27 - 22:19:19 (ET)
Table 'Boyce' 9-max Seat #4 is the button
Seat 1: WhiteApe777 ($25 in chips) 
Seat 2: Alameda22 ($38.25 in chips) 
Seat 3: ppj800 ($25.60 in chips) 
Seat 4: dynamow ($36.70 in chips) 
Seat 5: ChipJamber ($22.95 in chips) 
Seat 6: AJJFan48 ($14.25 in chips) 
Seat 7: Duffa ($29.95 in chips) 
Seat 8: AcesG13 ($24.75 in chips) 
Seat 9: Alimash ($26.45 in chips) 
ChipJamber: posts small blind $0.10
AJJFan48: posts big blind $0.25
*** HOLE CARDS ***
Dealt to Alameda22 [2s 4d]
Duffa: folds 
AcesG13: folds 
Alimash: folds 
WhiteApe777: folds 
Alameda22: folds 
ppj800: folds 
dynamow: folds 
ChipJamber: folds 
Uncalled bet ($0.15) returned to AJJFan48
AJJFan48 collected $0.20 from pot
*** SUMMARY ***
Total pot $0.20 | Rake $0 
Seat 1: WhiteApe777 folded before Flop (didn't bet)
Seat 2: Alameda22 folded before Flop (didn't bet)
Seat 3: ppj800 folded before Flop (didn't bet)
Seat 4: dynamow (button) folded before Flop (didn't bet)
Seat 5: ChipJamber (small blind) folded before Flop
Seat 6: AJJFan48 (big blind) collected ($0.20)
Seat 7: Duffa folded before Flop (didn't bet)
Seat 8: AcesG13 folded before Flop (didn't bet)
Seat 9: Alimash folded before Flop (didn't bet)



PokerStars Game #19952171127:  Hold'em No Limit ($0.10/$0.25) - 2008/08/27 - 22:20:04 (ET)
Table 'Boyce' 9-max Seat #5 is the button
Seat 1: WhiteApe777 ($25 in chips) 
Seat 2: Alameda22 ($38.25 in chips) 
Seat 3: ppj800 ($25.60 in chips) 
Seat 4: dynamow ($36.70 in chips) 
Seat 5: ChipJamber ($22.85 in chips) 
Seat 6: AJJFan48 ($14.35 in chips) 
Seat 7: Duffa ($29.95 in chips) 
Seat 8: AcesG13 ($24.75 in chips) 
Seat 9: Alimash ($26.45 in chips) 
AJJFan48: posts small blind $0.10
Duffa: posts big blind $0.25
*** HOLE CARDS ***
Dealt to Alameda22 [5c 2c]
AcesG13: folds 
Alimash: raises $0.75 to $1
WhiteApe777: folds 
Alameda22: folds 
ppj800: calls $1
dynamow: folds 
ChipJamber: folds 
AJJFan48: calls $0.90
Duffa: calls $0.75
*** FLOP *** [8d 2s 8h]
AJJFan48: checks 
Duffa: checks 
Alimash: bets $3
ppj800: folds 
AJJFan48: calls $3
Duffa: calls $3
*** TURN *** [8d 2s 8h] [3c]
AJJFan48: checks 
Duffa: checks 
Alimash: checks 
*** RIVER *** [8d 2s 8h 3c] [4c]
AJJFan48: checks 
Duffa: bets $10.25
Alimash: folds 
AJJFan48: folds 
Uncalled bet ($10.25) returned to Duffa
Duffa collected $12.40 from pot
Duffa: shows [8s 8c] (four of a kind, Eights)
*** SUMMARY ***
Total pot $13 | Rake $0.60 
Board [8d 2s 8h 3c 4c]
Seat 1: WhiteApe777 folded before Flop (didn't bet)
Seat 2: Alameda22 folded before Flop (didn't bet)
Seat 3: ppj800 folded on the Flop
Seat 4: dynamow folded before Flop (didn't bet)
Seat 5: ChipJamber (button) folded before Flop (didn't bet)
Seat 6: AJJFan48 (small blind) folded on the River
Seat 7: Duffa (big blind) collected ($12.40)
Seat 8: AcesG13 folded before Flop (didn't bet)
Seat 9: Alimash folded on the River



PokerStars Game #19952212388:  Hold'em No Limit ($0.10/$0.25) - 2008/08/27 - 22:21:53 (ET)
Table 'Boyce' 9-max Seat #6 is the button
Seat 1: WhiteApe777 ($25 in chips) 
Seat 2: Alameda22 ($38.25 in chips) 
Seat 3: ppj800 ($24.60 in chips) 
Seat 4: dynamow ($36.70 in chips) 
Seat 5: ChipJamber ($22.85 in chips) 
Seat 6: AJJFan48 ($10.35 in chips) 
Seat 7: Duffa ($38.35 in chips) 
Seat 8: AcesG13 ($24.75 in chips) 
Seat 9: Alimash ($22.45 in chips) 
Duffa: posts small blind $0.10
AcesG13: posts big blind $0.25
*** HOLE CARDS ***
Dealt to Alameda22 [5d 4c]
Alimash: folds 
WhiteApe777: folds 
dynamow said, "nh"
Alameda22: folds 
ppj800: folds 
dynamow: folds 
ChipJamber: raises $0.50 to $0.75
AJJFan48: folds 
Duffa: calls $0.65
AcesG13: calls $0.50
*** FLOP *** [7s 9d Jc]
Duffa said, "ty"
Duffa: checks 
AcesG13: bets $0.30
ChipJamber: calls $0.30
Duffa: raises $0.45 to $0.75
AcesG13: calls $0.45
ChipJamber: calls $0.45
*** TURN *** [7s 9d Jc] [Ac]
Duffa: checks 
AcesG13: checks 
ChipJamber: checks 
*** RIVER *** [7s 9d Jc Ac] [Qc]
Duffa: checks 
AcesG13: bets $2
ChipJamber: calls $2
Duffa: calls $2
*** SHOW DOWN ***
AcesG13: shows [8s Ks] (high card Ace)
ChipJamber: shows [Ad Kd] (a pair of Aces)
Duffa: shows [Js Jh] (three of a kind, Jacks)
Duffa collected $10 from pot
*** SUMMARY ***
Total pot $10.50 | Rake $0.50 
Board [7s 9d Jc Ac Qc]
Seat 1: WhiteApe777 folded before Flop (didn't bet)
Seat 2: Alameda22 folded before Flop (didn't bet)
Seat 3: ppj800 folded before Flop (didn't bet)
Seat 4: dynamow folded before Flop (didn't bet)
Seat 5: ChipJamber showed [Ad Kd] and lost with a pair of Aces
Seat 6: AJJFan48 (button) folded before Flop (didn't bet)
Seat 7: Duffa (small blind) showed [Js Jh] and won ($10) with three of a kind, Jacks
Seat 8: AcesG13 (big blind) showed [8s Ks] and lost with high card Ace
Seat 9: Alimash folded before Flop (didn't bet)



PokerStars Game #19952247956:  Hold'em No Limit ($0.10/$0.25) - 2008/08/27 - 22:23:27 (ET)
Table 'Boyce' 9-max Seat #7 is the button
Seat 1: WhiteApe777 ($25 in chips) 
Seat 2: Alameda22 ($38.25 in chips) 
Seat 3: ppj800 ($24.60 in chips) 
Seat 4: dynamow ($36.70 in chips) 
Seat 5: ChipJamber ($19.35 in chips) 
Seat 6: AJJFan48 ($11.55 in chips) 
Seat 7: Duffa ($44.85 in chips) 
Seat 8: AcesG13 ($21.25 in chips) 
Seat 9: Alimash ($22.45 in chips) 
AcesG13: posts small blind $0.10
ChipJamber said, "nh"
Alimash: posts big blind $0.25
*** HOLE CARDS ***
Dealt to Alameda22 [7c 6h]
WhiteApe777: folds 
Alameda22: folds 
ppj800: folds 
dynamow: folds 
ChipJamber: folds 
AJJFan48: calls $0.25
Duffa: folds 
AcesG13: folds 
Alimash: checks 
*** FLOP *** [2s Qs 4c]
ChipJamber said, "you're a big pair magnet tonigth"
Alimash: checks 
AJJFan48: checks 
*** TURN *** [2s Qs 4c] [Tc]
Alimash: checks 
Duffa said, "havet won with all of them though"
AJJFan48: checks 
*** RIVER *** [2s Qs 4c Tc] [5h]
Alimash: checks 
AJJFan48: checks 
*** SHOW DOWN ***
Alimash: shows [Ac 6s] (high card Ace)
ChipJamber said, "doesn't matter - the odds are with you if you play them  well"
AJJFan48: mucks hand 
Alimash collected $0.60 from pot
*** SUMMARY ***
Total pot $0.60 | Rake $0 
Board [2s Qs 4c Tc 5h]
Seat 1: WhiteApe777 folded before Flop (didn't bet)
Seat 2: Alameda22 folded before Flop (didn't bet)
Seat 3: ppj800 folded before Flop (didn't bet)
Seat 4: dynamow folded before Flop (didn't bet)
Seat 5: ChipJamber folded before Flop (didn't bet)
Seat 6: AJJFan48 mucked [7d Kc]
Seat 7: Duffa (button) folded before Flop (didn't bet)
Seat 8: AcesG13 (small blind) folded before Flop
Seat 9: Alimash (big blind) showed [Ac 6s] and won ($0.60) with high card Ace



PokerStars Game #19952273251:  Hold'em No Limit ($0.10/$0.25) - 2008/08/27 - 22:24:34 (ET)
Table 'Boyce' 9-max Seat #8 is the button
Seat 1: WhiteApe777 ($25 in chips) 
Seat 2: Alameda22 ($38.25 in chips) 
Seat 3: ppj800 ($24.60 in chips) 
Seat 4: dynamow ($36.70 in chips) 
Seat 5: ChipJamber ($19.35 in chips) 
Seat 6: AJJFan48 ($11.30 in chips) 
Seat 7: Duffa ($44.85 in chips) 
Seat 8: AcesG13 ($21.15 in chips) 
Seat 9: Alimash ($22.80 in chips) 
Duffa said, "its nice to hit a flop like the 8s though"
Alimash: posts small blind $0.10
WhiteApe777: posts big blind $0.25
*** HOLE CARDS ***
Dealt to Alameda22 [8s Tc]
Alameda22: folds 
ppj800: folds 
dynamow: folds 
ChipJamber: folds 
AJJFan48: calls $0.25
Duffa: folds 
AcesG13: raises $0.75 to $1
Alimash: folds 
WhiteApe777: folds 
AJJFan48: calls $0.75
*** FLOP *** [5d 3s 6d]
AJJFan48: checks 
AcesG13: bets $1.10
AJJFan48: calls $1.10
*** TURN *** [5d 3s 6d] [3c]
AJJFan48: checks 
AcesG13: checks 
*** RIVER *** [5d 3s 6d 3c] [Kd]
AJJFan48: checks 
Duffa said, "although i did lose with quad 8s a few weeks ago"
AcesG13: checks 
*** SHOW DOWN ***
AJJFan48: shows [7d Kc] (two pair, Kings and Threes)
AcesG13: mucks hand 
AJJFan48 collected $4.35 from pot
*** SUMMARY ***
Total pot $4.55 | Rake $0.20 
Board [5d 3s 6d 3c Kd]
Seat 1: WhiteApe777 (big blind) folded before Flop
Seat 2: Alameda22 folded before Flop (didn't bet)
Seat 3: ppj800 folded before Flop (didn't bet)
Seat 4: dynamow folded before Flop (didn't bet)
Seat 5: ChipJamber folded before Flop (didn't bet)
Seat 6: AJJFan48 showed [7d Kc] and won ($4.35) with two pair, Kings and Threes
Seat 7: Duffa folded before Flop (didn't bet)
Seat 8: AcesG13 (button) mucked [Qh Jc]
Seat 9: Alimash (small blind) folded before Flop



PokerStars Game #19952294643:  Hold'em No Limit ($0.10/$0.25) - 2008/08/27 - 22:25:30 (ET)
Table 'Boyce' 9-max Seat #9 is the button
Seat 1: WhiteApe777 ($24.75 in chips) 
Seat 2: Alameda22 ($38.25 in chips) 
Seat 3: ppj800 ($24.60 in chips) 
Seat 4: dynamow ($36.70 in chips) 
Seat 5: ChipJamber ($19.35 in chips) 
Seat 6: AJJFan48 ($13.55 in chips) 
Seat 7: Duffa ($44.85 in chips) 
Seat 8: AcesG13 ($19.05 in chips) 
Seat 9: Alimash ($22.70 in chips) 
WhiteApe777: posts small blind $0.10
Alameda22: posts big blind $0.25
*** HOLE CARDS ***
Dealt to Alameda22 [6h 5d]
Duffa said, "where is the bad beat jackpot when you need it"
ppj800: folds 
dynamow: folds 
ChipJamber: calls $0.25
AJJFan48: folds 
Duffa: folds 
AcesG13: folds 
Alimash: folds 
WhiteApe777: folds 
Alameda22: checks 
*** FLOP *** [4s Ah 7d]
Alameda22: checks 
ChipJamber: checks 
*** TURN *** [4s Ah 7d] [Kd]
Alameda22: checks 
ChipJamber: checks 
*** RIVER *** [4s Ah 7d Kd] [3s]
Alameda22: bets $0.50
ChipJamber: calls $0.50
*** SHOW DOWN ***
Alameda22: shows [6h 5d] (a straight, Three to Seven)
ChipJamber: mucks hand 
Alameda22 collected $1.55 from pot
*** SUMMARY ***
Total pot $1.60 | Rake $0.05 
Board [4s Ah 7d Kd 3s]
Seat 1: WhiteApe777 (small blind) folded before Flop
Seat 2: Alameda22 (big blind) showed [6h 5d] and won ($1.55) with a straight, Three to Seven
Seat 3: ppj800 folded before Flop (didn't bet)
Seat 4: dynamow folded before Flop (didn't bet)
Seat 5: ChipJamber mucked [3c 4c]
Seat 6: AJJFan48 folded before Flop (didn't bet)
Seat 7: Duffa folded before Flop (didn't bet)
Seat 8: AcesG13 folded before Flop (didn't bet)
Seat 9: Alimash (button) folded before Flop (didn't bet)



PokerStars Game #19952322270:  Hold'em No Limit ($0.10/$0.25) - 2008/08/27 - 22:26:42 (ET)
Table 'Boyce' 9-max Seat #1 is the button
Seat 1: WhiteApe777 ($24.65 in chips) 
Seat 2: Alameda22 ($39.05 in chips) 
Seat 3: ppj800 ($24.60 in chips) 
Seat 4: dynamow ($36.70 in chips) 
Seat 5: ChipJamber ($18.60 in chips) 
Seat 6: AJJFan48 ($13.55 in chips) 
Seat 7: Duffa ($44.85 in chips) 
Seat 8: AcesG13 ($19.05 in chips) 
Seat 9: Alimash ($22.70 in chips) 
Alameda22: posts small blind $0.10
ppj800: posts big blind $0.25
*** HOLE CARDS ***
Dealt to Alameda22 [Kc Ac]
dynamow: folds 
ChipJamber: folds 
AJJFan48: calls $0.25
Duffa: folds 
AcesG13: folds 
Alimash: folds 
Alimash leaves the table
WhiteApe777: raises $0.95 to $1.20
gaybar joins the table at seat #9 
Alameda22: calls $1.10
ppj800: calls $0.95
AJJFan48: calls $0.95
*** FLOP *** [5h 6d 8c]
dynamow leaves the table
Alameda22: checks 
ppj800: checks 
AJJFan48: checks 
yogeesun joins the table at seat #4 
WhiteApe777: bets $2.90
yogeesun is sitting out
Alameda22: folds 
ppj800: calls $2.90
AJJFan48: folds 
*** TURN *** [5h 6d 8c] [5s]
ppj800: checks 
WhiteApe777: checks 
*** RIVER *** [5h 6d 8c 5s] [Td]
ppj800: bets $2.50
WhiteApe777: calls $2.50
*** SHOW DOWN ***
ppj800: shows [8s 7s] (two pair, Eights and Fives)
WhiteApe777: shows [Ah 8h] (two pair, Eights and Fives - Ace kicker)
WhiteApe777 collected $14.85 from pot
*** SUMMARY ***
Total pot $15.60 | Rake $0.75 
Board [5h 6d 8c 5s Td]
Seat 1: WhiteApe777 (button) showed [Ah 8h] and won ($14.85) with two pair, Eights and Fives
Seat 2: Alameda22 (small blind) folded on the Flop
Seat 3: ppj800 (big blind) showed [8s 7s] and lost with two pair, Eights and Fives
Seat 4: dynamow folded before Flop (didn't bet)
Seat 5: ChipJamber folded before Flop (didn't bet)
Seat 6: AJJFan48 folded on the Flop
Seat 7: Duffa folded before Flop (didn't bet)
Seat 8: AcesG13 folded before Flop (didn't bet)
Seat 9: Alimash folded before Flop (didn't bet)



PokerStars Game #19952347238:  Hold'em No Limit ($0.10/$0.25) - 2008/08/27 - 22:27:48 (ET)
Table 'Boyce' 9-max Seat #2 is the button
Seat 1: WhiteApe777 ($32.90 in chips) 
Seat 2: Alameda22 ($37.85 in chips) 
Seat 3: ppj800 ($18 in chips) 
Seat 6: AJJFan48 ($12.35 in chips) 
Seat 7: Duffa ($44.85 in chips) 
Seat 8: AcesG13 ($19.05 in chips) 
ppj800: posts small blind $0.10
ChipJamber: is sitting out 
AJJFan48: posts big blind $0.25
gaybar: sits out 
*** HOLE CARDS ***
Dealt to Alameda22 [9d 7s]
Duffa: folds 
AcesG13: folds 
WhiteApe777: raises $0.75 to $1
Alameda22: folds 
yogeesun has returned
ppj800: folds 
AJJFan48: folds 
Uncalled bet ($0.75) returned to WhiteApe777
WhiteApe777 collected $0.60 from pot
WhiteApe777: doesn't show hand 
*** SUMMARY ***
Total pot $0.60 | Rake $0 
Seat 1: WhiteApe777 collected ($0.60)
Seat 2: Alameda22 (button) folded before Flop (didn't bet)
Seat 3: ppj800 (small blind) folded before Flop
Seat 6: AJJFan48 (big blind) folded before Flop
Seat 7: Duffa folded before Flop (didn't bet)
Seat 8: AcesG13 folded before Flop (didn't bet)



PokerStars Game #19952359572:  Hold'em No Limit ($0.10/$0.25) - 2008/08/27 - 22:28:20 (ET)
Table 'Boyce' 9-max Seat #3 is the button
Seat 1: WhiteApe777 ($33.25 in chips) 
Seat 2: Alameda22 ($37.85 in chips) 
Seat 3: ppj800 ($17.90 in chips) 
Seat 6: AJJFan48 ($12.10 in chips) 
Seat 7: Duffa ($44.85 in chips) 
Seat 8: AcesG13 ($19.05 in chips) 
yogeesun will be allowed to play after the button
AJJFan48: posts small blind $0.10
Duffa: posts big blind $0.25
gaybar: sits out 
*** HOLE CARDS ***
Dealt to Alameda22 [7c 8d]
AcesG13: folds 
WhiteApe777: folds 
Alameda22: folds 
ppj800: folds 
AJJFan48: calls $0.15
Duffa: raises $0.50 to $0.75
AJJFan48: calls $0.50
*** FLOP *** [7s Ah Js]
AJJFan48: bets $0.50
Duffa: raises $1 to $1.50
AJJFan48: calls $1
*** TURN *** [7s Ah Js] [3s]
AJJFan48: bets $1
Duffa: calls $1
*** RIVER *** [7s Ah Js 3s] [Jd]
AJJFan48: bets $6
Duffa said, "damn"
Duffa said, "cheers"
Duffa: folds 
Uncalled bet ($6) returned to AJJFan48
AJJFan48 collected $6.20 from pot
AJJFan48: doesn't show hand 
*** SUMMARY ***
Total pot $6.50 | Rake $0.30 
Board [7s Ah Js 3s Jd]
Seat 1: WhiteApe777 folded before Flop (didn't bet)
Seat 2: Alameda22 folded before Flop (didn't bet)
Seat 3: ppj800 (button) folded before Flop (didn't bet)
Seat 6: AJJFan48 (small blind) collected ($6.20)
Seat 7: Duffa (big blind) folded on the River
Seat 8: AcesG13 folded before Flop (didn't bet)



PokerStars Game #19952391914:  Hold'em No Limit ($0.10/$0.25) - 2008/08/27 - 22:29:44 (ET)
Table 'Boyce' 9-max Seat #6 is the button
Seat 1: WhiteApe777 ($33.25 in chips) 
Seat 2: Alameda22 ($37.85 in chips) 
Seat 3: ppj800 ($17.90 in chips) 
Seat 4: yogeesun ($25 in chips) 
Seat 6: AJJFan48 ($15.05 in chips) 
Seat 7: Duffa ($41.60 in chips) 
Seat 8: AcesG13 ($19.05 in chips) 
Duffa: posts small blind $0.10
AcesG13: posts big blind $0.25
gaybar: sits out 
yogeesun: posts big blind $0.25
*** HOLE CARDS ***
Dealt to Alameda22 [Td 9h]
WhiteApe777: calls $0.25
Duffa said, "ok what you have?"
Alameda22: folds 
ppj800: folds 
yogeesun: checks 
AJJFan48: folds 
Duffa: calls $0.15
AcesG13: checks 
*** FLOP *** [Qc Js 2c]
Duffa: checks 
AcesG13: checks 
WhiteApe777: checks 
yogeesun: checks 
*** TURN *** [Qc Js 2c] [3d]
Duffa said, "not telling  .....fair enough"
Duffa: checks 
AcesG13: checks 
WhiteApe777: checks 
yogeesun: checks 
*** RIVER *** [Qc Js 2c 3d] [2h]
Duffa said, "i wouldnt either"
Duffa: checks 
AcesG13: checks 
WhiteApe777: checks 
yogeesun: folds 
*** SHOW DOWN ***
Duffa: shows [Tc As] (a pair of Deuces)
AcesG13: mucks hand 
WhiteApe777: shows [8d 8c] (two pair, Eights and Deuces)
WhiteApe777 collected $0.95 from pot
*** SUMMARY ***
Total pot $1 | Rake $0.05 
Board [Qc Js 2c 3d 2h]
Seat 1: WhiteApe777 showed [8d 8c] and won ($0.95) with two pair, Eights and Deuces
Seat 2: Alameda22 folded before Flop (didn't bet)
Seat 3: ppj800 folded before Flop (didn't bet)
Seat 4: yogeesun folded on the River
Seat 6: AJJFan48 (button) folded before Flop (didn't bet)
Seat 7: Duffa (small blind) showed [Tc As] and lost with a pair of Deuces
Seat 8: AcesG13 (big blind) mucked [7h 5d]



PokerStars Game #19952426372:  Hold'em No Limit ($0.10/$0.25) - 2008/08/27 - 22:31:13 (ET)
Table 'Boyce' 9-max Seat #7 is the button
Seat 1: WhiteApe777 ($33.95 in chips) 
Seat 2: Alameda22 ($37.85 in chips) 
Seat 3: ppj800 ($17.90 in chips) 
Seat 4: yogeesun ($24.75 in chips) 
Seat 6: AJJFan48 ($15.05 in chips) 
Seat 7: Duffa ($41.35 in chips) 
Seat 8: AcesG13 ($18.80 in chips) 
Seat 9: gaybar ($5 in chips) 
AcesG13: posts small blind $0.10
gaybar: posts big blind $0.25
*** HOLE CARDS ***
Dealt to Alameda22 [3h 6h]
WhiteApe777: folds 
Alameda22: folds 
ppj800: folds 
yogeesun: folds 
AJJFan48: folds 
Duffa: raises $0.50 to $0.75
AcesG13: folds 
gaybar: folds 
Uncalled bet ($0.50) returned to Duffa
Duffa collected $0.60 from pot
Duffa: doesn't show hand 
*** SUMMARY ***
Total pot $0.60 | Rake $0 
Seat 1: WhiteApe777 folded before Flop (didn't bet)
Seat 2: Alameda22 folded before Flop (didn't bet)
Seat 3: ppj800 folded before Flop (didn't bet)
Seat 4: yogeesun folded before Flop (didn't bet)
Seat 6: AJJFan48 folded before Flop (didn't bet)
Seat 7: Duffa (button) collected ($0.60)
Seat 8: AcesG13 (small blind) folded before Flop
Seat 9: gaybar (big blind) folded before Flop



PokerStars Game #19952438365:  Hold'em No Limit ($0.10/$0.25) - 2008/08/27 - 22:31:41 (ET)
Table 'Boyce' 9-max Seat #8 is the button
Seat 1: WhiteApe777 ($33.95 in chips) 
Seat 2: Alameda22 ($37.85 in chips) 
Seat 3: ppj800 ($17.90 in chips) 
Seat 4: yogeesun ($24.75 in chips) 
Seat 6: AJJFan48 ($15.05 in chips) 
Seat 7: Duffa ($41.70 in chips) 
Seat 8: AcesG13 ($18.70 in chips) 
Seat 9: gaybar ($4.75 in chips) 
gaybar: posts small blind $0.10
WhiteApe777: posts big blind $0.25
*** HOLE CARDS ***
Dealt to Alameda22 [Jc Td]
Alameda22: folds 
ppj800: folds 
yogeesun: folds 
AJJFan48: calls $0.25
Duffa: folds 
AcesG13: folds 
gaybar: folds 
WhiteApe777: checks 
*** FLOP *** [5s Qs 5d]
WhiteApe777: checks 
AJJFan48: checks 
*** TURN *** [5s Qs 5d] [3s]
WhiteApe777: checks 
AJJFan48: checks 
*** RIVER *** [5s Qs 5d 3s] [8d]
WhiteApe777: checks 
AJJFan48: checks 
*** SHOW DOWN ***
WhiteApe777: shows [Tc 7s] (a pair of Fives)
AJJFan48: shows [9d Jd] (a pair of Fives - Queen+Jack kicker)
AJJFan48 collected $0.60 from pot
*** SUMMARY ***
Total pot $0.60 | Rake $0 
Board [5s Qs 5d 3s 8d]
Seat 1: WhiteApe777 (big blind) showed [Tc 7s] and lost with a pair of Fives
Seat 2: Alameda22 folded before Flop (didn't bet)
Seat 3: ppj800 folded before Flop (didn't bet)
Seat 4: yogeesun folded before Flop (didn't bet)
Seat 6: AJJFan48 showed [9d Jd] and won ($0.60) with a pair of Fives
Seat 7: Duffa folded before Flop (didn't bet)
Seat 8: AcesG13 (button) folded before Flop (didn't bet)
Seat 9: gaybar (small blind) folded before Flop



PokerStars Game #19952460809:  Hold'em No Limit ($0.10/$0.25) - 2008/08/27 - 22:32:36 (ET)
Table 'Boyce' 9-max Seat #9 is the button
Seat 1: WhiteApe777 ($33.70 in chips) 
Seat 2: Alameda22 ($37.85 in chips) 
Seat 3: ppj800 ($17.90 in chips) 
Seat 4: yogeesun ($24.75 in chips) 
Seat 6: AJJFan48 ($15.40 in chips) 
Seat 7: Duffa ($41.70 in chips) 
Seat 8: AcesG13 ($18.70 in chips) 
Seat 9: gaybar ($4.65 in chips) 
WhiteApe777: posts small blind $0.10
Alameda22: posts big blind $0.25
*** HOLE CARDS ***
Dealt to Alameda22 [6d 7c]
ppj800: folds 
yogeesun: folds 
AJJFan48: calls $0.25
Duffa: folds 
AcesG13: raises $0.75 to $1
gaybar: folds 
WhiteApe777: folds 
Alameda22: folds 
AJJFan48: calls $0.75
*** FLOP *** [Ad 6s 5s]
AJJFan48: checks 
AcesG13: bets $1.10
AJJFan48: folds 
Uncalled bet ($1.10) returned to AcesG13
AcesG13 collected $2.25 from pot
AcesG13: doesn't show hand 
*** SUMMARY ***
Total pot $2.35 | Rake $0.10 
Board [Ad 6s 5s]
Seat 1: WhiteApe777 (small blind) folded before Flop
Seat 2: Alameda22 (big blind) folded before Flop
Seat 3: ppj800 folded before Flop (didn't bet)
Seat 4: yogeesun folded before Flop (didn't bet)
Seat 6: AJJFan48 folded on the Flop
Seat 7: Duffa folded before Flop (didn't bet)
Seat 8: AcesG13 collected ($2.25)
Seat 9: gaybar (button) folded before Flop (didn't bet)



PokerStars Game #19952474006:  Hold'em No Limit ($0.10/$0.25) - 2008/08/27 - 22:33:08 (ET)
Table 'Boyce' 9-max Seat #1 is the button
Seat 1: WhiteApe777 ($33.60 in chips) 
Seat 2: Alameda22 ($37.60 in chips) 
Seat 3: ppj800 ($17.90 in chips) 
Seat 4: yogeesun ($24.75 in chips) 
Seat 6: AJJFan48 ($14.40 in chips) 
Seat 7: Duffa ($41.70 in chips) 
Seat 8: AcesG13 ($19.95 in chips) 
Seat 9: gaybar ($4.65 in chips) 
Alameda22: posts small blind $0.10
ppj800: posts big blind $0.25
*** HOLE CARDS ***
Dealt to Alameda22 [Ks 2s]
ChipJamber leaves the table
yogeesun: folds 
AJJFan48: folds 
Duffa: raises $0.75 to $1
WooLeeJung joins the table at seat #5 
AcesG13: calls $1
AJJFan48 leaves the table
gaybar: folds 
WhiteApe777: raises $3 to $4
Alameda22: folds 
ppj800: folds 
Duffa: folds 
AcesG13: folds 
Uncalled bet ($3) returned to WhiteApe777
WhiteApe777 collected $3.35 from pot
WhiteApe777: doesn't show hand 
*** SUMMARY ***
Total pot $3.35 | Rake $0 
Seat 1: WhiteApe777 (button) collected ($3.35)
Seat 2: Alameda22 (small blind) folded before Flop
Seat 3: ppj800 (big blind) folded before Flop
Seat 4: yogeesun folded before Flop (didn't bet)
Seat 6: AJJFan48 folded before Flop (didn't bet)
Seat 7: Duffa folded before Flop
Seat 8: AcesG13 folded before Flop
Seat 9: gaybar folded before Flop (didn't bet)



PokerStars Game #19952498175:  Hold'em No Limit ($0.10/$0.25) - 2008/08/27 - 22:34:07 (ET)
Table 'Boyce' 9-max Seat #2 is the button
Seat 1: WhiteApe777 ($35.95 in chips) 
Seat 2: Alameda22 ($37.50 in chips) 
Seat 3: ppj800 ($17.65 in chips) 
Seat 4: yogeesun ($24.75 in chips) 
Seat 7: Duffa ($40.70 in chips) 
Seat 8: AcesG13 ($18.95 in chips) 
Seat 9: gaybar ($4.65 in chips) 
ppj800: posts small blind $0.10
yogeesun: posts big blind $0.25
WooLeeJung: sits out 
*** HOLE CARDS ***
Dealt to Alameda22 [Ah 3d]
Duffa: folds 
AcesG13: folds 
gaybar: folds 
WhiteApe777: raises $0.75 to $1
Alameda22: folds 
ppj800: folds 
yogeesun: folds 
Uncalled bet ($0.75) returned to WhiteApe777
WhiteApe777 collected $0.60 from pot
WhiteApe777: doesn't show hand 
*** SUMMARY ***
Total pot $0.60 | Rake $0 
Seat 1: WhiteApe777 collected ($0.60)
Seat 2: Alameda22 (button) folded before Flop (didn't bet)
Seat 3: ppj800 (small blind) folded before Flop
Seat 4: yogeesun (big blind) folded before Flop
Seat 7: Duffa folded before Flop (didn't bet)
Seat 8: AcesG13 folded before Flop (didn't bet)
Seat 9: gaybar folded before Flop (didn't bet)



PokerStars Game #19952513798:  Hold'em No Limit ($0.10/$0.25) - 2008/08/27 - 22:34:45 (ET)
Table 'Boyce' 9-max Seat #3 is the button
Seat 1: WhiteApe777 ($36.30 in chips) 
Seat 2: Alameda22 ($37.50 in chips) 
Seat 3: ppj800 ($17.55 in chips) 
Seat 4: yogeesun ($24.50 in chips) 
Seat 5: WooLeeJung ($25 in chips) 
Seat 7: Duffa ($40.70 in chips) 
Seat 8: AcesG13 ($18.95 in chips) 
Seat 9: gaybar ($4.65 in chips) 
yogeesun: posts small blind $0.10
WooLeeJung: posts big blind $0.25
*** HOLE CARDS ***
Dealt to Alameda22 [2c 7s]
Duffa: calls $0.25
AcesG13: folds 
gaybar: folds 
WhiteApe777: folds 
Alameda22: folds 
ppj800: folds 
yogeesun: calls $0.15
WooLeeJung: checks 
*** FLOP *** [Jh 3h 7d]
yogeesun: checks 
WooLeeJung: checks 
Duffa: bets $0.75
yogeesun: folds 
WooLeeJung: folds 
Uncalled bet ($0.75) returned to Duffa
Duffa collected $0.75 from pot
Duffa: doesn't show hand 
*** SUMMARY ***
Total pot $0.75 | Rake $0 
Board [Jh 3h 7d]
Seat 1: WhiteApe777 folded before Flop (didn't bet)
Seat 2: Alameda22 folded before Flop (didn't bet)
Seat 3: ppj800 (button) folded before Flop (didn't bet)
Seat 4: yogeesun (small blind) folded on the Flop
Seat 5: WooLeeJung (big blind) folded on the Flop
Seat 7: Duffa collected ($0.75)
Seat 8: AcesG13 folded before Flop (didn't bet)
Seat 9: gaybar folded before Flop (didn't bet)



PokerStars Game #19952533461:  Hold'em No Limit ($0.10/$0.25) - 2008/08/27 - 22:35:34 (ET)
Table 'Boyce' 9-max Seat #4 is the button
Seat 1: WhiteApe777 ($36.30 in chips) 
Seat 2: Alameda22 ($37.50 in chips) 
Seat 3: ppj800 ($17.55 in chips) 
Seat 4: yogeesun ($24.25 in chips) 
Seat 5: WooLeeJung ($24.75 in chips) 
WooLeeJung: posts small blind $0.10
Duffa: is sitting out 
AcesG13: is sitting out 
gaybar: is sitting out 
WhiteApe777: posts big blind $0.25
*** HOLE CARDS ***
Dealt to Alameda22 [6c Kc]
AcesG13 leaves the table
Alameda22: folds 
gaybar leaves the table
ppj800: folds 
yogeesun: folds 
WooLeeJung: calls $0.15
WhiteApe777: checks 
*** FLOP *** [4s 2d 3c]
WooLeeJung: checks 
WhiteApe777: checks 
*** TURN *** [4s 2d 3c] [Qh]
WooLeeJung: bets $0.50
WhiteApe777: calls $0.50
*** RIVER *** [4s 2d 3c Qh] [6s]
WooLeeJung: bets $0.75
WhiteApe777: calls $0.75
*** SHOW DOWN ***
WooLeeJung: shows [9d Qd] (a pair of Queens)
WhiteApe777: shows [Qc Js] (a pair of Queens - Jack kicker)
WhiteApe777 collected $2.90 from pot
*** SUMMARY ***
Total pot $3 | Rake $0.10 
Board [4s 2d 3c Qh 6s]
Seat 1: WhiteApe777 (big blind) showed [Qc Js] and won ($2.90) with a pair of Queens
Seat 2: Alameda22 folded before Flop (didn't bet)
Seat 3: ppj800 folded before Flop (didn't bet)
Seat 4: yogeesun (button) folded before Flop (didn't bet)
Seat 5: WooLeeJung (small blind) showed [9d Qd] and lost with a pair of Queens



PokerStars Game #19952555041:  Hold'em No Limit ($0.10/$0.25) - 2008/08/27 - 22:36:29 (ET)
Table 'Boyce' 9-max Seat #5 is the button
Seat 2: Alameda22 ($37.50 in chips) 
Seat 3: ppj800 ($17.55 in chips) 
Seat 4: yogeesun ($24.25 in chips) 
Seat 5: WooLeeJung ($23.25 in chips) 
WhiteApe777: is sitting out 
Alameda22: posts small blind $0.10
ppj800: posts big blind $0.25
*** HOLE CARDS ***
Dealt to Alameda22 [8d Ts]
WhiteApe777 leaves the table
yogeesun: calls $0.25
WooLeeJung: folds 
Alameda22: folds 
ppj800: checks 
*** FLOP *** [9d 7h 3d]
ppj800: checks 
yogeesun: checks 
*** TURN *** [9d 7h 3d] [9h]
ppj800: checks 
yogeesun: checks 
*** RIVER *** [9d 7h 3d 9h] [5d]
ppj800: checks 
yogeesun: checks 
*** SHOW DOWN ***
ppj800: shows [4d Th] (a pair of Nines)
yogeesun: shows [Ad Js] (a pair of Nines - Ace kicker)
yogeesun collected $0.60 from pot
*** SUMMARY ***
Total pot $0.60 | Rake $0 
Board [9d 7h 3d 9h 5d]
Seat 2: Alameda22 (small blind) folded before Flop
Seat 3: ppj800 (big blind) showed [4d Th] and lost with a pair of Nines
Seat 4: yogeesun showed [Ad Js] and won ($0.60) with a pair of Nines
Seat 5: WooLeeJung (button) folded before Flop (didn't bet)



