PokerStars Game #20079568047:  Hold'em No Limit ($0.10/$0.25) - 2008/09/01 - 21:37:50 (ET)
Table 'Sigelinde IV' 9-max Seat #5 is the button
Seat 1: snowpepsi ($25.35 in chips) 
Seat 3: FrancoisGER ($36.95 in chips) 
Seat 4: Alameda22 ($25 in chips) 
Seat 5: DeadEndKev ($22.20 in chips) 
Seat 6: mr_patriko ($24.75 in chips) 
Seat 7: TennePenne ($28.40 in chips) 
Seat 8: sayahh ($9.80 in chips) 
Seat 9: TioRicoLPP ($24.65 in chips) 
mr_patriko: posts small blind $0.10
TennePenne: posts big blind $0.25
yjqian23: sits out 
Alameda22: posts big blind $0.25
*** HOLE CARDS ***
Dealt to Alameda22 [8c Jd]
sayahh: folds 
TioRicoLPP: folds 
snowpepsi: folds 
FrancoisGER: folds 
Alameda22: checks 
DeadEndKev: raises $1 to $1.25
mr_patriko: raises $1.75 to $3
TennePenne: folds 
Alameda22: folds 
DeadEndKev: calls $1.75
*** FLOP *** [5s 8h 6d]
mr_patriko: bets $3.50
DeadEndKev: folds 
Uncalled bet ($3.50) returned to mr_patriko
mr_patriko collected $6.20 from pot
mr_patriko: doesn't show hand 
*** SUMMARY ***
Total pot $6.50 | Rake $0.30 
Board [5s 8h 6d]
Seat 1: snowpepsi folded before Flop (didn't bet)
Seat 3: FrancoisGER folded before Flop (didn't bet)
Seat 4: Alameda22 folded before Flop
Seat 5: DeadEndKev (button) folded on the Flop
Seat 6: mr_patriko (small blind) collected ($6.20)
Seat 7: TennePenne (big blind) folded before Flop
Seat 8: sayahh folded before Flop (didn't bet)
Seat 9: TioRicoLPP folded before Flop (didn't bet)



PokerStars Game #20079601260:  Hold'em No Limit ($0.10/$0.25) - 2008/09/01 - 21:39:19 (ET)
Table 'Sigelinde IV' 9-max Seat #6 is the button
Seat 1: snowpepsi ($25.35 in chips) 
Seat 3: FrancoisGER ($36.95 in chips) 
Seat 4: Alameda22 ($24.75 in chips) 
Seat 5: DeadEndKev ($25 in chips) 
Seat 6: mr_patriko ($27.95 in chips) 
Seat 7: TennePenne ($28.15 in chips) 
Seat 8: sayahh ($9.80 in chips) 
Seat 9: TioRicoLPP ($24.65 in chips) 
TennePenne: posts small blind $0.10
sayahh: posts big blind $0.25
yjqian23: sits out 
*** HOLE CARDS ***
Dealt to Alameda22 [Ks Kd]
TioRicoLPP: folds 
snowpepsi: folds 
FrancoisGER: folds 
Alameda22: raises $0.75 to $1
DeadEndKev: raises $2 to $3
mr_patriko: folds 
TennePenne: folds 
sayahh: folds 
Alameda22: calls $2
*** FLOP *** [Ah 6s 2c]
Alameda22: checks 
DeadEndKev: bets $4
Alameda22: folds 
Uncalled bet ($4) returned to DeadEndKev
DeadEndKev collected $6.05 from pot
*** SUMMARY ***
Total pot $6.35 | Rake $0.30 
Board [Ah 6s 2c]
Seat 1: snowpepsi folded before Flop (didn't bet)
Seat 3: FrancoisGER folded before Flop (didn't bet)
Seat 4: Alameda22 folded on the Flop
Seat 5: DeadEndKev collected ($6.05)
Seat 6: mr_patriko (button) folded before Flop (didn't bet)
Seat 7: TennePenne (small blind) folded before Flop
Seat 8: sayahh (big blind) folded before Flop
Seat 9: TioRicoLPP folded before Flop (didn't bet)



PokerStars Game #20079643208:  Hold'em No Limit ($0.10/$0.25) - 2008/09/01 - 21:41:10 (ET)
Table 'Sigelinde IV' 9-max Seat #7 is the button
Seat 1: snowpepsi ($25.35 in chips) 
Seat 3: FrancoisGER ($36.95 in chips) 
Seat 4: Alameda22 ($21.75 in chips) 
Seat 5: DeadEndKev ($28.05 in chips) 
Seat 6: mr_patriko ($27.95 in chips) 
Seat 7: TennePenne ($28.05 in chips) 
Seat 8: sayahh ($9.55 in chips) 
Seat 9: TioRicoLPP ($24.65 in chips) 
sayahh: posts small blind $0.10
TioRicoLPP: posts big blind $0.25
yjqian23: sits out 
*** HOLE CARDS ***
Dealt to Alameda22 [8s Qh]
snowpepsi: folds 
FrancoisGER: folds 
Alameda22: folds 
DeadEndKev: folds 
mr_patriko: folds 
TennePenne: raises $0.75 to $1
sayahh is disconnected 
sayahh is connected 
sayahh: folds 
TioRicoLPP: folds 
Uncalled bet ($0.75) returned to TennePenne
TennePenne collected $0.60 from pot
TennePenne: doesn't show hand 
*** SUMMARY ***
Total pot $0.60 | Rake $0 
Seat 1: snowpepsi folded before Flop (didn't bet)
Seat 3: FrancoisGER folded before Flop (didn't bet)
Seat 4: Alameda22 folded before Flop (didn't bet)
Seat 5: DeadEndKev folded before Flop (didn't bet)
Seat 6: mr_patriko folded before Flop (didn't bet)
Seat 7: TennePenne (button) collected ($0.60)
Seat 8: sayahh (small blind) folded before Flop
Seat 9: TioRicoLPP (big blind) folded before Flop



PokerStars Game #20079674011:  Hold'em No Limit ($0.10/$0.25) - 2008/09/01 - 21:42:32 (ET)
Table 'Sigelinde IV' 9-max Seat #8 is the button
Seat 1: snowpepsi ($25.35 in chips) 
Seat 3: FrancoisGER ($36.95 in chips) 
Seat 4: Alameda22 ($21.75 in chips) 
Seat 5: DeadEndKev ($28.05 in chips) 
Seat 6: mr_patriko ($27.95 in chips) 
Seat 7: TennePenne ($28.40 in chips) 
Seat 8: sayahh ($9.45 in chips) 
Seat 9: TioRicoLPP ($24.40 in chips) 
TioRicoLPP: posts small blind $0.10
snowpepsi: posts big blind $0.25
yjqian23: sits out 
*** HOLE CARDS ***
Dealt to Alameda22 [9d Qc]
FrancoisGER: folds 
Alameda22: folds 
DeadEndKev has timed out
DeadEndKev: folds 
DeadEndKev is sitting out
DeadEndKev has returned
mr_patriko: folds 
TennePenne: folds 
sayahh: folds 
TioRicoLPP: raises $0.75 to $1
snowpepsi: folds 
Uncalled bet ($0.75) returned to TioRicoLPP
TioRicoLPP collected $0.50 from pot
TioRicoLPP: doesn't show hand 
*** SUMMARY ***
Total pot $0.50 | Rake $0 
Seat 1: snowpepsi (big blind) folded before Flop
Seat 3: FrancoisGER folded before Flop (didn't bet)
Seat 4: Alameda22 folded before Flop (didn't bet)
Seat 5: DeadEndKev folded before Flop (didn't bet)
Seat 6: mr_patriko folded before Flop (didn't bet)
Seat 7: TennePenne folded before Flop (didn't bet)
Seat 8: sayahh (button) folded before Flop (didn't bet)
Seat 9: TioRicoLPP (small blind) collected ($0.50)



PokerStars Game #20079711175:  Hold'em No Limit ($0.10/$0.25) - 2008/09/01 - 21:44:08 (ET)
Table 'Sigelinde IV' 9-max Seat #9 is the button
Seat 1: snowpepsi ($25.10 in chips) 
Seat 2: yjqian23 ($25 in chips) 
Seat 3: FrancoisGER ($36.95 in chips) 
Seat 4: Alameda22 ($21.75 in chips) 
Seat 5: DeadEndKev ($28.05 in chips) 
Seat 6: mr_patriko ($27.95 in chips) 
Seat 7: TennePenne ($28.40 in chips) 
Seat 8: sayahh ($9.45 in chips) 
Seat 9: TioRicoLPP ($24.65 in chips) 
snowpepsi: posts small blind $0.10
yjqian23: posts big blind $0.25
*** HOLE CARDS ***
Dealt to Alameda22 [2h 3d]
FrancoisGER: folds 
Alameda22: folds 
DeadEndKev: folds 
mr_patriko: raises $0.50 to $0.75
TennePenne: folds 
sayahh: folds 
TioRicoLPP: folds 
snowpepsi: folds 
yjqian23: folds 
Uncalled bet ($0.50) returned to mr_patriko
mr_patriko collected $0.60 from pot
mr_patriko: doesn't show hand 
*** SUMMARY ***
Total pot $0.60 | Rake $0 
Seat 1: snowpepsi (small blind) folded before Flop
Seat 2: yjqian23 (big blind) folded before Flop
Seat 3: FrancoisGER folded before Flop (didn't bet)
Seat 4: Alameda22 folded before Flop (didn't bet)
Seat 5: DeadEndKev folded before Flop (didn't bet)
Seat 6: mr_patriko collected ($0.60)
Seat 7: TennePenne folded before Flop (didn't bet)
Seat 8: sayahh folded before Flop (didn't bet)
Seat 9: TioRicoLPP (button) folded before Flop (didn't bet)



PokerStars Game #20079734877:  Hold'em No Limit ($0.10/$0.25) - 2008/09/01 - 21:45:09 (ET)
Table 'Sigelinde IV' 9-max Seat #1 is the button
Seat 1: snowpepsi ($25 in chips) 
Seat 2: yjqian23 ($24.75 in chips) 
Seat 3: FrancoisGER ($36.95 in chips) 
Seat 4: Alameda22 ($21.75 in chips) 
Seat 5: DeadEndKev ($28.05 in chips) 
Seat 6: mr_patriko ($28.30 in chips) 
Seat 7: TennePenne ($28.40 in chips) 
Seat 8: sayahh ($9.45 in chips) 
Seat 9: TioRicoLPP ($24.65 in chips) 
yjqian23: posts small blind $0.10
FrancoisGER: posts big blind $0.25
*** HOLE CARDS ***
Dealt to Alameda22 [2h Kd]
Alameda22: folds 
DeadEndKev: folds 
mr_patriko: folds 
TennePenne: folds 
sayahh: folds 
TioRicoLPP: folds 
snowpepsi: folds 
yjqian23: folds 
Uncalled bet ($0.15) returned to FrancoisGER
FrancoisGER collected $0.20 from pot
FrancoisGER: doesn't show hand 
*** SUMMARY ***
Total pot $0.20 | Rake $0 
Seat 1: snowpepsi (button) folded before Flop (didn't bet)
Seat 2: yjqian23 (small blind) folded before Flop
Seat 3: FrancoisGER (big blind) collected ($0.20)
Seat 4: Alameda22 folded before Flop (didn't bet)
Seat 5: DeadEndKev folded before Flop (didn't bet)
Seat 6: mr_patriko folded before Flop (didn't bet)
Seat 7: TennePenne folded before Flop (didn't bet)
Seat 8: sayahh folded before Flop (didn't bet)
Seat 9: TioRicoLPP folded before Flop (didn't bet)



PokerStars Game #20079758747:  Hold'em No Limit ($0.10/$0.25) - 2008/09/01 - 21:46:11 (ET)
Table 'Sigelinde IV' 9-max Seat #2 is the button
Seat 1: snowpepsi ($25 in chips) 
Seat 2: yjqian23 ($24.65 in chips) 
Seat 3: FrancoisGER ($37.05 in chips) 
Seat 4: Alameda22 ($21.75 in chips) 
Seat 5: DeadEndKev ($28.05 in chips) 
Seat 6: mr_patriko ($28.30 in chips) 
Seat 7: TennePenne ($28.40 in chips) 
Seat 8: sayahh ($9.45 in chips) 
Seat 9: TioRicoLPP ($24.65 in chips) 
FrancoisGER: posts small blind $0.10
Alameda22: posts big blind $0.25
*** HOLE CARDS ***
Dealt to Alameda22 [Qd Kh]
DeadEndKev: folds 
mr_patriko: calls $0.25
TennePenne: folds 
sayahh: calls $0.25
TioRicoLPP: folds 
snowpepsi: calls $0.25
yjqian23: folds 
FrancoisGER: calls $0.15
Alameda22: checks 
*** FLOP *** [8h Jh 6h]
FrancoisGER: checks 
Alameda22: checks 
mr_patriko: checks 
sayahh: checks 
snowpepsi: bets $1
FrancoisGER: calls $1
Alameda22: folds 
mr_patriko: folds 
sayahh: folds 
*** TURN *** [8h Jh 6h] [As]
FrancoisGER: bets $1
snowpepsi: folds 
Uncalled bet ($1) returned to FrancoisGER
FrancoisGER collected $3.10 from pot
FrancoisGER: doesn't show hand 
*** SUMMARY ***
Total pot $3.25 | Rake $0.15 
Board [8h Jh 6h As]
Seat 1: snowpepsi folded on the Turn
Seat 2: yjqian23 (button) folded before Flop (didn't bet)
Seat 3: FrancoisGER (small blind) collected ($3.10)
Seat 4: Alameda22 (big blind) folded on the Flop
Seat 5: DeadEndKev folded before Flop (didn't bet)
Seat 6: mr_patriko folded on the Flop
Seat 7: TennePenne folded before Flop (didn't bet)
Seat 8: sayahh folded on the Flop
Seat 9: TioRicoLPP folded before Flop (didn't bet)



PokerStars Game #20079793636:  Hold'em No Limit ($0.10/$0.25) - 2008/09/01 - 21:47:42 (ET)
Table 'Sigelinde IV' 9-max Seat #3 is the button
Seat 1: snowpepsi ($23.75 in chips) 
Seat 2: yjqian23 ($24.65 in chips) 
Seat 3: FrancoisGER ($38.90 in chips) 
Seat 4: Alameda22 ($21.50 in chips) 
Seat 5: DeadEndKev ($28.05 in chips) 
Seat 6: mr_patriko ($28.05 in chips) 
Seat 7: TennePenne ($28.40 in chips) 
Seat 8: sayahh ($9.20 in chips) 
Seat 9: TioRicoLPP ($24.65 in chips) 
Alameda22: posts small blind $0.10
DeadEndKev: posts big blind $0.25
*** HOLE CARDS ***
Dealt to Alameda22 [4h 6s]
mr_patriko: folds 
TennePenne: folds 
sayahh: folds 
TioRicoLPP: folds 
snowpepsi: folds 
yjqian23: folds 
FrancoisGER: raises $0.75 to $1
Alameda22: folds 
DeadEndKev: calls $0.75
*** FLOP *** [7c 2c 8h]
DeadEndKev: checks 
FrancoisGER: checks 
*** TURN *** [7c 2c 8h] [5c]
DeadEndKev: checks 
FrancoisGER: checks 
*** RIVER *** [7c 2c 8h 5c] [3h]
DeadEndKev: checks 
FrancoisGER: checks 
*** SHOW DOWN ***
DeadEndKev: shows [Qd Kh] (high card King)
FrancoisGER: shows [Ah Qs] (high card Ace)
FrancoisGER collected $2 from pot
*** SUMMARY ***
Total pot $2.10 | Rake $0.10 
Board [7c 2c 8h 5c 3h]
Seat 1: snowpepsi folded before Flop (didn't bet)
Seat 2: yjqian23 folded before Flop (didn't bet)
Seat 3: FrancoisGER (button) showed [Ah Qs] and won ($2) with high card Ace
Seat 4: Alameda22 (small blind) folded before Flop
Seat 5: DeadEndKev (big blind) showed [Qd Kh] and lost with high card King
Seat 6: mr_patriko folded before Flop (didn't bet)
Seat 7: TennePenne folded before Flop (didn't bet)
Seat 8: sayahh folded before Flop (didn't bet)
Seat 9: TioRicoLPP folded before Flop (didn't bet)



PokerStars Game #20079814721:  Hold'em No Limit ($0.10/$0.25) - 2008/09/01 - 21:48:37 (ET)
Table 'Sigelinde IV' 9-max Seat #4 is the button
Seat 1: snowpepsi ($23.75 in chips) 
Seat 2: yjqian23 ($24.65 in chips) 
Seat 3: FrancoisGER ($39.90 in chips) 
Seat 4: Alameda22 ($21.40 in chips) 
Seat 5: DeadEndKev ($27.05 in chips) 
Seat 6: mr_patriko ($28.05 in chips) 
Seat 7: TennePenne ($28.40 in chips) 
Seat 8: sayahh ($9.20 in chips) 
Seat 9: TioRicoLPP ($24.65 in chips) 
DeadEndKev: posts small blind $0.10
mr_patriko: posts big blind $0.25
*** HOLE CARDS ***
Dealt to Alameda22 [7d 3s]
TennePenne: folds 
sayahh: folds 
TioRicoLPP: folds 
snowpepsi: raises $0.75 to $1
yjqian23: folds 
FrancoisGER: folds 
Alameda22: folds 
DeadEndKev: folds 
mr_patriko: folds 
Uncalled bet ($0.75) returned to snowpepsi
snowpepsi collected $0.60 from pot
snowpepsi: doesn't show hand 
*** SUMMARY ***
Total pot $0.60 | Rake $0 
Seat 1: snowpepsi collected ($0.60)
Seat 2: yjqian23 folded before Flop (didn't bet)
Seat 3: FrancoisGER folded before Flop (didn't bet)
Seat 4: Alameda22 (button) folded before Flop (didn't bet)
Seat 5: DeadEndKev (small blind) folded before Flop
Seat 6: mr_patriko (big blind) folded before Flop
Seat 7: TennePenne folded before Flop (didn't bet)
Seat 8: sayahh folded before Flop (didn't bet)
Seat 9: TioRicoLPP folded before Flop (didn't bet)



PokerStars Game #20079836826:  Hold'em No Limit ($0.10/$0.25) - 2008/09/01 - 21:49:36 (ET)
Table 'Sigelinde IV' 9-max Seat #5 is the button
Seat 1: snowpepsi ($24.10 in chips) 
Seat 2: yjqian23 ($24.65 in chips) 
Seat 3: FrancoisGER ($39.90 in chips) 
Seat 4: Alameda22 ($21.40 in chips) 
Seat 5: DeadEndKev ($26.95 in chips) 
Seat 6: mr_patriko ($27.80 in chips) 
Seat 7: TennePenne ($28.40 in chips) 
Seat 8: sayahh ($9.20 in chips) 
Seat 9: TioRicoLPP ($24.65 in chips) 
mr_patriko: posts small blind $0.10
TennePenne: posts big blind $0.25
*** HOLE CARDS ***
Dealt to Alameda22 [Th Ts]
sayahh: folds 
TioRicoLPP: folds 
snowpepsi: folds 
yjqian23: folds 
FrancoisGER: folds 
Alameda22: raises $0.75 to $1
DeadEndKev: folds 
mr_patriko: folds 
TennePenne: folds 
Uncalled bet ($0.75) returned to Alameda22
Alameda22 collected $0.60 from pot
Alameda22: doesn't show hand 
*** SUMMARY ***
Total pot $0.60 | Rake $0 
Seat 1: snowpepsi folded before Flop (didn't bet)
Seat 2: yjqian23 folded before Flop (didn't bet)
Seat 3: FrancoisGER folded before Flop (didn't bet)
Seat 4: Alameda22 collected ($0.60)
Seat 5: DeadEndKev (button) folded before Flop (didn't bet)
Seat 6: mr_patriko (small blind) folded before Flop
Seat 7: TennePenne (big blind) folded before Flop
Seat 8: sayahh folded before Flop (didn't bet)
Seat 9: TioRicoLPP folded before Flop (didn't bet)



PokerStars Game #20079858206:  Hold'em No Limit ($0.10/$0.25) - 2008/09/01 - 21:50:32 (ET)
Table 'Sigelinde IV' 9-max Seat #6 is the button
Seat 1: snowpepsi ($24.10 in chips) 
Seat 2: yjqian23 ($24.65 in chips) 
Seat 3: FrancoisGER ($39.90 in chips) 
Seat 4: Alameda22 ($21.75 in chips) 
Seat 5: DeadEndKev ($26.95 in chips) 
Seat 6: mr_patriko ($27.70 in chips) 
Seat 7: TennePenne ($28.15 in chips) 
Seat 8: sayahh ($9.20 in chips) 
Seat 9: TioRicoLPP ($24.65 in chips) 
TennePenne: posts small blind $0.10
sayahh: posts big blind $0.25
*** HOLE CARDS ***
Dealt to Alameda22 [4s 6h]
TioRicoLPP: folds 
snowpepsi: folds 
yjqian23: folds 
FrancoisGER: raises $0.75 to $1
Alameda22: folds 
DeadEndKev: folds 
mr_patriko: folds 
TennePenne: folds 
sayahh: calls $0.75
*** FLOP *** [3s Qh 8s]
sayahh: bets $0.75
FrancoisGER: calls $0.75
*** TURN *** [3s Qh 8s] [Jc]
sayahh: checks 
FrancoisGER: checks 
*** RIVER *** [3s Qh 8s Jc] [Td]
sayahh: bets $1.50
FrancoisGER: raises $4.50 to $6
sayahh: raises $1.45 to $7.45 and is all-in
FrancoisGER: calls $1.45
*** SHOW DOWN ***
sayahh: shows [Kc As] (a straight, Ten to Ace)
FrancoisGER: shows [Ks Ad] (a straight, Ten to Ace)
sayahh collected $8.80 from pot
FrancoisGER collected $8.80 from pot
*** SUMMARY ***
Total pot $18.50 | Rake $0.90 
Board [3s Qh 8s Jc Td]
Seat 1: snowpepsi folded before Flop (didn't bet)
Seat 2: yjqian23 folded before Flop (didn't bet)
Seat 3: FrancoisGER showed [Ks Ad] and won ($8.80) with a straight, Ten to Ace
Seat 4: Alameda22 folded before Flop (didn't bet)
Seat 5: DeadEndKev folded before Flop (didn't bet)
Seat 6: mr_patriko (button) folded before Flop (didn't bet)
Seat 7: TennePenne (small blind) folded before Flop
Seat 8: sayahh (big blind) showed [Kc As] and won ($8.80) with a straight, Ten to Ace
Seat 9: TioRicoLPP folded before Flop (didn't bet)



PokerStars Game #20079911902:  Hold'em No Limit ($0.10/$0.25) - 2008/09/01 - 21:52:54 (ET)
Table 'Sigelinde IV' 9-max Seat #7 is the button
Seat 1: snowpepsi ($24.10 in chips) 
Seat 2: yjqian23 ($24.65 in chips) 
Seat 3: FrancoisGER ($39.50 in chips) 
Seat 4: Alameda22 ($21.75 in chips) 
Seat 5: DeadEndKev ($26.95 in chips) 
Seat 6: mr_patriko ($27.70 in chips) 
Seat 7: TennePenne ($28.05 in chips) 
Seat 8: sayahh ($8.80 in chips) 
Seat 9: TioRicoLPP ($24.65 in chips) 
sayahh: posts small blind $0.10
TioRicoLPP: posts big blind $0.25
*** HOLE CARDS ***
Dealt to Alameda22 [Kh Kd]
snowpepsi: folds 
yjqian23: folds 
FrancoisGER: raises $1 to $1.25
Alameda22: raises $3 to $4.25
DeadEndKev: folds 
mr_patriko: folds 
TennePenne: folds 
sayahh: folds 
TioRicoLPP: folds 
FrancoisGER: folds 
Uncalled bet ($3) returned to Alameda22
Alameda22 collected $2.85 from pot
Alameda22: doesn't show hand 
*** SUMMARY ***
Total pot $2.85 | Rake $0 
Seat 1: snowpepsi folded before Flop (didn't bet)
Seat 2: yjqian23 folded before Flop (didn't bet)
Seat 3: FrancoisGER folded before Flop
Seat 4: Alameda22 collected ($2.85)
Seat 5: DeadEndKev folded before Flop (didn't bet)
Seat 6: mr_patriko folded before Flop (didn't bet)
Seat 7: TennePenne (button) folded before Flop (didn't bet)
Seat 8: sayahh (small blind) folded before Flop
Seat 9: TioRicoLPP (big blind) folded before Flop



PokerStars Game #20079932595:  Hold'em No Limit ($0.10/$0.25) - 2008/09/01 - 21:53:50 (ET)
Table 'Sigelinde IV' 9-max Seat #8 is the button
Seat 1: snowpepsi ($24.10 in chips) 
Seat 2: yjqian23 ($24.65 in chips) 
Seat 3: FrancoisGER ($38.25 in chips) 
Seat 4: Alameda22 ($23.35 in chips) 
Seat 5: DeadEndKev ($26.95 in chips) 
Seat 6: mr_patriko ($27.70 in chips) 
Seat 7: TennePenne ($28.05 in chips) 
Seat 8: sayahh ($8.70 in chips) 
Seat 9: TioRicoLPP ($24.40 in chips) 
TioRicoLPP: posts small blind $0.10
snowpepsi: posts big blind $0.25
*** HOLE CARDS ***
Dealt to Alameda22 [Js Kc]
yjqian23: folds 
FrancoisGER: folds 
Alameda22: folds 
DeadEndKev: folds 
mr_patriko: folds 
TennePenne: folds 
sayahh: raises $0.75 to $1
TioRicoLPP: folds 
snowpepsi: folds 
Uncalled bet ($0.75) returned to sayahh
sayahh collected $0.60 from pot
*** SUMMARY ***
Total pot $0.60 | Rake $0 
Seat 1: snowpepsi (big blind) folded before Flop
Seat 2: yjqian23 folded before Flop (didn't bet)
Seat 3: FrancoisGER folded before Flop (didn't bet)
Seat 4: Alameda22 folded before Flop (didn't bet)
Seat 5: DeadEndKev folded before Flop (didn't bet)
Seat 6: mr_patriko folded before Flop (didn't bet)
Seat 7: TennePenne folded before Flop (didn't bet)
Seat 8: sayahh (button) collected ($0.60)
Seat 9: TioRicoLPP (small blind) folded before Flop



PokerStars Game #20079952822:  Hold'em No Limit ($0.10/$0.25) - 2008/09/01 - 21:54:43 (ET)
Table 'Sigelinde IV' 9-max Seat #9 is the button
Seat 1: snowpepsi ($23.85 in chips) 
Seat 3: FrancoisGER ($38.25 in chips) 
Seat 4: Alameda22 ($23.35 in chips) 
Seat 5: DeadEndKev ($26.95 in chips) 
Seat 6: mr_patriko ($27.70 in chips) 
Seat 7: TennePenne ($28.05 in chips) 
Seat 8: sayahh ($9.05 in chips) 
Seat 9: TioRicoLPP ($24.30 in chips) 
snowpepsi: posts small blind $0.10
yjqian23: is sitting out 
yjqian23 leaves the table
FrancoisGER: posts big blind $0.25
*** HOLE CARDS ***
Dealt to Alameda22 [4h 2s]
Alameda22: folds 
DeadEndKev: folds 
mr_patriko: folds 
TennePenne: raises $0.75 to $1
Kgrind joins the table at seat #2 
sayahh: folds 
TioRicoLPP: folds 
snowpepsi: folds 
FrancoisGER: folds 
Uncalled bet ($0.75) returned to TennePenne
TennePenne collected $0.60 from pot
TennePenne: doesn't show hand 
*** SUMMARY ***
Total pot $0.60 | Rake $0 
Seat 1: snowpepsi (small blind) folded before Flop
Seat 3: FrancoisGER (big blind) folded before Flop
Seat 4: Alameda22 folded before Flop (didn't bet)
Seat 5: DeadEndKev folded before Flop (didn't bet)
Seat 6: mr_patriko folded before Flop (didn't bet)
Seat 7: TennePenne collected ($0.60)
Seat 8: sayahh folded before Flop (didn't bet)
Seat 9: TioRicoLPP (button) folded before Flop (didn't bet)



PokerStars Game #20079977008:  Hold'em No Limit ($0.10/$0.25) - 2008/09/01 - 21:55:48 (ET)
Table 'Sigelinde IV' 9-max Seat #1 is the button
Seat 1: snowpepsi ($23.75 in chips) 
Seat 3: FrancoisGER ($38 in chips) 
Seat 4: Alameda22 ($23.35 in chips) 
Seat 5: DeadEndKev ($26.95 in chips) 
Seat 6: mr_patriko ($27.70 in chips) 
Seat 7: TennePenne ($28.40 in chips) 
Seat 8: sayahh ($9.05 in chips) 
Seat 9: TioRicoLPP ($24.30 in chips) 
Kgrind will be allowed to play after the button
FrancoisGER: posts small blind $0.10
Alameda22: posts big blind $0.25
*** HOLE CARDS ***
Dealt to Alameda22 [6c Kd]
DeadEndKev: folds 
mr_patriko: calls $0.25
TennePenne: folds 
sayahh: calls $0.25
TioRicoLPP: folds 
snowpepsi: calls $0.25
FrancoisGER: raises $1 to $1.25
Alameda22: folds 
mr_patriko: calls $1
sayahh: folds 
snowpepsi: calls $1
*** FLOP *** [8c 5h 3d]
FrancoisGER: bets $2
mr_patriko: folds 
snowpepsi: raises $3 to $5
FrancoisGER: calls $3
*** TURN *** [8c 5h 3d] [Qs]
FrancoisGER: checks 
snowpepsi: bets $5
FrancoisGER: raises $5 to $10
snowpepsi: raises $7.50 to $17.50 and is all-in
FrancoisGER: calls $7.50
*** RIVER *** [8c 5h 3d Qs] [7d]
*** SHOW DOWN ***
FrancoisGER: shows [Ah Ad] (a pair of Aces)
snowpepsi: shows [5d 5c] (three of a kind, Fives)
snowpepsi collected $46.85 from pot
*** SUMMARY ***
Total pot $49.25 | Rake $2.40 
Board [8c 5h 3d Qs 7d]
Seat 1: snowpepsi (button) showed [5d 5c] and won ($46.85) with three of a kind, Fives
Seat 3: FrancoisGER (small blind) showed [Ah Ad] and lost with a pair of Aces
Seat 4: Alameda22 (big blind) folded before Flop
Seat 5: DeadEndKev folded before Flop (didn't bet)
Seat 6: mr_patriko folded on the Flop
Seat 7: TennePenne folded before Flop (didn't bet)
Seat 8: sayahh folded before Flop
Seat 9: TioRicoLPP folded before Flop (didn't bet)



PokerStars Game #20080034623:  Hold'em No Limit ($0.10/$0.25) - 2008/09/01 - 21:58:24 (ET)
Table 'Sigelinde IV' 9-max Seat #3 is the button
Seat 1: snowpepsi ($46.85 in chips) 
Seat 2: Kgrind ($15 in chips) 
Seat 3: FrancoisGER ($14.25 in chips) 
Seat 4: Alameda22 ($23.10 in chips) 
Seat 5: DeadEndKev ($26.95 in chips) 
Seat 6: mr_patriko ($26.45 in chips) 
Seat 7: TennePenne ($28.40 in chips) 
Seat 8: sayahh ($8.80 in chips) 
Seat 9: TioRicoLPP ($24.30 in chips) 
Alameda22: posts small blind $0.10
DeadEndKev: posts big blind $0.25
Kgrind: posts big blind $0.25
*** HOLE CARDS ***
Dealt to Alameda22 [6s 8d]
mr_patriko: folds 
Kgrind said, "ouch"
TennePenne: folds 
sayahh: folds 
TioRicoLPP: folds 
snowpepsi: folds 
Kgrind: checks 
FrancoisGER: folds 
Alameda22: folds 
DeadEndKev: raises $1.25 to $1.50
Kgrind: folds 
Uncalled bet ($1.25) returned to DeadEndKev
DeadEndKev collected $0.60 from pot
DeadEndKev: doesn't show hand 
*** SUMMARY ***
Total pot $0.60 | Rake $0 
Seat 1: snowpepsi folded before Flop (didn't bet)
Seat 2: Kgrind folded before Flop
Seat 3: FrancoisGER (button) folded before Flop (didn't bet)
Seat 4: Alameda22 (small blind) folded before Flop
Seat 5: DeadEndKev (big blind) collected ($0.60)
Seat 6: mr_patriko folded before Flop (didn't bet)
Seat 7: TennePenne folded before Flop (didn't bet)
Seat 8: sayahh folded before Flop (didn't bet)
Seat 9: TioRicoLPP folded before Flop (didn't bet)



PokerStars Game #20080056594:  Hold'em No Limit ($0.10/$0.25) - 2008/09/01 - 21:59:24 (ET)
Table 'Sigelinde IV' 9-max Seat #4 is the button
Seat 1: snowpepsi ($46.85 in chips) 
Seat 2: Kgrind ($14.75 in chips) 
Seat 3: FrancoisGER ($14.25 in chips) 
Seat 4: Alameda22 ($23 in chips) 
Seat 5: DeadEndKev ($27.30 in chips) 
Seat 6: mr_patriko ($26.45 in chips) 
Seat 7: TennePenne ($28.40 in chips) 
Seat 8: sayahh ($8.80 in chips) 
Seat 9: TioRicoLPP ($24.30 in chips) 
DeadEndKev: posts small blind $0.10
mr_patriko: posts big blind $0.25
*** HOLE CARDS ***
Dealt to Alameda22 [5h Qd]
TennePenne: folds 
sayahh: folds 
TioRicoLPP: folds 
snowpepsi: raises $0.75 to $1
Kgrind: folds 
FrancoisGER: folds 
Alameda22: folds 
DeadEndKev: folds 
mr_patriko: folds 
Uncalled bet ($0.75) returned to snowpepsi
snowpepsi collected $0.60 from pot
snowpepsi: doesn't show hand 
*** SUMMARY ***
Total pot $0.60 | Rake $0 
Seat 1: snowpepsi collected ($0.60)
Seat 2: Kgrind folded before Flop (didn't bet)
Seat 3: FrancoisGER folded before Flop (didn't bet)
Seat 4: Alameda22 (button) folded before Flop (didn't bet)
Seat 5: DeadEndKev (small blind) folded before Flop
Seat 6: mr_patriko (big blind) folded before Flop
Seat 7: TennePenne folded before Flop (didn't bet)
Seat 8: sayahh folded before Flop (didn't bet)
Seat 9: TioRicoLPP folded before Flop (didn't bet)



PokerStars Game #20080079852:  Hold'em No Limit ($0.10/$0.25) - 2008/09/01 - 22:00:24 (ET)
Table 'Sigelinde IV' 9-max Seat #5 is the button
Seat 1: snowpepsi ($47.20 in chips) 
Seat 2: Kgrind ($14.75 in chips) 
Seat 3: FrancoisGER ($14.25 in chips) 
Seat 4: Alameda22 ($23 in chips) 
Seat 5: DeadEndKev ($27.20 in chips) 
Seat 6: mr_patriko ($26.20 in chips) 
Seat 7: TennePenne ($28.40 in chips) 
Seat 8: sayahh ($8.80 in chips) 
Seat 9: TioRicoLPP ($24.30 in chips) 
mr_patriko: posts small blind $0.10
TennePenne: posts big blind $0.25
*** HOLE CARDS ***
Dealt to Alameda22 [As 6s]
sayahh: folds 
TioRicoLPP: folds 
snowpepsi: folds 
Kgrind: folds 
FrancoisGER: folds 
Alameda22: folds 
DeadEndKev: folds 
mr_patriko: folds 
Uncalled bet ($0.15) returned to TennePenne
TennePenne collected $0.20 from pot
TennePenne: doesn't show hand 
*** SUMMARY ***
Total pot $0.20 | Rake $0 
Seat 1: snowpepsi folded before Flop (didn't bet)
Seat 2: Kgrind folded before Flop (didn't bet)
Seat 3: FrancoisGER folded before Flop (didn't bet)
Seat 4: Alameda22 folded before Flop (didn't bet)
Seat 5: DeadEndKev (button) folded before Flop (didn't bet)
Seat 6: mr_patriko (small blind) folded before Flop
Seat 7: TennePenne (big blind) collected ($0.20)
Seat 8: sayahh folded before Flop (didn't bet)
Seat 9: TioRicoLPP folded before Flop (didn't bet)



PokerStars Game #20080097171:  Hold'em No Limit ($0.10/$0.25) - 2008/09/01 - 22:01:11 (ET)
Table 'Sigelinde IV' 9-max Seat #6 is the button
Seat 1: snowpepsi ($47.20 in chips) 
Seat 2: Kgrind ($14.75 in chips) 
Seat 3: FrancoisGER ($14.25 in chips) 
Seat 4: Alameda22 ($23 in chips) 
Seat 5: DeadEndKev ($27.20 in chips) 
Seat 6: mr_patriko ($26.10 in chips) 
Seat 7: TennePenne ($28.50 in chips) 
Seat 8: sayahh ($8.80 in chips) 
Seat 9: TioRicoLPP ($24.30 in chips) 
TennePenne: posts small blind $0.10
sayahh: posts big blind $0.25
*** HOLE CARDS ***
Dealt to Alameda22 [Kc 2s]
TioRicoLPP: folds 
snowpepsi: folds 
Kgrind: folds 
FrancoisGER: folds 
Alameda22: folds 
DeadEndKev: raises $0.75 to $1
mr_patriko: folds 
TennePenne: folds 
sayahh: folds 
Uncalled bet ($0.75) returned to DeadEndKev
DeadEndKev collected $0.60 from pot
DeadEndKev: doesn't show hand 
*** SUMMARY ***
Total pot $0.60 | Rake $0 
Seat 1: snowpepsi folded before Flop (didn't bet)
Seat 2: Kgrind folded before Flop (didn't bet)
Seat 3: FrancoisGER folded before Flop (didn't bet)
Seat 4: Alameda22 folded before Flop (didn't bet)
Seat 5: DeadEndKev collected ($0.60)
Seat 6: mr_patriko (button) folded before Flop (didn't bet)
Seat 7: TennePenne (small blind) folded before Flop
Seat 8: sayahh (big blind) folded before Flop
Seat 9: TioRicoLPP folded before Flop (didn't bet)



PokerStars Game #20080116617:  Hold'em No Limit ($0.10/$0.25) - 2008/09/01 - 22:02:02 (ET)
Table 'Sigelinde IV' 9-max Seat #7 is the button
Seat 1: snowpepsi ($47.20 in chips) 
Seat 2: Kgrind ($14.75 in chips) 
Seat 3: FrancoisGER ($14.25 in chips) 
Seat 4: Alameda22 ($23 in chips) 
Seat 5: DeadEndKev ($27.55 in chips) 
Seat 6: mr_patriko ($26.10 in chips) 
Seat 7: TennePenne ($28.40 in chips) 
Seat 8: sayahh ($8.55 in chips) 
Seat 9: TioRicoLPP ($24.30 in chips) 
sayahh: posts small blind $0.10
TioRicoLPP: posts big blind $0.25
*** HOLE CARDS ***
Dealt to Alameda22 [2c 8h]
snowpepsi: folds 
Kgrind: folds 
FrancoisGER: folds 
Alameda22: folds 
DeadEndKev: folds 
mr_patriko: folds 
TennePenne: folds 
sayahh: calls $0.15
TioRicoLPP: checks 
*** FLOP *** [8c 7d 6s]
sayahh: checks 
TioRicoLPP: bets $0.50
sayahh: folds 
Uncalled bet ($0.50) returned to TioRicoLPP
TioRicoLPP collected $0.50 from pot
TioRicoLPP: doesn't show hand 
*** SUMMARY ***
Total pot $0.50 | Rake $0 
Board [8c 7d 6s]
Seat 1: snowpepsi folded before Flop (didn't bet)
Seat 2: Kgrind folded before Flop (didn't bet)
Seat 3: FrancoisGER folded before Flop (didn't bet)
Seat 4: Alameda22 folded before Flop (didn't bet)
Seat 5: DeadEndKev folded before Flop (didn't bet)
Seat 6: mr_patriko folded before Flop (didn't bet)
Seat 7: TennePenne (button) folded before Flop (didn't bet)
Seat 8: sayahh (small blind) folded on the Flop
Seat 9: TioRicoLPP (big blind) collected ($0.50)



PokerStars Game #20080141981:  Hold'em No Limit ($0.10/$0.25) - 2008/09/01 - 22:03:10 (ET)
Table 'Sigelinde IV' 9-max Seat #8 is the button
Seat 1: snowpepsi ($47.20 in chips) 
Seat 2: Kgrind ($14.75 in chips) 
Seat 3: FrancoisGER ($14.25 in chips) 
Seat 4: Alameda22 ($23 in chips) 
Seat 5: DeadEndKev ($27.55 in chips) 
Seat 6: mr_patriko ($26.10 in chips) 
Seat 7: TennePenne ($28.40 in chips) 
Seat 8: sayahh ($8.30 in chips) 
Seat 9: TioRicoLPP ($24.55 in chips) 
TioRicoLPP: posts small blind $0.10
snowpepsi: posts big blind $0.25
*** HOLE CARDS ***
Dealt to Alameda22 [Th 3s]
Kgrind: folds 
FrancoisGER: folds 
Alameda22: folds 
DeadEndKev: folds 
mr_patriko: folds 
TennePenne: folds 
sayahh: folds 
TioRicoLPP: calls $0.15
snowpepsi: checks 
*** FLOP *** [9c Ac 9d]
TioRicoLPP: bets $1.50
snowpepsi: folds 
Uncalled bet ($1.50) returned to TioRicoLPP
TioRicoLPP collected $0.50 from pot
TioRicoLPP: doesn't show hand 
*** SUMMARY ***
Total pot $0.50 | Rake $0 
Board [9c Ac 9d]
Seat 1: snowpepsi (big blind) folded on the Flop
Seat 2: Kgrind folded before Flop (didn't bet)
Seat 3: FrancoisGER folded before Flop (didn't bet)
Seat 4: Alameda22 folded before Flop (didn't bet)
Seat 5: DeadEndKev folded before Flop (didn't bet)
Seat 6: mr_patriko folded before Flop (didn't bet)
Seat 7: TennePenne folded before Flop (didn't bet)
Seat 8: sayahh (button) folded before Flop (didn't bet)
Seat 9: TioRicoLPP (small blind) collected ($0.50)



PokerStars Game #20080177057:  Hold'em No Limit ($0.10/$0.25) - 2008/09/01 - 22:04:44 (ET)
Table 'Sigelinde IV' 9-max Seat #9 is the button
Seat 1: snowpepsi ($46.95 in chips) 
Seat 2: Kgrind ($14.75 in chips) 
Seat 3: FrancoisGER ($14.25 in chips) 
Seat 4: Alameda22 ($23 in chips) 
Seat 5: DeadEndKev ($27.55 in chips) 
Seat 6: mr_patriko ($26.10 in chips) 
Seat 7: TennePenne ($28.40 in chips) 
Seat 8: sayahh ($8.30 in chips) 
Seat 9: TioRicoLPP ($24.80 in chips) 
snowpepsi: posts small blind $0.10
Kgrind: posts big blind $0.25
*** HOLE CARDS ***
Dealt to Alameda22 [Qs 9c]
FrancoisGER: raises $0.75 to $1
Alameda22: folds 
DeadEndKev: folds 
mr_patriko: folds 
TennePenne: folds 
sayahh: folds 
TioRicoLPP: folds 
snowpepsi: folds 
Kgrind: folds 
Uncalled bet ($0.75) returned to FrancoisGER
FrancoisGER collected $0.60 from pot
FrancoisGER: doesn't show hand 
*** SUMMARY ***
Total pot $0.60 | Rake $0 
Seat 1: snowpepsi (small blind) folded before Flop
Seat 2: Kgrind (big blind) folded before Flop
Seat 3: FrancoisGER collected ($0.60)
Seat 4: Alameda22 folded before Flop (didn't bet)
Seat 5: DeadEndKev folded before Flop (didn't bet)
Seat 6: mr_patriko folded before Flop (didn't bet)
Seat 7: TennePenne folded before Flop (didn't bet)
Seat 8: sayahh folded before Flop (didn't bet)
Seat 9: TioRicoLPP (button) folded before Flop (didn't bet)



PokerStars Game #20080194305:  Hold'em No Limit ($0.10/$0.25) - 2008/09/01 - 22:05:30 (ET)
Table 'Sigelinde IV' 9-max Seat #1 is the button
Seat 1: snowpepsi ($46.85 in chips) 
Seat 2: Kgrind ($14.50 in chips) 
Seat 3: FrancoisGER ($14.60 in chips) 
Seat 4: Alameda22 ($23 in chips) 
Seat 5: DeadEndKev ($27.55 in chips) 
Seat 6: mr_patriko ($26.10 in chips) 
Seat 7: TennePenne ($28.40 in chips) 
Seat 8: sayahh ($8.30 in chips) 
Seat 9: TioRicoLPP ($24.80 in chips) 
Kgrind: posts small blind $0.10
FrancoisGER: posts big blind $0.25
*** HOLE CARDS ***
Dealt to Alameda22 [Qd Ad]
Alameda22: folds 
DeadEndKev: folds 
mr_patriko: folds 
TennePenne: folds 
sayahh: folds 
TioRicoLPP: folds 
snowpepsi: folds 
Kgrind: calls $0.15
FrancoisGER: raises $0.75 to $1
Kgrind: calls $0.75
*** FLOP *** [4c 5s 9c]
Kgrind: bets $13.50 and is all-in
FrancoisGER: folds 
Uncalled bet ($13.50) returned to Kgrind
Kgrind collected $1.90 from pot
*** SUMMARY ***
Total pot $2 | Rake $0.10 
Board [4c 5s 9c]
Seat 1: snowpepsi (button) folded before Flop (didn't bet)
Seat 2: Kgrind (small blind) collected ($1.90)
Seat 3: FrancoisGER (big blind) folded on the Flop
Seat 4: Alameda22 folded before Flop (didn't bet)
Seat 5: DeadEndKev folded before Flop (didn't bet)
Seat 6: mr_patriko folded before Flop (didn't bet)
Seat 7: TennePenne folded before Flop (didn't bet)
Seat 8: sayahh folded before Flop (didn't bet)
Seat 9: TioRicoLPP folded before Flop (didn't bet)



PokerStars Game #20080231659:  Hold'em No Limit ($0.10/$0.25) - 2008/09/01 - 22:07:11 (ET)
Table 'Sigelinde IV' 9-max Seat #2 is the button
Seat 1: snowpepsi ($46.85 in chips) 
Seat 2: Kgrind ($15.40 in chips) 
Seat 3: FrancoisGER ($13.60 in chips) 
Seat 4: Alameda22 ($23 in chips) 
Seat 5: DeadEndKev ($27.55 in chips) 
Seat 6: mr_patriko ($26.10 in chips) 
Seat 7: TennePenne ($28.40 in chips) 
Seat 8: sayahh ($8.30 in chips) 
Seat 9: TioRicoLPP ($24.80 in chips) 
FrancoisGER: posts small blind $0.10
Alameda22: posts big blind $0.25
*** HOLE CARDS ***
Dealt to Alameda22 [6d 6h]
DeadEndKev: calls $0.25
mr_patriko: folds 
TennePenne: folds 
sayahh is disconnected 
sayahh is connected 
sayahh: folds 
TioRicoLPP: folds 
snowpepsi: folds 
Kgrind: calls $0.25
FrancoisGER: calls $0.15
Alameda22: checks 
*** FLOP *** [8c 5s 4h]
FrancoisGER: checks 
Alameda22: checks 
DeadEndKev: bets $1
Kgrind: folds 
FrancoisGER: calls $1
Alameda22: folds 
*** TURN *** [8c 5s 4h] [Ad]
FrancoisGER: checks 
DeadEndKev: bets $3
FrancoisGER: folds 
Uncalled bet ($3) returned to DeadEndKev
DeadEndKev collected $2.90 from pot
DeadEndKev: doesn't show hand 
*** SUMMARY ***
Total pot $3 | Rake $0.10 
Board [8c 5s 4h Ad]
Seat 1: snowpepsi folded before Flop (didn't bet)
Seat 2: Kgrind (button) folded on the Flop
Seat 3: FrancoisGER (small blind) folded on the Turn
Seat 4: Alameda22 (big blind) folded on the Flop
Seat 5: DeadEndKev collected ($2.90)
Seat 6: mr_patriko folded before Flop (didn't bet)
Seat 7: TennePenne folded before Flop (didn't bet)
Seat 8: sayahh folded before Flop (didn't bet)
Seat 9: TioRicoLPP folded before Flop (didn't bet)



PokerStars Game #20080281556:  Hold'em No Limit ($0.10/$0.25) - 2008/09/01 - 22:09:24 (ET)
Table 'Sigelinde IV' 9-max Seat #3 is the button
Seat 1: snowpepsi ($46.85 in chips) 
Seat 2: Kgrind ($15.15 in chips) 
Seat 3: FrancoisGER ($12.35 in chips) 
Seat 4: Alameda22 ($22.75 in chips) 
Seat 5: DeadEndKev ($29.20 in chips) 
Seat 6: mr_patriko ($26.10 in chips) 
Seat 7: TennePenne ($28.40 in chips) 
Seat 8: sayahh ($8.30 in chips) 
Seat 9: TioRicoLPP ($24.80 in chips) 
Alameda22: posts small blind $0.10
DeadEndKev: posts big blind $0.25
*** HOLE CARDS ***
Dealt to Alameda22 [8h 9c]
mr_patriko: folds 
TennePenne: folds 
sayahh: calls $0.25
TioRicoLPP: folds 
snowpepsi: folds 
Kgrind: folds 
FrancoisGER: folds 
FrancoisGER is sitting out
Alameda22: folds 
DeadEndKev: checks 
*** FLOP *** [6h Qd 9d]
DeadEndKev: checks 
sayahh: bets $0.25
DeadEndKev: folds 
Uncalled bet ($0.25) returned to sayahh
sayahh collected $0.60 from pot
*** SUMMARY ***
Total pot $0.60 | Rake $0 
Board [6h Qd 9d]
Seat 1: snowpepsi folded before Flop (didn't bet)
Seat 2: Kgrind folded before Flop (didn't bet)
Seat 3: FrancoisGER (button) folded before Flop (didn't bet)
Seat 4: Alameda22 (small blind) folded before Flop
Seat 5: DeadEndKev (big blind) folded on the Flop
Seat 6: mr_patriko folded before Flop (didn't bet)
Seat 7: TennePenne folded before Flop (didn't bet)
Seat 8: sayahh collected ($0.60)
Seat 9: TioRicoLPP folded before Flop (didn't bet)



PokerStars Game #20080307220:  Hold'em No Limit ($0.10/$0.25) - 2008/09/01 - 22:10:32 (ET)
Table 'Sigelinde IV' 9-max Seat #4 is the button
Seat 1: snowpepsi ($46.85 in chips) 
Seat 2: Kgrind ($15.15 in chips) 
Seat 4: Alameda22 ($22.65 in chips) 
Seat 5: DeadEndKev ($28.95 in chips) 
Seat 6: mr_patriko ($26.10 in chips) 
Seat 7: TennePenne ($28.40 in chips) 
Seat 8: sayahh ($8.65 in chips) 
Seat 9: TioRicoLPP ($24.80 in chips) 
DeadEndKev: posts small blind $0.10
mr_patriko: posts big blind $0.25
*** HOLE CARDS ***
Dealt to Alameda22 [Js 6h]
TennePenne: folds 
sayahh: folds 
TioRicoLPP: folds 
snowpepsi: folds 
Kgrind: folds 
Alameda22: folds 
DeadEndKev: raises $0.75 to $1
mr_patriko: folds 
Uncalled bet ($0.75) returned to DeadEndKev
DeadEndKev collected $0.50 from pot
DeadEndKev: doesn't show hand 
*** SUMMARY ***
Total pot $0.50 | Rake $0 
Seat 1: snowpepsi folded before Flop (didn't bet)
Seat 2: Kgrind folded before Flop (didn't bet)
Seat 4: Alameda22 (button) folded before Flop (didn't bet)
Seat 5: DeadEndKev (small blind) collected ($0.50)
Seat 6: mr_patriko (big blind) folded before Flop
Seat 7: TennePenne folded before Flop (didn't bet)
Seat 8: sayahh folded before Flop (didn't bet)
Seat 9: TioRicoLPP folded before Flop (didn't bet)



PokerStars Game #20080322688:  Hold'em No Limit ($0.10/$0.25) - 2008/09/01 - 22:11:14 (ET)
Table 'Sigelinde IV' 9-max Seat #5 is the button
Seat 1: snowpepsi ($46.85 in chips) 
Seat 2: Kgrind ($15.15 in chips) 
Seat 4: Alameda22 ($22.65 in chips) 
Seat 5: DeadEndKev ($29.20 in chips) 
Seat 6: mr_patriko ($25.85 in chips) 
Seat 7: TennePenne ($28.40 in chips) 
Seat 8: sayahh ($8.65 in chips) 
Seat 9: TioRicoLPP ($24.80 in chips) 
mr_patriko: posts small blind $0.10
TennePenne: posts big blind $0.25
*** HOLE CARDS ***
Dealt to Alameda22 [8h 7s]
sayahh: folds 
FrancoisGER leaves the table
TioRicoLPP: folds 
snowpepsi: folds 
Kgrind: folds 
Alameda22: folds 
DeadEndKev: folds 
doom069 joins the table at seat #3 
mr_patriko: folds 
Uncalled bet ($0.15) returned to TennePenne
TennePenne collected $0.20 from pot
TennePenne: doesn't show hand 
*** SUMMARY ***
Total pot $0.20 | Rake $0 
Seat 1: snowpepsi folded before Flop (didn't bet)
Seat 2: Kgrind folded before Flop (didn't bet)
Seat 4: Alameda22 folded before Flop (didn't bet)
Seat 5: DeadEndKev (button) folded before Flop (didn't bet)
Seat 6: mr_patriko (small blind) folded before Flop
Seat 7: TennePenne (big blind) collected ($0.20)
Seat 8: sayahh folded before Flop (didn't bet)
Seat 9: TioRicoLPP folded before Flop (didn't bet)



PokerStars Game #20080336665:  Hold'em No Limit ($0.10/$0.25) - 2008/09/01 - 22:11:51 (ET)
Table 'Sigelinde IV' 9-max Seat #6 is the button
Seat 1: snowpepsi ($46.85 in chips) 
Seat 2: Kgrind ($15.15 in chips) 
Seat 4: Alameda22 ($22.65 in chips) 
Seat 5: DeadEndKev ($29.20 in chips) 
Seat 6: mr_patriko ($25.75 in chips) 
Seat 7: TennePenne ($28.50 in chips) 
Seat 8: sayahh ($8.65 in chips) 
Seat 9: TioRicoLPP ($24.80 in chips) 
TennePenne: posts small blind $0.10
sayahh: posts big blind $0.25
doom069: sits out 
*** HOLE CARDS ***
Dealt to Alameda22 [6s Jc]
TioRicoLPP: folds 
snowpepsi: folds 
Kgrind: calls $0.25
Alameda22: folds 
DeadEndKev: folds 
mr_patriko: folds 
TennePenne: folds 
sayahh: checks 
*** FLOP *** [8c Th Qs]
sayahh: checks 
Kgrind: checks 
*** TURN *** [8c Th Qs] [2d]
sayahh: checks 
Kgrind: checks 
*** RIVER *** [8c Th Qs 2d] [6d]
sayahh: checks 
Kgrind: checks 
*** SHOW DOWN ***
sayahh: shows [7c Kc] (high card King)
Kgrind: shows [3h 3s] (a pair of Threes)
Kgrind collected $0.60 from pot
*** SUMMARY ***
Total pot $0.60 | Rake $0 
Board [8c Th Qs 2d 6d]
Seat 1: snowpepsi folded before Flop (didn't bet)
Seat 2: Kgrind showed [3h 3s] and won ($0.60) with a pair of Threes
Seat 4: Alameda22 folded before Flop (didn't bet)
Seat 5: DeadEndKev folded before Flop (didn't bet)
Seat 6: mr_patriko (button) folded before Flop (didn't bet)
Seat 7: TennePenne (small blind) folded before Flop
Seat 8: sayahh (big blind) showed [7c Kc] and lost with high card King
Seat 9: TioRicoLPP folded before Flop (didn't bet)



PokerStars Game #20080367152:  Hold'em No Limit ($0.10/$0.25) - 2008/09/01 - 22:13:14 (ET)
Table 'Sigelinde IV' 9-max Seat #7 is the button
Seat 1: snowpepsi ($46.85 in chips) 
Seat 2: Kgrind ($15.50 in chips) 
Seat 4: Alameda22 ($22.65 in chips) 
Seat 5: DeadEndKev ($29.20 in chips) 
Seat 6: mr_patriko ($25.75 in chips) 
Seat 7: TennePenne ($28.40 in chips) 
Seat 8: sayahh ($8.40 in chips) 
Seat 9: TioRicoLPP ($24.80 in chips) 
sayahh: posts small blind $0.10
TioRicoLPP: posts big blind $0.25
doom069: sits out 
*** HOLE CARDS ***
Dealt to Alameda22 [Ts Ks]
snowpepsi: folds 
Kgrind: folds 
Alameda22: folds 
DeadEndKev: raises $0.75 to $1
mr_patriko: calls $1
TennePenne: folds 
sayahh: folds 
TioRicoLPP: folds 
*** FLOP *** [9s 6h 6d]
DeadEndKev: checks 
mr_patriko: bets $1.25
DeadEndKev: folds 
Uncalled bet ($1.25) returned to mr_patriko
mr_patriko collected $2.25 from pot
mr_patriko: doesn't show hand 
*** SUMMARY ***
Total pot $2.35 | Rake $0.10 
Board [9s 6h 6d]
Seat 1: snowpepsi folded before Flop (didn't bet)
Seat 2: Kgrind folded before Flop (didn't bet)
Seat 4: Alameda22 folded before Flop (didn't bet)
Seat 5: DeadEndKev folded on the Flop
Seat 6: mr_patriko collected ($2.25)
Seat 7: TennePenne (button) folded before Flop (didn't bet)
Seat 8: sayahh (small blind) folded before Flop
Seat 9: TioRicoLPP (big blind) folded before Flop



PokerStars Game #20080402423:  Hold'em No Limit ($0.10/$0.25) - 2008/09/01 - 22:14:49 (ET)
Table 'Sigelinde IV' 9-max Seat #8 is the button
Seat 1: snowpepsi ($46.85 in chips) 
Seat 2: Kgrind ($15.50 in chips) 
Seat 4: Alameda22 ($22.65 in chips) 
Seat 5: DeadEndKev ($28.20 in chips) 
Seat 6: mr_patriko ($27 in chips) 
Seat 7: TennePenne ($28.40 in chips) 
Seat 8: sayahh ($8.30 in chips) 
Seat 9: TioRicoLPP ($24.55 in chips) 
TioRicoLPP: posts small blind $0.10
snowpepsi: posts big blind $0.25
doom069: sits out 
*** HOLE CARDS ***
Dealt to Alameda22 [5c 7d]
Kgrind: folds 
Alameda22: folds 
DeadEndKev: folds 
mr_patriko: folds 
TennePenne: folds 
sayahh: raises $0.75 to $1
TioRicoLPP: folds 
snowpepsi: folds 
Uncalled bet ($0.75) returned to sayahh
sayahh collected $0.60 from pot
*** SUMMARY ***
Total pot $0.60 | Rake $0 
Seat 1: snowpepsi (big blind) folded before Flop
Seat 2: Kgrind folded before Flop (didn't bet)
Seat 4: Alameda22 folded before Flop (didn't bet)
Seat 5: DeadEndKev folded before Flop (didn't bet)
Seat 6: mr_patriko folded before Flop (didn't bet)
Seat 7: TennePenne folded before Flop (didn't bet)
Seat 8: sayahh (button) collected ($0.60)
Seat 9: TioRicoLPP (small blind) folded before Flop



PokerStars Game #20080420951:  Hold'em No Limit ($0.10/$0.25) - 2008/09/01 - 22:15:37 (ET)
Table 'Sigelinde IV' 9-max Seat #9 is the button
Seat 1: snowpepsi ($46.60 in chips) 
Seat 2: Kgrind ($15.50 in chips) 
Seat 4: Alameda22 ($22.65 in chips) 
Seat 5: DeadEndKev ($28.20 in chips) 
Seat 6: mr_patriko ($27 in chips) 
Seat 7: TennePenne ($28.40 in chips) 
Seat 8: sayahh ($8.65 in chips) 
Seat 9: TioRicoLPP ($24.45 in chips) 
snowpepsi: posts small blind $0.10
Kgrind: posts big blind $0.25
doom069: sits out 
*** HOLE CARDS ***
Dealt to Alameda22 [9c 2c]
Alameda22: folds 
DeadEndKev: raises $0.75 to $1
mr_patriko: folds 
TennePenne: folds 
sayahh: folds 
TioRicoLPP: folds 
snowpepsi: folds 
Kgrind: folds 
Uncalled bet ($0.75) returned to DeadEndKev
DeadEndKev collected $0.60 from pot
DeadEndKev: doesn't show hand 
*** SUMMARY ***
Total pot $0.60 | Rake $0 
Seat 1: snowpepsi (small blind) folded before Flop
Seat 2: Kgrind (big blind) folded before Flop
Seat 4: Alameda22 folded before Flop (didn't bet)
Seat 5: DeadEndKev collected ($0.60)
Seat 6: mr_patriko folded before Flop (didn't bet)
Seat 7: TennePenne folded before Flop (didn't bet)
Seat 8: sayahh folded before Flop (didn't bet)
Seat 9: TioRicoLPP (button) folded before Flop (didn't bet)



PokerStars Game #20080441348:  Hold'em No Limit ($0.10/$0.25) - 2008/09/01 - 22:16:33 (ET)
Table 'Sigelinde IV' 9-max Seat #1 is the button
Seat 1: snowpepsi ($46.50 in chips) 
Seat 2: Kgrind ($15.25 in chips) 
Seat 3: doom069 ($25 in chips) 
Seat 4: Alameda22 ($22.65 in chips) 
Seat 5: DeadEndKev ($28.55 in chips) 
Seat 6: mr_patriko ($27 in chips) 
Seat 7: TennePenne ($28.40 in chips) 
Seat 8: sayahh ($8.65 in chips) 
Seat 9: TioRicoLPP ($24.45 in chips) 
Kgrind: posts small blind $0.10
doom069: posts big blind $0.25
*** HOLE CARDS ***
Dealt to Alameda22 [3c 9h]
Alameda22: folds 
DeadEndKev: raises $0.75 to $1
mr_patriko: folds 
TennePenne: folds 
sayahh: folds 
TioRicoLPP: folds 
snowpepsi: folds 
Kgrind: calls $0.90
doom069: folds 
*** FLOP *** [8s 5h 2h]
Kgrind: bets $1
DeadEndKev: folds 
Uncalled bet ($1) returned to Kgrind
Kgrind collected $2.15 from pot
*** SUMMARY ***
Total pot $2.25 | Rake $0.10 
Board [8s 5h 2h]
Seat 1: snowpepsi (button) folded before Flop (didn't bet)
Seat 2: Kgrind (small blind) collected ($2.15)
Seat 3: doom069 (big blind) folded before Flop
Seat 4: Alameda22 folded before Flop (didn't bet)
Seat 5: DeadEndKev folded on the Flop
Seat 6: mr_patriko folded before Flop (didn't bet)
Seat 7: TennePenne folded before Flop (didn't bet)
Seat 8: sayahh folded before Flop (didn't bet)
Seat 9: TioRicoLPP folded before Flop (didn't bet)



PokerStars Game #20080460252:  Hold'em No Limit ($0.10/$0.25) - 2008/09/01 - 22:17:24 (ET)
Table 'Sigelinde IV' 9-max Seat #2 is the button
Seat 1: snowpepsi ($46.50 in chips) 
Seat 2: Kgrind ($16.40 in chips) 
Seat 3: doom069 ($24.75 in chips) 
Seat 4: Alameda22 ($22.65 in chips) 
Seat 5: DeadEndKev ($27.55 in chips) 
Seat 6: mr_patriko ($27 in chips) 
Seat 7: TennePenne ($28.40 in chips) 
Seat 8: sayahh ($8.65 in chips) 
Seat 9: TioRicoLPP ($24.45 in chips) 
doom069: posts small blind $0.10
Alameda22: posts big blind $0.25
*** HOLE CARDS ***
Dealt to Alameda22 [Jc Js]
DeadEndKev: folds 
mr_patriko: folds 
TennePenne: folds 
sayahh: folds 
TioRicoLPP: folds 
snowpepsi: folds 
Kgrind: folds 
doom069: folds 
Uncalled bet ($0.15) returned to Alameda22
Alameda22 collected $0.20 from pot
Alameda22: doesn't show hand 
*** SUMMARY ***
Total pot $0.20 | Rake $0 
Seat 1: snowpepsi folded before Flop (didn't bet)
Seat 2: Kgrind (button) folded before Flop (didn't bet)
Seat 3: doom069 (small blind) folded before Flop
Seat 4: Alameda22 (big blind) collected ($0.20)
Seat 5: DeadEndKev folded before Flop (didn't bet)
Seat 6: mr_patriko folded before Flop (didn't bet)
Seat 7: TennePenne folded before Flop (didn't bet)
Seat 8: sayahh folded before Flop (didn't bet)
Seat 9: TioRicoLPP folded before Flop (didn't bet)



PokerStars Game #20080485524:  Hold'em No Limit ($0.10/$0.25) - 2008/09/01 - 22:18:32 (ET)
Table 'Sigelinde IV' 9-max Seat #3 is the button
Seat 1: snowpepsi ($46.50 in chips) 
Seat 2: Kgrind ($16.40 in chips) 
Seat 3: doom069 ($24.65 in chips) 
Seat 4: Alameda22 ($22.75 in chips) 
Seat 5: DeadEndKev ($27.55 in chips) 
Seat 6: mr_patriko ($27 in chips) 
Seat 7: TennePenne ($28.40 in chips) 
Seat 8: sayahh ($8.65 in chips) 
Seat 9: TioRicoLPP ($24.45 in chips) 
Alameda22: posts small blind $0.10
DeadEndKev: posts big blind $0.25
*** HOLE CARDS ***
Dealt to Alameda22 [Ks 5s]
mr_patriko: folds 
TennePenne: folds 
sayahh: folds 
TioRicoLPP: folds 
snowpepsi: folds 
Kgrind: folds 
doom069: raises $0.75 to $1
Alameda22: folds 
DeadEndKev is disconnected 
DeadEndKev has timed out while disconnected
DeadEndKev: folds 
Uncalled bet ($0.75) returned to doom069
DeadEndKev is sitting out
doom069 collected $0.60 from pot
doom069: doesn't show hand 
*** SUMMARY ***
Total pot $0.60 | Rake $0 
Seat 1: snowpepsi folded before Flop (didn't bet)
Seat 2: Kgrind folded before Flop (didn't bet)
Seat 3: doom069 (button) collected ($0.60)
Seat 4: Alameda22 (small blind) folded before Flop
Seat 5: DeadEndKev (big blind) folded before Flop
Seat 6: mr_patriko folded before Flop (didn't bet)
Seat 7: TennePenne folded before Flop (didn't bet)
Seat 8: sayahh folded before Flop (didn't bet)
Seat 9: TioRicoLPP folded before Flop (didn't bet)



PokerStars Game #20080530241:  Hold'em No Limit ($0.10/$0.25) - 2008/09/01 - 22:20:33 (ET)
Table 'Sigelinde IV' 9-max Seat #4 is the button
Seat 1: snowpepsi ($46.50 in chips) 
Seat 2: Kgrind ($16.40 in chips) 
Seat 3: doom069 ($25 in chips) 
Seat 4: Alameda22 ($22.65 in chips) 
Seat 6: mr_patriko ($27 in chips) 
Seat 7: TennePenne ($28.40 in chips) 
Seat 8: sayahh ($8.65 in chips) 
Seat 9: TioRicoLPP ($24.45 in chips) 
mr_patriko: posts small blind $0.10
TennePenne: posts big blind $0.25
*** HOLE CARDS ***
Dealt to Alameda22 [2c 8s]
sayahh: folds 
TioRicoLPP: folds 
snowpepsi: folds 
Kgrind: calls $0.25
doom069: folds 
Alameda22: folds 
mr_patriko: calls $0.15
TennePenne: checks 
*** FLOP *** [8d 5h 6d]
mr_patriko: checks 
TennePenne: checks 
Kgrind: bets $0.75
mr_patriko: folds 
TennePenne: folds 
Uncalled bet ($0.75) returned to Kgrind
Kgrind collected $0.75 from pot
*** SUMMARY ***
Total pot $0.75 | Rake $0 
Board [8d 5h 6d]
Seat 1: snowpepsi folded before Flop (didn't bet)
Seat 2: Kgrind collected ($0.75)
Seat 3: doom069 folded before Flop (didn't bet)
Seat 4: Alameda22 (button) folded before Flop (didn't bet)
Seat 6: mr_patriko (small blind) folded on the Flop
Seat 7: TennePenne (big blind) folded on the Flop
Seat 8: sayahh folded before Flop (didn't bet)
Seat 9: TioRicoLPP folded before Flop (didn't bet)



PokerStars Game #20080558751:  Hold'em No Limit ($0.10/$0.25) - 2008/09/01 - 22:21:50 (ET)
Table 'Sigelinde IV' 9-max Seat #6 is the button
Seat 1: snowpepsi ($46.50 in chips) 
Seat 2: Kgrind ($16.90 in chips) 
Seat 3: doom069 ($25 in chips) 
Seat 4: Alameda22 ($22.65 in chips) 
Seat 6: mr_patriko ($26.75 in chips) 
Seat 7: TennePenne ($28.15 in chips) 
Seat 8: sayahh ($8.65 in chips) 
Seat 9: TioRicoLPP ($24.45 in chips) 
TennePenne: posts small blind $0.10
sayahh: posts big blind $0.25
*** HOLE CARDS ***
Dealt to Alameda22 [8d Kh]
TioRicoLPP: folds 
snowpepsi: folds 
Kgrind: folds 
doom069: folds 
Alameda22: folds 
mr_patriko: folds 
TennePenne: raises $0.75 to $1
sayahh: folds 
Uncalled bet ($0.75) returned to TennePenne
TennePenne collected $0.50 from pot
TennePenne: doesn't show hand 
*** SUMMARY ***
Total pot $0.50 | Rake $0 
Seat 1: snowpepsi folded before Flop (didn't bet)
Seat 2: Kgrind folded before Flop (didn't bet)
Seat 3: doom069 folded before Flop (didn't bet)
Seat 4: Alameda22 folded before Flop (didn't bet)
Seat 6: mr_patriko (button) folded before Flop (didn't bet)
Seat 7: TennePenne (small blind) collected ($0.50)
Seat 8: sayahh (big blind) folded before Flop
Seat 9: TioRicoLPP folded before Flop (didn't bet)



PokerStars Game #20080577456:  Hold'em No Limit ($0.10/$0.25) - 2008/09/01 - 22:22:40 (ET)
Table 'Sigelinde IV' 9-max Seat #7 is the button
Seat 1: snowpepsi ($46.50 in chips) 
Seat 2: Kgrind ($16.90 in chips) 
Seat 3: doom069 ($25 in chips) 
Seat 4: Alameda22 ($22.65 in chips) 
Seat 6: mr_patriko ($26.75 in chips) 
Seat 7: TennePenne ($28.40 in chips) 
Seat 8: sayahh ($8.40 in chips) 
Seat 9: TioRicoLPP ($24.45 in chips) 
sayahh: posts small blind $0.10
TioRicoLPP: posts big blind $0.25
*** HOLE CARDS ***
Dealt to Alameda22 [6d 2c]
snowpepsi: folds 
Kgrind: folds 
doom069: folds 
Alameda22: folds 
mr_patriko: raises $0.75 to $1
TennePenne: folds 
TennePenne leaves the table
sayahh: folds 
TioRicoLPP: folds 
Uncalled bet ($0.75) returned to mr_patriko
mr_patriko collected $0.60 from pot
mr_patriko: doesn't show hand 
*** SUMMARY ***
Total pot $0.60 | Rake $0 
Seat 1: snowpepsi folded before Flop (didn't bet)
Seat 2: Kgrind folded before Flop (didn't bet)
Seat 3: doom069 folded before Flop (didn't bet)
Seat 4: Alameda22 folded before Flop (didn't bet)
Seat 6: mr_patriko collected ($0.60)
Seat 7: TennePenne (button) folded before Flop (didn't bet)
Seat 8: sayahh (small blind) folded before Flop
Seat 9: TioRicoLPP (big blind) folded before Flop



PokerStars Game #20080594433:  Hold'em No Limit ($0.10/$0.25) - 2008/09/01 - 22:23:26 (ET)
Table 'Sigelinde IV' 9-max Seat #8 is the button
Seat 1: snowpepsi ($46.50 in chips) 
Seat 2: Kgrind ($16.90 in chips) 
Seat 3: doom069 ($25 in chips) 
Seat 4: Alameda22 ($22.65 in chips) 
Seat 6: mr_patriko ($27.10 in chips) 
Seat 8: sayahh ($8.30 in chips) 
Seat 9: TioRicoLPP ($24.20 in chips) 
TioRicoLPP: posts small blind $0.10
snowpepsi: posts big blind $0.25
*** HOLE CARDS ***
Dealt to Alameda22 [Ks 7s]
Kgrind: calls $0.25
doom069: folds 
Alameda22: folds 
mr_patriko: folds 
sayahh: folds 
TioRicoLPP: folds 
snowpepsi: checks 
*** FLOP *** [9h Qc 7d]
snowpepsi: checks 
Kgrind: bets $0.50
snowpepsi: folds 
Uncalled bet ($0.50) returned to Kgrind
Kgrind collected $0.60 from pot
*** SUMMARY ***
Total pot $0.60 | Rake $0 
Board [9h Qc 7d]
Seat 1: snowpepsi (big blind) folded on the Flop
Seat 2: Kgrind collected ($0.60)
Seat 3: doom069 folded before Flop (didn't bet)
Seat 4: Alameda22 folded before Flop (didn't bet)
Seat 6: mr_patriko folded before Flop (didn't bet)
Seat 8: sayahh (button) folded before Flop (didn't bet)
Seat 9: TioRicoLPP (small blind) folded before Flop



PokerStars Game #20080616561:  Hold'em No Limit ($0.10/$0.25) - 2008/09/01 - 22:24:25 (ET)
Table 'Sigelinde IV' 9-max Seat #9 is the button
Seat 1: snowpepsi ($46.25 in chips) 
Seat 2: Kgrind ($17.25 in chips) 
Seat 3: doom069 ($25 in chips) 
Seat 4: Alameda22 ($22.65 in chips) 
Seat 6: mr_patriko ($27.10 in chips) 
Seat 8: sayahh ($8.30 in chips) 
Seat 9: TioRicoLPP ($24.10 in chips) 
snowpepsi: posts small blind $0.10
Kgrind: posts big blind $0.25
*** HOLE CARDS ***
Dealt to Alameda22 [3c 9h]
doom069: folds 
Alameda22: folds 
mr_patriko: folds 
sayahh: folds 
TioRicoLPP: folds 
snowpepsi: calls $0.15
Kgrind: checks 
*** FLOP *** [4c Kh Js]
snowpepsi: checks 
Kgrind: checks 
*** TURN *** [4c Kh Js] [8d]
snowpepsi: checks 
Kgrind: bets $0.25
snowpepsi: folds 
Uncalled bet ($0.25) returned to Kgrind
Kgrind collected $0.50 from pot
*** SUMMARY ***
Total pot $0.50 | Rake $0 
Board [4c Kh Js 8d]
Seat 1: snowpepsi (small blind) folded on the Turn
Seat 2: Kgrind (big blind) collected ($0.50)
Seat 3: doom069 folded before Flop (didn't bet)
Seat 4: Alameda22 folded before Flop (didn't bet)
Seat 6: mr_patriko folded before Flop (didn't bet)
Seat 8: sayahh folded before Flop (didn't bet)
Seat 9: TioRicoLPP (button) folded before Flop (didn't bet)



PokerStars Game #20080642947:  Hold'em No Limit ($0.10/$0.25) - 2008/09/01 - 22:25:36 (ET)
Table 'Sigelinde IV' 9-max Seat #1 is the button
Seat 1: snowpepsi ($46 in chips) 
Seat 2: Kgrind ($17.50 in chips) 
Seat 3: doom069 ($25 in chips) 
Seat 4: Alameda22 ($22.65 in chips) 
Seat 6: mr_patriko ($27.10 in chips) 
Seat 8: sayahh ($8.30 in chips) 
Seat 9: TioRicoLPP ($24.10 in chips) 
yjqian23 joins the table at seat #7 
Kgrind: posts small blind $0.10
doom069: posts big blind $0.25
*** HOLE CARDS ***
Dealt to Alameda22 [Ah Qh]
Alameda22: folds 
mr_patriko: folds 
sayahh: folds 
TioRicoLPP: raises $0.75 to $1
snowpepsi: folds 
Kgrind: folds 
doom069: folds 
Uncalled bet ($0.75) returned to TioRicoLPP
TioRicoLPP collected $0.60 from pot
TioRicoLPP: doesn't show hand 
*** SUMMARY ***
Total pot $0.60 | Rake $0 
Seat 1: snowpepsi (button) folded before Flop (didn't bet)
Seat 2: Kgrind (small blind) folded before Flop
Seat 3: doom069 (big blind) folded before Flop
Seat 4: Alameda22 folded before Flop (didn't bet)
Seat 6: mr_patriko folded before Flop (didn't bet)
Seat 8: sayahh folded before Flop (didn't bet)
Seat 9: TioRicoLPP collected ($0.60)



PokerStars Game #20080658126:  Hold'em No Limit ($0.10/$0.25) - 2008/09/01 - 22:26:17 (ET)
Table 'Sigelinde IV' 9-max Seat #2 is the button
Seat 1: snowpepsi ($46 in chips) 
Seat 2: Kgrind ($17.40 in chips) 
Seat 3: doom069 ($24.75 in chips) 
Seat 4: Alameda22 ($22.65 in chips) 
Seat 6: mr_patriko ($27.10 in chips) 
Seat 8: sayahh ($8.30 in chips) 
Seat 9: TioRicoLPP ($24.45 in chips) 
doom069: posts small blind $0.10
Alameda22: posts big blind $0.25
yjqian23: sits out 
*** HOLE CARDS ***
Dealt to Alameda22 [Tc 5h]
mr_patriko: folds 
sayahh: folds 
TioRicoLPP: folds 
snowpepsi: folds 
Kgrind: folds 
doom069: folds 
Uncalled bet ($0.15) returned to Alameda22
Alameda22 collected $0.20 from pot
Alameda22: doesn't show hand 
*** SUMMARY ***
Total pot $0.20 | Rake $0 
Seat 1: snowpepsi folded before Flop (didn't bet)
Seat 2: Kgrind (button) folded before Flop (didn't bet)
Seat 3: doom069 (small blind) folded before Flop
Seat 4: Alameda22 (big blind) collected ($0.20)
Seat 6: mr_patriko folded before Flop (didn't bet)
Seat 8: sayahh folded before Flop (didn't bet)
Seat 9: TioRicoLPP folded before Flop (didn't bet)



PokerStars Game #20080671207:  Hold'em No Limit ($0.10/$0.25) - 2008/09/01 - 22:26:52 (ET)
Table 'Sigelinde IV' 9-max Seat #3 is the button
Seat 1: snowpepsi ($46 in chips) 
Seat 2: Kgrind ($17.40 in chips) 
Seat 3: doom069 ($24.65 in chips) 
Seat 4: Alameda22 ($22.75 in chips) 
Seat 6: mr_patriko ($27.10 in chips) 
Seat 8: sayahh ($8.30 in chips) 
Seat 9: TioRicoLPP ($24.45 in chips) 
Alameda22: posts small blind $0.10
mr_patriko: posts big blind $0.25
yjqian23: sits out 
*** HOLE CARDS ***
Dealt to Alameda22 [Ah 7s]
sayahh: calls $0.25
TioRicoLPP: folds 
snowpepsi: folds 
Kgrind: raises $0.50 to $0.75
doom069: calls $0.75
Alameda22: folds 
mr_patriko: folds 
sayahh: folds 
*** FLOP *** [Qc Td 5c]
Kgrind: bets $1.75
doom069: folds 
Uncalled bet ($1.75) returned to Kgrind
Kgrind collected $2 from pot
*** SUMMARY ***
Total pot $2.10 | Rake $0.10 
Board [Qc Td 5c]
Seat 1: snowpepsi folded before Flop (didn't bet)
Seat 2: Kgrind collected ($2)
Seat 3: doom069 (button) folded on the Flop
Seat 4: Alameda22 (small blind) folded before Flop
Seat 6: mr_patriko (big blind) folded before Flop
Seat 8: sayahh folded before Flop
Seat 9: TioRicoLPP folded before Flop (didn't bet)



PokerStars Game #20080693785:  Hold'em No Limit ($0.10/$0.25) - 2008/09/01 - 22:27:54 (ET)
Table 'Sigelinde IV' 9-max Seat #4 is the button
Seat 1: snowpepsi ($46 in chips) 
Seat 2: Kgrind ($18.65 in chips) 
Seat 3: doom069 ($23.90 in chips) 
Seat 4: Alameda22 ($22.65 in chips) 
Seat 6: mr_patriko ($26.85 in chips) 
Seat 7: yjqian23 ($25 in chips) 
Seat 8: sayahh ($8.05 in chips) 
Seat 9: TioRicoLPP ($24.45 in chips) 
mr_patriko: posts small blind $0.10
DeadEndKev is connected 
yjqian23: posts big blind $0.25
*** HOLE CARDS ***
Dealt to Alameda22 [7h Ah]
sayahh: calls $0.25
TioRicoLPP: raises $1 to $1.25
snowpepsi: folds 
Kgrind: folds 
doom069: folds 
Alameda22: folds 
mr_patriko: folds 
yjqian23: folds 
sayahh: folds 
Uncalled bet ($1) returned to TioRicoLPP
TioRicoLPP collected $0.85 from pot
TioRicoLPP: doesn't show hand 
*** SUMMARY ***
Total pot $0.85 | Rake $0 
Seat 1: snowpepsi folded before Flop (didn't bet)
Seat 2: Kgrind folded before Flop (didn't bet)
Seat 3: doom069 folded before Flop (didn't bet)
Seat 4: Alameda22 (button) folded before Flop (didn't bet)
Seat 6: mr_patriko (small blind) folded before Flop
Seat 7: yjqian23 (big blind) folded before Flop
Seat 8: sayahh folded before Flop
Seat 9: TioRicoLPP collected ($0.85)



PokerStars Game #20080716258:  Hold'em No Limit ($0.10/$0.25) - 2008/09/01 - 22:28:55 (ET)
Table 'Sigelinde IV' 9-max Seat #6 is the button
Seat 1: snowpepsi ($46 in chips) 
Seat 2: Kgrind ($18.65 in chips) 
Seat 3: doom069 ($23.90 in chips) 
Seat 4: Alameda22 ($22.65 in chips) 
Seat 6: mr_patriko ($26.75 in chips) 
Seat 7: yjqian23 ($24.75 in chips) 
Seat 8: sayahh ($7.80 in chips) 
Seat 9: TioRicoLPP ($25.05 in chips) 
yjqian23: posts small blind $0.10
sayahh: posts big blind $0.25
*** HOLE CARDS ***
Dealt to Alameda22 [Ad Ah]
TioRicoLPP: folds 
snowpepsi: folds 
Kgrind: folds 
doom069: folds 
Alameda22: raises $0.75 to $1
mr_patriko: folds 
yjqian23: folds 
sayahh: folds 
Uncalled bet ($0.75) returned to Alameda22
Alameda22 collected $0.60 from pot
Alameda22: doesn't show hand 
*** SUMMARY ***
Total pot $0.60 | Rake $0 
Seat 1: snowpepsi folded before Flop (didn't bet)
Seat 2: Kgrind folded before Flop (didn't bet)
Seat 3: doom069 folded before Flop (didn't bet)
Seat 4: Alameda22 collected ($0.60)
Seat 6: mr_patriko (button) folded before Flop (didn't bet)
Seat 7: yjqian23 (small blind) folded before Flop
Seat 8: sayahh (big blind) folded before Flop
Seat 9: TioRicoLPP folded before Flop (didn't bet)



PokerStars Game #20080737769:  Hold'em No Limit ($0.10/$0.25) - 2008/09/01 - 22:29:54 (ET)
Table 'Sigelinde IV' 9-max Seat #7 is the button
Seat 1: snowpepsi ($46 in chips) 
Seat 2: Kgrind ($18.65 in chips) 
Seat 3: doom069 ($23.90 in chips) 
Seat 4: Alameda22 ($23 in chips) 
Seat 6: mr_patriko ($26.75 in chips) 
Seat 7: yjqian23 ($24.65 in chips) 
Seat 8: sayahh ($7.55 in chips) 
Seat 9: TioRicoLPP ($25.05 in chips) 
sayahh: posts small blind $0.10
TioRicoLPP: posts big blind $0.25
*** HOLE CARDS ***
Dealt to Alameda22 [9h 5c]
snowpepsi: folds 
Kgrind: folds 
doom069: raises $0.75 to $1
Alameda22: folds 
mr_patriko: folds 
yjqian23: folds 
sayahh: calls $0.90
TioRicoLPP: folds 
*** FLOP *** [3s Kc 7h]
sayahh: checks 
doom069: bets $1.75
sayahh: folds 
Uncalled bet ($1.75) returned to doom069
doom069 collected $2.15 from pot
doom069: doesn't show hand 
*** SUMMARY ***
Total pot $2.25 | Rake $0.10 
Board [3s Kc 7h]
Seat 1: snowpepsi folded before Flop (didn't bet)
Seat 2: Kgrind folded before Flop (didn't bet)
Seat 3: doom069 collected ($2.15)
Seat 4: Alameda22 folded before Flop (didn't bet)
Seat 6: mr_patriko folded before Flop (didn't bet)
Seat 7: yjqian23 (button) folded before Flop (didn't bet)
Seat 8: sayahh (small blind) folded on the Flop
Seat 9: TioRicoLPP (big blind) folded before Flop



PokerStars Game #20080775838:  Hold'em No Limit ($0.10/$0.25) - 2008/09/01 - 22:31:34 (ET)
Table 'Sigelinde IV' 9-max Seat #8 is the button
Seat 1: snowpepsi ($46 in chips) 
Seat 2: Kgrind ($18.65 in chips) 
Seat 3: doom069 ($25.05 in chips) 
Seat 4: Alameda22 ($23 in chips) 
Seat 6: mr_patriko ($26.75 in chips) 
Seat 7: yjqian23 ($24.65 in chips) 
Seat 8: sayahh ($6.55 in chips) 
Seat 9: TioRicoLPP ($24.80 in chips) 
TioRicoLPP: posts small blind $0.10
snowpepsi: posts big blind $0.25
*** HOLE CARDS ***
Dealt to Alameda22 [Ah 4d]
Kgrind: folds 
doom069: folds 
Alameda22: folds 
mr_patriko: folds 
yjqian23: raises $0.25 to $0.50
sayahh: folds 
sayahh leaves the table
TioRicoLPP: folds 
snowpepsi: folds 
Uncalled bet ($0.25) returned to yjqian23
yjqian23 collected $0.60 from pot
yjqian23: doesn't show hand 
*** SUMMARY ***
Total pot $0.60 | Rake $0 
Seat 1: snowpepsi (big blind) folded before Flop
Seat 2: Kgrind folded before Flop (didn't bet)
Seat 3: doom069 folded before Flop (didn't bet)
Seat 4: Alameda22 folded before Flop (didn't bet)
Seat 6: mr_patriko folded before Flop (didn't bet)
Seat 7: yjqian23 collected ($0.60)
Seat 8: sayahh (button) folded before Flop (didn't bet)
Seat 9: TioRicoLPP (small blind) folded before Flop



PokerStars Game #20080800039:  Hold'em No Limit ($0.10/$0.25) - 2008/09/01 - 22:32:37 (ET)
Table 'Sigelinde IV' 9-max Seat #9 is the button
Seat 1: snowpepsi ($45.75 in chips) 
Seat 2: Kgrind ($18.65 in chips) 
Seat 3: doom069 ($25.05 in chips) 
Seat 4: Alameda22 ($23 in chips) 
Seat 6: mr_patriko ($26.75 in chips) 
Seat 7: yjqian23 ($25 in chips) 
Seat 9: TioRicoLPP ($24.70 in chips) 
snowpepsi: posts small blind $0.10
Kgrind: posts big blind $0.25
*** HOLE CARDS ***
Dealt to Alameda22 [3d Ac]
doom069: folds 
Alameda22: folds 
mr_patriko: raises $0.50 to $0.75
yjqian23: folds 
TioRicoLPP: folds 
snowpepsi: calls $0.65
Kgrind: calls $0.50
*** FLOP *** [5s Js Kh]
ddprice joins the table at seat #8 
snowpepsi: checks 
Kgrind: bets $1.50
mr_patriko: folds 
snowpepsi: folds 
Uncalled bet ($1.50) returned to Kgrind
Kgrind collected $2.15 from pot
*** SUMMARY ***
Total pot $2.25 | Rake $0.10 
Board [5s Js Kh]
Seat 1: snowpepsi (small blind) folded on the Flop
Seat 2: Kgrind (big blind) collected ($2.15)
Seat 3: doom069 folded before Flop (didn't bet)
Seat 4: Alameda22 folded before Flop (didn't bet)
Seat 6: mr_patriko folded on the Flop
Seat 7: yjqian23 folded before Flop (didn't bet)
Seat 9: TioRicoLPP (button) folded before Flop (didn't bet)



PokerStars Game #20080825556:  Hold'em No Limit ($0.10/$0.25) - 2008/09/01 - 22:33:42 (ET)
Table 'Sigelinde IV' 9-max Seat #1 is the button
Seat 1: snowpepsi ($45 in chips) 
Seat 2: Kgrind ($20.05 in chips) 
Seat 3: doom069 ($25.05 in chips) 
Seat 4: Alameda22 ($23 in chips) 
Seat 6: mr_patriko ($26 in chips) 
Seat 7: yjqian23 ($25 in chips) 
Seat 8: ddprice ($15 in chips) 
Seat 9: TioRicoLPP ($24.70 in chips) 
Kgrind: posts small blind $0.10
doom069: posts big blind $0.25
ddprice: posts big blind $0.25
*** HOLE CARDS ***
Dealt to Alameda22 [Jh 7d]
Alameda22: folds 
mr_patriko: calls $0.25
yjqian23: folds 
ddprice: checks 
TioRicoLPP: folds 
snowpepsi: calls $0.25
Kgrind: calls $0.15
doom069: checks 
*** FLOP *** [2d Kd 3h]
Kgrind: checks 
doom069: checks 
mr_patriko: checks 
ddprice: checks 
snowpepsi: checks 
*** TURN *** [2d Kd 3h] [Kc]
Kgrind: checks 
doom069: checks 
mr_patriko: bets $0.75
ddprice: folds 
snowpepsi: folds 
Kgrind: folds 
doom069: folds 
Uncalled bet ($0.75) returned to mr_patriko
mr_patriko collected $1.20 from pot
mr_patriko: doesn't show hand 
*** SUMMARY ***
Total pot $1.25 | Rake $0.05 
Board [2d Kd 3h Kc]
Seat 1: snowpepsi (button) folded on the Turn
Seat 2: Kgrind (small blind) folded on the Turn
Seat 3: doom069 (big blind) folded on the Turn
Seat 4: Alameda22 folded before Flop (didn't bet)
Seat 6: mr_patriko collected ($1.20)
Seat 7: yjqian23 folded before Flop (didn't bet)
Seat 8: ddprice folded on the Turn
Seat 9: TioRicoLPP folded before Flop (didn't bet)



PokerStars Game #20080861577:  Hold'em No Limit ($0.10/$0.25) - 2008/09/01 - 22:35:17 (ET)
Table 'Sigelinde IV' 9-max Seat #2 is the button
Seat 1: snowpepsi ($44.75 in chips) 
Seat 2: Kgrind ($19.80 in chips) 
Seat 3: doom069 ($24.80 in chips) 
Seat 4: Alameda22 ($23 in chips) 
Seat 6: mr_patriko ($26.95 in chips) 
Seat 7: yjqian23 ($25 in chips) 
Seat 8: ddprice ($14.75 in chips) 
Seat 9: TioRicoLPP ($24.70 in chips) 
doom069: posts small blind $0.10
Alameda22: posts big blind $0.25
*** HOLE CARDS ***
Dealt to Alameda22 [9s Ah]
mr_patriko: folds 
yjqian23: folds 
ddprice: folds 
TioRicoLPP: calls $0.25
snowpepsi: folds 
Kgrind: calls $0.25
doom069: folds 
Alameda22: checks 
*** FLOP *** [Qh Ad Qd]
Alameda22: checks 
TioRicoLPP: checks 
Kgrind: bets $0.75
Alameda22: folds 
TioRicoLPP: folds 
Uncalled bet ($0.75) returned to Kgrind
Kgrind collected $0.85 from pot
*** SUMMARY ***
Total pot $0.85 | Rake $0 
Board [Qh Ad Qd]
Seat 1: snowpepsi folded before Flop (didn't bet)
Seat 2: Kgrind (button) collected ($0.85)
Seat 3: doom069 (small blind) folded before Flop
Seat 4: Alameda22 (big blind) folded on the Flop
Seat 6: mr_patriko folded before Flop (didn't bet)
Seat 7: yjqian23 folded before Flop (didn't bet)
Seat 8: ddprice folded before Flop (didn't bet)
Seat 9: TioRicoLPP folded on the Flop



PokerStars Game #20080893815:  Hold'em No Limit ($0.10/$0.25) - 2008/09/01 - 22:36:41 (ET)
Table 'Sigelinde IV' 9-max Seat #3 is the button
Seat 1: snowpepsi ($44.75 in chips) 
Seat 2: Kgrind ($20.40 in chips) 
Seat 3: doom069 ($24.70 in chips) 
Seat 4: Alameda22 ($22.75 in chips) 
Seat 7: yjqian23 ($25 in chips) 
Seat 8: ddprice ($14.75 in chips) 
Seat 9: TioRicoLPP ($24.45 in chips) 
Alameda22: posts small blind $0.10
mr_patriko: is sitting out 
mr_patriko leaves the table
yjqian23: posts big blind $0.25
*** HOLE CARDS ***
Dealt to Alameda22 [8s 8d]
ddprice: folds 
TioRicoLPP: folds 
snowpepsi: folds 
Kgrind: folds 
doom069: folds 
Alameda22: folds 
Uncalled bet ($0.15) returned to yjqian23
yjqian23 collected $0.20 from pot
yjqian23: doesn't show hand 
*** SUMMARY ***
Total pot $0.20 | Rake $0 
Seat 1: snowpepsi folded before Flop (didn't bet)
Seat 2: Kgrind folded before Flop (didn't bet)
Seat 3: doom069 (button) folded before Flop (didn't bet)
Seat 4: Alameda22 (small blind) folded before Flop
Seat 7: yjqian23 (big blind) collected ($0.20)
Seat 8: ddprice folded before Flop (didn't bet)
Seat 9: TioRicoLPP folded before Flop (didn't bet)



PokerStars Game #20080911957:  Hold'em No Limit ($0.10/$0.25) - 2008/09/01 - 22:37:28 (ET)
Table 'Sigelinde IV' 9-max Seat #4 is the button
Seat 1: snowpepsi ($44.75 in chips) 
Seat 2: Kgrind ($20.40 in chips) 
Seat 3: doom069 ($24.70 in chips) 
Seat 4: Alameda22 ($22.65 in chips) 
Seat 7: yjqian23 ($25.10 in chips) 
Seat 8: ddprice ($14.75 in chips) 
Seat 9: TioRicoLPP ($24.45 in chips) 
yjqian23: posts small blind $0.10
ddprice: posts big blind $0.25
*** HOLE CARDS ***
Dealt to Alameda22 [3c Tc]
TioRicoLPP: folds 
snowpepsi: folds 
Kgrind: calls $0.25
doom069: raises $1 to $1.25
Alameda22: folds 
yjqian23: folds 
ddprice: calls $1
Kgrind: calls $1
*** FLOP *** [4c 6c 6s]
ddprice: checks 
Kgrind: bets $3.50
doom069: raises $6.50 to $10
ddprice: folds 
Kgrind: folds 
Uncalled bet ($6.50) returned to doom069
doom069 collected $10.35 from pot
doom069: doesn't show hand 
*** SUMMARY ***
Total pot $10.85 | Rake $0.50 
Board [4c 6c 6s]
Seat 1: snowpepsi folded before Flop (didn't bet)
Seat 2: Kgrind folded on the Flop
Seat 3: doom069 collected ($10.35)
Seat 4: Alameda22 (button) folded before Flop (didn't bet)
Seat 7: yjqian23 (small blind) folded before Flop
Seat 8: ddprice (big blind) folded on the Flop
Seat 9: TioRicoLPP folded before Flop (didn't bet)



PokerStars Game #20080950993:  Hold'em No Limit ($0.10/$0.25) - 2008/09/01 - 22:39:11 (ET)
Table 'Sigelinde IV' 9-max Seat #7 is the button
Seat 1: snowpepsi ($44.75 in chips) 
Seat 2: Kgrind ($15.65 in chips) 
Seat 3: doom069 ($30.30 in chips) 
Seat 4: Alameda22 ($22.65 in chips) 
Seat 7: yjqian23 ($25 in chips) 
Seat 8: ddprice ($13.50 in chips) 
Seat 9: TioRicoLPP ($24.45 in chips) 
ddprice: posts small blind $0.10
TioRicoLPP: posts big blind $0.25
*** HOLE CARDS ***
Dealt to Alameda22 [4c 6h]
snowpepsi: folds 
Kgrind: folds 
doom069: folds 
Alameda22: folds 
yjqian23: folds 
ddprice: calls $0.15
TioRicoLPP: raises $0.75 to $1
ddprice: calls $0.75
*** FLOP *** [8d 7d Tc]
ddprice: bets $0.50
TioRicoLPP: raises $1.75 to $2.25
ddprice: folds 
Uncalled bet ($1.75) returned to TioRicoLPP
TioRicoLPP collected $2.90 from pot
TioRicoLPP: doesn't show hand 
*** SUMMARY ***
Total pot $3 | Rake $0.10 
Board [8d 7d Tc]
Seat 1: snowpepsi folded before Flop (didn't bet)
Seat 2: Kgrind folded before Flop (didn't bet)
Seat 3: doom069 folded before Flop (didn't bet)
Seat 4: Alameda22 folded before Flop (didn't bet)
Seat 7: yjqian23 (button) folded before Flop (didn't bet)
Seat 8: ddprice (small blind) folded on the Flop
Seat 9: TioRicoLPP (big blind) collected ($2.90)



PokerStars Game #20080966725:  Hold'em No Limit ($0.10/$0.25) - 2008/09/01 - 22:39:52 (ET)
Table 'Sigelinde IV' 9-max Seat #8 is the button
Seat 1: snowpepsi ($44.75 in chips) 
Seat 2: Kgrind ($15.65 in chips) 
Seat 3: doom069 ($30.30 in chips) 
Seat 4: Alameda22 ($22.65 in chips) 
Seat 7: yjqian23 ($25 in chips) 
Seat 8: ddprice ($12 in chips) 
Seat 9: TioRicoLPP ($25.85 in chips) 
TioRicoLPP: posts small blind $0.10
snowpepsi: posts big blind $0.25
*** HOLE CARDS ***
Dealt to Alameda22 [Qs Qd]
Kgrind: folds 
Kgrind leaves the table
doom069: raises $0.75 to $1
Alameda22: calls $1
yjqian23: folds 
ddprice: folds 
TioRicoLPP: folds 
snowpepsi: folds 
*** FLOP *** [4c Ah 7s]
doom069: bets $1.75
Alameda22: folds 
Uncalled bet ($1.75) returned to doom069
doom069 collected $2.25 from pot
doom069: doesn't show hand 
*** SUMMARY ***
Total pot $2.35 | Rake $0.10 
Board [4c Ah 7s]
Seat 1: snowpepsi (big blind) folded before Flop
Seat 2: Kgrind folded before Flop (didn't bet)
Seat 3: doom069 collected ($2.25)
Seat 4: Alameda22 folded on the Flop
Seat 7: yjqian23 folded before Flop (didn't bet)
Seat 8: ddprice (button) folded before Flop (didn't bet)
Seat 9: TioRicoLPP (small blind) folded before Flop



PokerStars Game #20080989791:  Hold'em No Limit ($0.10/$0.25) - 2008/09/01 - 22:40:52 (ET)
Table 'Sigelinde IV' 9-max Seat #9 is the button
Seat 1: snowpepsi ($44.50 in chips) 
Seat 3: doom069 ($31.55 in chips) 
Seat 4: Alameda22 ($21.65 in chips) 
Seat 7: yjqian23 ($25 in chips) 
Seat 8: ddprice ($12 in chips) 
Seat 9: TioRicoLPP ($25.75 in chips) 
snowpepsi: posts small blind $0.10
doom069: posts big blind $0.25
*** HOLE CARDS ***
Dealt to Alameda22 [6h Ts]
Alameda22: folds 
yjqian23: folds 
ddprice: folds 
TioRicoLPP: raises $0.75 to $1
snowpepsi: folds 
doom069: folds 
Uncalled bet ($0.75) returned to TioRicoLPP
TioRicoLPP collected $0.60 from pot
TioRicoLPP: doesn't show hand 
*** SUMMARY ***
Total pot $0.60 | Rake $0 
Seat 1: snowpepsi (small blind) folded before Flop
Seat 3: doom069 (big blind) folded before Flop
Seat 4: Alameda22 folded before Flop (didn't bet)
Seat 7: yjqian23 folded before Flop (didn't bet)
Seat 8: ddprice folded before Flop (didn't bet)
Seat 9: TioRicoLPP (button) collected ($0.60)



PokerStars Game #20081005772:  Hold'em No Limit ($0.10/$0.25) - 2008/09/01 - 22:41:34 (ET)
Table 'Sigelinde IV' 9-max Seat #1 is the button
Seat 1: snowpepsi ($44.40 in chips) 
Seat 3: doom069 ($31.30 in chips) 
Seat 4: Alameda22 ($21.65 in chips) 
Seat 7: yjqian23 ($25 in chips) 
Seat 8: ddprice ($12 in chips) 
Seat 9: TioRicoLPP ($26.10 in chips) 
doom069: posts small blind $0.10
Alameda22: posts big blind $0.25
*** HOLE CARDS ***
Dealt to Alameda22 [2d 4h]
yjqian23: folds 
CBat28 joins the table at seat #6 
ddprice has timed out
ddprice: folds 
ddprice is sitting out
TioRicoLPP: raises $0.75 to $1
snowpepsi: calls $1
doom069: folds 
Alameda22: folds 
*** FLOP *** [6d 8d 9c]
TioRicoLPP: bets $1.25
snowpepsi: calls $1.25
*** TURN *** [6d 8d 9c] [5c]
ddprice has returned
TioRicoLPP: checks 
snowpepsi: bets $1.50
Stealthy22 joins the table at seat #2 
TioRicoLPP: folds 
Uncalled bet ($1.50) returned to snowpepsi
snowpepsi collected $4.65 from pot
snowpepsi: doesn't show hand 
*** SUMMARY ***
Total pot $4.85 | Rake $0.20 
Board [6d 8d 9c 5c]
Seat 1: snowpepsi (button) collected ($4.65)
Seat 3: doom069 (small blind) folded before Flop
Seat 4: Alameda22 (big blind) folded before Flop
Seat 7: yjqian23 folded before Flop (didn't bet)
Seat 8: ddprice folded before Flop (didn't bet)
Seat 9: TioRicoLPP folded on the Turn



PokerStars Game #20081044736:  Hold'em No Limit ($0.10/$0.25) - 2008/09/01 - 22:43:18 (ET)
Table 'Sigelinde IV' 9-max Seat #3 is the button
Seat 1: snowpepsi ($46.80 in chips) 
Seat 2: Stealthy22 ($15 in chips) 
Seat 3: doom069 ($31.20 in chips) 
Seat 4: Alameda22 ($21.40 in chips) 
Seat 6: CBat28 ($25 in chips) 
Seat 7: yjqian23 ($25 in chips) 
Seat 8: ddprice ($12 in chips) 
Seat 9: TioRicoLPP ($23.85 in chips) 
Alameda22: posts small blind $0.10
CBat28: posts big blind $0.25
Stealthy22: posts big blind $0.25
*** HOLE CARDS ***
Dealt to Alameda22 [4s 9d]
yjqian23: folds 
ddprice: folds 
TioRicoLPP: folds 
snowpepsi: folds 
snowpepsi leaves the table
Stealthy22: checks 
doom069: folds 
idraug joins the table at seat #1 
Alameda22: folds 
Stealthy22 said, "did you go to high school in plano alameda?"
CBat28: checks 
*** FLOP *** [Kd 4d 9h]
CBat28: checks 
Stealthy22: checks 
*** TURN *** [Kd 4d 9h] [Qs]
CBat28: checks 
Stealthy22: checks 
*** RIVER *** [Kd 4d 9h Qs] [Kc]
CBat28: checks 
Stealthy22: checks 
*** SHOW DOWN ***
CBat28: shows [6s 7s] (a pair of Kings)
Stealthy22: shows [8h 3d] (a pair of Kings - Queen+Nine+Eight kicker)
Stealthy22 collected $0.60 from pot
*** SUMMARY ***
Total pot $0.60 | Rake $0 
Board [Kd 4d 9h Qs Kc]
Seat 1: snowpepsi folded before Flop (didn't bet)
Seat 2: Stealthy22 showed [8h 3d] and won ($0.60) with a pair of Kings
Seat 3: doom069 (button) folded before Flop (didn't bet)
Seat 4: Alameda22 (small blind) folded before Flop
Seat 6: CBat28 (big blind) showed [6s 7s] and lost with a pair of Kings
Seat 7: yjqian23 folded before Flop (didn't bet)
Seat 8: ddprice folded before Flop (didn't bet)
Seat 9: TioRicoLPP folded before Flop (didn't bet)



PokerStars Game #20081077577:  Hold'em No Limit ($0.10/$0.25) - 2008/09/01 - 22:44:46 (ET)
Table 'Sigelinde IV' 9-max Seat #4 is the button
Seat 1: idraug ($14 in chips) 
Seat 2: Stealthy22 ($15.35 in chips) 
Seat 3: doom069 ($31.20 in chips) 
Seat 4: Alameda22 ($21.30 in chips) 
Seat 6: CBat28 ($24.75 in chips) 
Seat 7: yjqian23 ($25 in chips) 
Seat 8: ddprice ($12 in chips) 
Seat 9: TioRicoLPP ($23.85 in chips) 
CBat28: posts small blind $0.10
yjqian23: posts big blind $0.25
idraug: posts big blind $0.25
*** HOLE CARDS ***
Dealt to Alameda22 [As Kc]
ddprice: folds 
TioRicoLPP: folds 
idraug: checks 
Stealthy22: folds 
doom069: folds 
Alameda22: raises $1 to $1.25
CBat28: folds 
yjqian23: folds 
idraug: folds 
Uncalled bet ($1) returned to Alameda22
Alameda22 collected $0.85 from pot
Alameda22: doesn't show hand 
*** SUMMARY ***
Total pot $0.85 | Rake $0 
Seat 1: idraug folded before Flop
Seat 2: Stealthy22 folded before Flop (didn't bet)
Seat 3: doom069 folded before Flop (didn't bet)
Seat 4: Alameda22 (button) collected ($0.85)
Seat 6: CBat28 (small blind) folded before Flop
Seat 7: yjqian23 (big blind) folded before Flop
Seat 8: ddprice folded before Flop (didn't bet)
Seat 9: TioRicoLPP folded before Flop (didn't bet)



PokerStars Game #20081097676:  Hold'em No Limit ($0.10/$0.25) - 2008/09/01 - 22:45:41 (ET)
Table 'Sigelinde IV' 9-max Seat #6 is the button
Seat 1: idraug ($13.75 in chips) 
Seat 2: Stealthy22 ($15.35 in chips) 
Seat 3: doom069 ($31.20 in chips) 
Seat 4: Alameda22 ($21.90 in chips) 
Seat 6: CBat28 ($24.65 in chips) 
Seat 7: yjqian23 ($24.75 in chips) 
Seat 8: ddprice ($12 in chips) 
Seat 9: TioRicoLPP ($23.85 in chips) 
yjqian23: posts small blind $0.10
ddprice: posts big blind $0.25
*** HOLE CARDS ***
Dealt to Alameda22 [6s 5h]
TioRicoLPP: folds 
idraug: calls $0.25
Stealthy22: raises $0.75 to $1
doom069: calls $1
Alameda22: folds 
CBat28: folds 
yjqian23: folds 
ddprice: folds 
idraug: folds 
*** FLOP *** [Qd 8c Ks]
Stealthy22: bets $1
doom069: folds 
Uncalled bet ($1) returned to Stealthy22
Stealthy22 collected $2.50 from pot
Stealthy22: doesn't show hand 
*** SUMMARY ***
Total pot $2.60 | Rake $0.10 
Board [Qd 8c Ks]
Seat 1: idraug folded before Flop
Seat 2: Stealthy22 collected ($2.50)
Seat 3: doom069 folded on the Flop
Seat 4: Alameda22 folded before Flop (didn't bet)
Seat 6: CBat28 (button) folded before Flop (didn't bet)
Seat 7: yjqian23 (small blind) folded before Flop
Seat 8: ddprice (big blind) folded before Flop
Seat 9: TioRicoLPP folded before Flop (didn't bet)



PokerStars Game #20081117589:  Hold'em No Limit ($0.10/$0.25) - 2008/09/01 - 22:46:35 (ET)
Table 'Sigelinde IV' 9-max Seat #7 is the button
Seat 1: idraug ($13.50 in chips) 
Seat 2: Stealthy22 ($16.85 in chips) 
Seat 3: doom069 ($30.20 in chips) 
Seat 4: Alameda22 ($21.90 in chips) 
Seat 6: CBat28 ($24.65 in chips) 
Seat 7: yjqian23 ($24.65 in chips) 
Seat 8: ddprice ($11.75 in chips) 
Seat 9: TioRicoLPP ($23.85 in chips) 
ddprice: posts small blind $0.10
TioRicoLPP: posts big blind $0.25
*** HOLE CARDS ***
Dealt to Alameda22 [Kh 9h]
idraug: folds 
Stealthy22: calls $0.25
doom069: folds 
Alameda22 said, "yeah"
Alameda22: folds 
CBat28: folds 
yjqian23: folds 
ddprice: folds 
TioRicoLPP: checks 
*** FLOP *** [7s Js 5d]
TioRicoLPP: checks 
Stealthy22: checks 
*** TURN *** [7s Js 5d] [3s]
TioRicoLPP: checks 
Stealthy22: checks 
*** RIVER *** [7s Js 5d 3s] [4h]
TioRicoLPP: checks 
Stealthy22: checks 
*** SHOW DOWN ***
TioRicoLPP: shows [3d 6c] (a straight, Three to Seven)
Stealthy22: mucks hand 
TioRicoLPP collected $0.60 from pot
*** SUMMARY ***
Total pot $0.60 | Rake $0 
Board [7s Js 5d 3s 4h]
Seat 1: idraug folded before Flop (didn't bet)
Seat 2: Stealthy22 mucked [As 9d]
Seat 3: doom069 folded before Flop (didn't bet)
Seat 4: Alameda22 folded before Flop (didn't bet)
Seat 6: CBat28 folded before Flop (didn't bet)
Seat 7: yjqian23 (button) folded before Flop (didn't bet)
Seat 8: ddprice (small blind) folded before Flop
Seat 9: TioRicoLPP (big blind) showed [3d 6c] and won ($0.60) with a straight, Three to Seven



PokerStars Game #20081139321:  Hold'em No Limit ($0.10/$0.25) - 2008/09/01 - 22:47:35 (ET)
Table 'Sigelinde IV' 9-max Seat #8 is the button
Seat 1: idraug ($13.50 in chips) 
Seat 2: Stealthy22 ($16.60 in chips) 
Seat 3: doom069 ($30.20 in chips) 
Seat 4: Alameda22 ($21.90 in chips) 
Seat 6: CBat28 ($24.65 in chips) 
Seat 7: yjqian23 ($24.65 in chips) 
Seat 8: ddprice ($11.65 in chips) 
Seat 9: TioRicoLPP ($24.20 in chips) 
TioRicoLPP: posts small blind $0.10
idraug: posts big blind $0.25
*** HOLE CARDS ***
Dealt to Alameda22 [Jd 4c]
Stealthy22: calls $0.25
doom069: raises $1 to $1.25
Alameda22: folds 
CBat28: folds 
Stealthy22 said, "me to. grad in 04. wildcat, panther or wolf?"
yjqian23: folds 
ddprice: folds 
TioRicoLPP: folds 
idraug: folds 
Stealthy22: calls $1
*** FLOP *** [2s 2c 6d]
Stealthy22: checks 
doom069: bets $2
Stealthy22: folds 
Uncalled bet ($2) returned to doom069
doom069 collected $2.75 from pot
doom069: doesn't show hand 
*** SUMMARY ***
Total pot $2.85 | Rake $0.10 
Board [2s 2c 6d]
Seat 1: idraug (big blind) folded before Flop
Seat 2: Stealthy22 folded on the Flop
Seat 3: doom069 collected ($2.75)
Seat 4: Alameda22 folded before Flop (didn't bet)
Seat 6: CBat28 folded before Flop (didn't bet)
Seat 7: yjqian23 folded before Flop (didn't bet)
Seat 8: ddprice (button) folded before Flop (didn't bet)
Seat 9: TioRicoLPP (small blind) folded before Flop



PokerStars Game #20081162471:  Hold'em No Limit ($0.10/$0.25) - 2008/09/01 - 22:48:37 (ET)
Table 'Sigelinde IV' 9-max Seat #9 is the button
Seat 1: idraug ($13.25 in chips) 
Seat 2: Stealthy22 ($15.35 in chips) 
Seat 3: doom069 ($31.70 in chips) 
Seat 4: Alameda22 ($21.90 in chips) 
Seat 6: CBat28 ($24.65 in chips) 
Seat 7: yjqian23 ($24.65 in chips) 
Seat 8: ddprice ($11.65 in chips) 
Seat 9: TioRicoLPP ($24.10 in chips) 
idraug: posts small blind $0.10
Alameda22 said, "wolf"
Stealthy22: posts big blind $0.25
*** HOLE CARDS ***
Dealt to Alameda22 [Js Th]
doom069: folds 
Alameda22: folds 
Stealthy22 said, "haha."
CBat28: folds 
Stealthy22 said, "wildcat."
yjqian23: folds 
ddprice: folds 
TioRicoLPP: raises $0.75 to $1
idraug: folds 
Stealthy22: calls $0.75
*** FLOP *** [3h 8s 9c]
Stealthy22 said, "hows the weather down there. heard gustav might hit home"
Stealthy22: checks 
TioRicoLPP: bets $1.25
Stealthy22: folds 
Uncalled bet ($1.25) returned to TioRicoLPP
TioRicoLPP collected $2 from pot
TioRicoLPP: doesn't show hand 
*** SUMMARY ***
Total pot $2.10 | Rake $0.10 
Board [3h 8s 9c]
Seat 1: idraug (small blind) folded before Flop
Seat 2: Stealthy22 (big blind) folded on the Flop
Seat 3: doom069 folded before Flop (didn't bet)
Seat 4: Alameda22 folded before Flop (didn't bet)
Seat 6: CBat28 folded before Flop (didn't bet)
Seat 7: yjqian23 folded before Flop (didn't bet)
Seat 8: ddprice folded before Flop (didn't bet)
Seat 9: TioRicoLPP (button) collected ($2)



PokerStars Game #20081183603:  Hold'em No Limit ($0.10/$0.25) - 2008/09/01 - 22:49:34 (ET)
Table 'Sigelinde IV' 9-max Seat #1 is the button
Seat 1: idraug ($13.15 in chips) 
Seat 2: Stealthy22 ($14.35 in chips) 
Seat 3: doom069 ($31.70 in chips) 
Seat 4: Alameda22 ($21.90 in chips) 
Seat 6: CBat28 ($24.65 in chips) 
Seat 7: yjqian23 ($24.65 in chips) 
Seat 8: ddprice ($11.65 in chips) 
Seat 9: TioRicoLPP ($25.10 in chips) 
Stealthy22: posts small blind $0.10
doom069: posts big blind $0.25
*** HOLE CARDS ***
Dealt to Alameda22 [Qs 4c]
Alameda22: folds 
CBat28: folds 
yjqian23: folds 
ddprice: folds 
TioRicoLPP: folds 
idraug: folds 
Stealthy22: calls $0.15
doom069: checks 
*** FLOP *** [8h 9c 4s]
Stealthy22: bets $0.75
doom069: folds 
Uncalled bet ($0.75) returned to Stealthy22
Stealthy22 collected $0.50 from pot
Stealthy22: doesn't show hand 
*** SUMMARY ***
Total pot $0.50 | Rake $0 
Board [8h 9c 4s]
Seat 1: idraug (button) folded before Flop (didn't bet)
Seat 2: Stealthy22 (small blind) collected ($0.50)
Seat 3: doom069 (big blind) folded on the Flop
Seat 4: Alameda22 folded before Flop (didn't bet)
Seat 6: CBat28 folded before Flop (didn't bet)
Seat 7: yjqian23 folded before Flop (didn't bet)
Seat 8: ddprice folded before Flop (didn't bet)
Seat 9: TioRicoLPP folded before Flop (didn't bet)



PokerStars Game #20081202354:  Hold'em No Limit ($0.10/$0.25) - 2008/09/01 - 22:50:25 (ET)
Table 'Sigelinde IV' 9-max Seat #2 is the button
Seat 1: idraug ($13.15 in chips) 
Seat 2: Stealthy22 ($14.60 in chips) 
Seat 3: doom069 ($31.45 in chips) 
Seat 4: Alameda22 ($21.90 in chips) 
Seat 6: CBat28 ($24.65 in chips) 
Seat 7: yjqian23 ($24.65 in chips) 
Seat 8: ddprice ($11.65 in chips) 
Seat 9: TioRicoLPP ($25.10 in chips) 
doom069: posts small blind $0.10
Alameda22: posts big blind $0.25
*** HOLE CARDS ***
Dealt to Alameda22 [2h 5h]
CBat28: raises $0.75 to $1
yjqian23: folds 
ddprice: folds 
TioRicoLPP: folds 
idraug: folds 
Stealthy22: raises $0.75 to $1.75
doom069: folds 
Alameda22: folds 
CBat28: calls $0.75
*** FLOP *** [4c 6s 2c]
CBat28: bets $3
Stealthy22: folds 
Uncalled bet ($3) returned to CBat28
CBat28 collected $3.70 from pot
CBat28: doesn't show hand 
*** SUMMARY ***
Total pot $3.85 | Rake $0.15 
Board [4c 6s 2c]
Seat 1: idraug folded before Flop (didn't bet)
Seat 2: Stealthy22 (button) folded on the Flop
Seat 3: doom069 (small blind) folded before Flop
Seat 4: Alameda22 (big blind) folded before Flop
Seat 6: CBat28 collected ($3.70)
Seat 7: yjqian23 folded before Flop (didn't bet)
Seat 8: ddprice folded before Flop (didn't bet)
Seat 9: TioRicoLPP folded before Flop (didn't bet)



PokerStars Game #20081227164:  Hold'em No Limit ($0.10/$0.25) - 2008/09/01 - 22:51:36 (ET)
Table 'Sigelinde IV' 9-max Seat #3 is the button
Seat 1: idraug ($13.15 in chips) 
Seat 2: Stealthy22 ($12.85 in chips) 
Seat 3: doom069 ($31.35 in chips) 
Seat 4: Alameda22 ($21.65 in chips) 
Seat 6: CBat28 ($26.60 in chips) 
Seat 7: yjqian23 ($24.65 in chips) 
Seat 8: ddprice ($11.65 in chips) 
Seat 9: TioRicoLPP ($25.10 in chips) 
Alameda22: posts small blind $0.10
CBat28: posts big blind $0.25
*** HOLE CARDS ***
Dealt to Alameda22 [2d 9c]
yjqian23: folds 
ddprice: folds 
TioRicoLPP: folds 
idraug: folds 
Stealthy22: calls $0.25
doom069: folds 
Alameda22: folds 
CBat28: checks 
*** FLOP *** [3c 5c 4s]
CBat28: bets $0.50
Stealthy22: raises $0.50 to $1
CBat28: raises $1 to $2
Stealthy22: raises $3.25 to $5.25
CBat28: raises $7.25 to $12.50
Stealthy22: raises $0.10 to $12.60 and is all-in
CBat28: calls $0.10
*** TURN *** [3c 5c 4s] [Qs]
*** RIVER *** [3c 5c 4s Qs] [3s]
*** SHOW DOWN ***
CBat28: shows [5h 8h] (two pair, Fives and Threes)
Stealthy22: shows [6s 7s] (a flush, Queen high)
Stealthy22 collected $24.55 from pot
*** SUMMARY ***
Total pot $25.80 | Rake $1.25 
Board [3c 5c 4s Qs 3s]
Seat 1: idraug folded before Flop (didn't bet)
Seat 2: Stealthy22 showed [6s 7s] and won ($24.55) with a flush, Queen high
Seat 3: doom069 (button) folded before Flop (didn't bet)
Seat 4: Alameda22 (small blind) folded before Flop
Seat 6: CBat28 (big blind) showed [5h 8h] and lost with two pair, Fives and Threes
Seat 7: yjqian23 folded before Flop (didn't bet)
Seat 8: ddprice folded before Flop (didn't bet)
Seat 9: TioRicoLPP folded before Flop (didn't bet)



PokerStars Game #20081249027:  Hold'em No Limit ($0.10/$0.25) - 2008/09/01 - 22:52:32 (ET)
Table 'Sigelinde IV' 9-max Seat #4 is the button
Seat 1: idraug ($13.15 in chips) 
Seat 2: Stealthy22 ($24.55 in chips) 
Seat 3: doom069 ($31.35 in chips) 
Seat 4: Alameda22 ($21.55 in chips) 
Seat 6: CBat28 ($13.75 in chips) 
Seat 8: ddprice ($11.65 in chips) 
Seat 9: TioRicoLPP ($25.10 in chips) 
DeadEndKev was removed from the table for failing to post
CBat28: posts small blind $0.10
yjqian23: is sitting out 
yjqian23 leaves the table
ddprice: posts big blind $0.25
*** HOLE CARDS ***
Dealt to Alameda22 [Ac Kh]
DeadEndKev joins the table at seat #5 
TioRicoLPP: folds 
idraug: folds 
Stealthy22: folds 
doom069: raises $0.75 to $1
Alameda22: calls $1
CBat28: folds 
ddprice: folds 
*** FLOP *** [9d Qh 6h]
doom069: bets $1.50
Alameda22: folds 
Uncalled bet ($1.50) returned to doom069
doom069 collected $2.25 from pot
doom069: doesn't show hand 
*** SUMMARY ***
Total pot $2.35 | Rake $0.10 
Board [9d Qh 6h]
Seat 1: idraug folded before Flop (didn't bet)
Seat 2: Stealthy22 folded before Flop (didn't bet)
Seat 3: doom069 collected ($2.25)
Seat 4: Alameda22 (button) folded on the Flop
Seat 6: CBat28 (small blind) folded before Flop
Seat 8: ddprice (big blind) folded before Flop
Seat 9: TioRicoLPP folded before Flop (didn't bet)



PokerStars Game #20081265454:  Hold'em No Limit ($0.10/$0.25) - 2008/09/01 - 22:53:17 (ET)
Table 'Sigelinde IV' 9-max Seat #6 is the button
Seat 1: idraug ($13.15 in chips) 
Seat 2: Stealthy22 ($24.55 in chips) 
Seat 3: doom069 ($32.60 in chips) 
Seat 4: Alameda22 ($20.55 in chips) 
Seat 5: DeadEndKev ($27.30 in chips) 
Seat 6: CBat28 ($13.65 in chips) 
Seat 8: ddprice ($11.40 in chips) 
Seat 9: TioRicoLPP ($25.10 in chips) 
ddprice: posts small blind $0.10
TioRicoLPP: posts big blind $0.25
DeadEndKev: posts big blind $0.25
*** HOLE CARDS ***
Dealt to Alameda22 [Kh Qs]
idraug: raises $0.55 to $0.80
Stealthy22: calls $0.80
doom069: folds 
Hunraken88 joins the table at seat #7 
Alameda22: folds 
DeadEndKev: folds 
CBat28: folds 
CBat28 leaves the table
ddprice: folds 
TioRicoLPP: folds 
*** FLOP *** [Ad 5c 9h]
idraug: bets $1
Stealthy22: calls $1
*** TURN *** [Ad 5c 9h] [5h]
idraug: checks 
Stealthy22: checks 
*** RIVER *** [Ad 5c 9h 5h] [Kd]
idraug: checks 
Stealthy22: checks 
Shteebie joins the table at seat #6 
*** SHOW DOWN ***
idraug: shows [6d 6h] (two pair, Sixes and Fives)
Stealthy22: mucks hand 
idraug collected $4 from pot
*** SUMMARY ***
Total pot $4.20 | Rake $0.20 
Board [Ad 5c 9h 5h Kd]
Seat 1: idraug showed [6d 6h] and won ($4) with two pair, Sixes and Fives
Seat 2: Stealthy22 mucked [Jd 7d]
Seat 3: doom069 folded before Flop (didn't bet)
Seat 4: Alameda22 folded before Flop (didn't bet)
Seat 5: DeadEndKev folded before Flop
Seat 6: CBat28 (button) folded before Flop (didn't bet)
Seat 8: ddprice (small blind) folded before Flop
Seat 9: TioRicoLPP (big blind) folded before Flop



PokerStars Game #20081285926:  Hold'em No Limit ($0.10/$0.25) - 2008/09/01 - 22:54:13 (ET)
Table 'Sigelinde IV' 9-max Seat #8 is the button
Seat 1: idraug ($15.35 in chips) 
Seat 2: Stealthy22 ($22.75 in chips) 
Seat 3: doom069 ($32.60 in chips) 
Seat 4: Alameda22 ($20.55 in chips) 
Seat 5: DeadEndKev ($27.05 in chips) 
Seat 6: Shteebie ($15 in chips) 
Seat 8: ddprice ($11.30 in chips) 
Seat 9: TioRicoLPP ($24.85 in chips) 
TioRicoLPP: posts small blind $0.10
idraug: posts big blind $0.25
Shteebie: posts big blind $0.25
Hunraken88: sits out 
*** HOLE CARDS ***
Dealt to Alameda22 [4s Kc]
Stealthy22: raises $0.50 to $0.75
doom069: folds 
Alameda22: folds 
DeadEndKev: folds 
Shteebie: calls $0.50
ddprice: folds 
TioRicoLPP: folds 
idraug: folds 
*** FLOP *** [3c 9h Jc]
Stealthy22: checks 
Shteebie: bets $1
Stealthy22: folds 
Uncalled bet ($1) returned to Shteebie
Shteebie collected $1.80 from pot
Shteebie: doesn't show hand 
*** SUMMARY ***
Total pot $1.85 | Rake $0.05 
Board [3c 9h Jc]
Seat 1: idraug (big blind) folded before Flop
Seat 2: Stealthy22 folded on the Flop
Seat 3: doom069 folded before Flop (didn't bet)
Seat 4: Alameda22 folded before Flop (didn't bet)
Seat 5: DeadEndKev folded before Flop (didn't bet)
Seat 6: Shteebie collected ($1.80)
Seat 8: ddprice (button) folded before Flop (didn't bet)
Seat 9: TioRicoLPP (small blind) folded before Flop



PokerStars Game #20081303281:  Hold'em No Limit ($0.10/$0.25) - 2008/09/01 - 22:55:01 (ET)
Table 'Sigelinde IV' 9-max Seat #9 is the button
Seat 1: idraug ($15.10 in chips) 
Seat 2: Stealthy22 ($22 in chips) 
Seat 3: doom069 ($32.60 in chips) 
Seat 4: Alameda22 ($20.55 in chips) 
Seat 5: DeadEndKev ($27.05 in chips) 
Seat 6: Shteebie ($16.05 in chips) 
Seat 8: ddprice ($11.30 in chips) 
Seat 9: TioRicoLPP ($24.75 in chips) 
idraug: posts small blind $0.10
Stealthy22: posts big blind $0.25
Hunraken88: sits out 
*** HOLE CARDS ***
Dealt to Alameda22 [Jh 8d]
doom069: folds 
Alameda22: folds 
DeadEndKev: folds 
Shteebie: folds 
ddprice: folds 
TioRicoLPP: raises $0.75 to $1
idraug: folds 
Stealthy22: calls $0.75
*** FLOP *** [Td 8h Ah]
Stealthy22: checks 
TioRicoLPP: checks 
*** TURN *** [Td 8h Ah] [6d]
Stealthy22: bets $0.75
TioRicoLPP: folds 
Uncalled bet ($0.75) returned to Stealthy22
Stealthy22 collected $2 from pot
Stealthy22: shows [Qh Th] (a pair of Tens)
*** SUMMARY ***
Total pot $2.10 | Rake $0.10 
Board [Td 8h Ah 6d]
Seat 1: idraug (small blind) folded before Flop
Seat 2: Stealthy22 (big blind) collected ($2)
Seat 3: doom069 folded before Flop (didn't bet)
Seat 4: Alameda22 folded before Flop (didn't bet)
Seat 5: DeadEndKev folded before Flop (didn't bet)
Seat 6: Shteebie folded before Flop (didn't bet)
Seat 8: ddprice folded before Flop (didn't bet)
Seat 9: TioRicoLPP (button) folded on the Turn



PokerStars Game #20081320524:  Hold'em No Limit ($0.10/$0.25) - 2008/09/01 - 22:55:48 (ET)
Table 'Sigelinde IV' 9-max Seat #1 is the button
Seat 1: idraug ($15 in chips) 
Seat 2: Stealthy22 ($23 in chips) 
Seat 3: doom069 ($32.60 in chips) 
Seat 4: Alameda22 ($20.55 in chips) 
Seat 5: DeadEndKev ($27.05 in chips) 
Seat 6: Shteebie ($16.05 in chips) 
Seat 8: ddprice ($11.30 in chips) 
Seat 9: TioRicoLPP ($23.75 in chips) 
Stealthy22: posts small blind $0.10
doom069: posts big blind $0.25
Hunraken88: sits out 
*** HOLE CARDS ***
Dealt to Alameda22 [Ah Js]
Alameda22: folds 
DeadEndKev: folds 
Shteebie: folds 
ddprice: folds 
TioRicoLPP: folds 
idraug: calls $0.25
Stealthy22: calls $0.15
doom069: checks 
*** FLOP *** [Kd Qs Tc]
Stealthy22: checks 
doom069: checks 
idraug: checks 
*** TURN *** [Kd Qs Tc] [Qc]
Stealthy22: bets $0.50
doom069: calls $0.50
idraug: calls $0.50
*** RIVER *** [Kd Qs Tc Qc] [Ad]
Stealthy22: bets $0.75
doom069: calls $0.75
idraug: folds 
*** SHOW DOWN ***
Stealthy22: shows [Jh 5c] (a straight, Ten to Ace)
doom069: mucks hand 
Stealthy22 collected $3.60 from pot
*** SUMMARY ***
Total pot $3.75 | Rake $0.15 
Board [Kd Qs Tc Qc Ad]
Seat 1: idraug (button) folded on the River
Seat 2: Stealthy22 (small blind) showed [Jh 5c] and won ($3.60) with a straight, Ten to Ace
Seat 3: doom069 (big blind) mucked [Qd 6h]
Seat 4: Alameda22 folded before Flop (didn't bet)
Seat 5: DeadEndKev folded before Flop (didn't bet)
Seat 6: Shteebie folded before Flop (didn't bet)
Seat 8: ddprice folded before Flop (didn't bet)
Seat 9: TioRicoLPP folded before Flop (didn't bet)



PokerStars Game #20081343575:  Hold'em No Limit ($0.10/$0.25) - 2008/09/01 - 22:56:52 (ET)
Table 'Sigelinde IV' 9-max Seat #2 is the button
Seat 1: idraug ($14.25 in chips) 
Seat 2: Stealthy22 ($25.10 in chips) 
Seat 3: doom069 ($31.10 in chips) 
Seat 4: Alameda22 ($20.55 in chips) 
Seat 5: DeadEndKev ($27.05 in chips) 
Seat 6: Shteebie ($16.05 in chips) 
Seat 8: ddprice ($11.30 in chips) 
Seat 9: TioRicoLPP ($23.75 in chips) 
doom069: posts small blind $0.10
Alameda22: posts big blind $0.25
Hunraken88: sits out 
*** HOLE CARDS ***
Dealt to Alameda22 [3d 6s]
DeadEndKev: folds 
Shteebie: calls $0.25
ddprice: calls $0.25
TioRicoLPP: folds 
idraug: folds 
Stealthy22: folds 
doom069: folds 
Alameda22: checks 
*** FLOP *** [3s 8h 7s]
Alameda22: checks 
Shteebie: bets $1.50
ddprice: folds 
Alameda22: folds 
Uncalled bet ($1.50) returned to Shteebie
Shteebie collected $0.85 from pot
Shteebie: doesn't show hand 
*** SUMMARY ***
Total pot $0.85 | Rake $0 
Board [3s 8h 7s]
Seat 1: idraug folded before Flop (didn't bet)
Seat 2: Stealthy22 (button) folded before Flop (didn't bet)
Seat 3: doom069 (small blind) folded before Flop
Seat 4: Alameda22 (big blind) folded on the Flop
Seat 5: DeadEndKev folded before Flop (didn't bet)
Seat 6: Shteebie collected ($0.85)
Seat 8: ddprice folded on the Flop
Seat 9: TioRicoLPP folded before Flop (didn't bet)



PokerStars Game #20081362152:  Hold'em No Limit ($0.10/$0.25) - 2008/09/01 - 22:57:44 (ET)
Table 'Sigelinde IV' 9-max Seat #3 is the button
Seat 1: idraug ($14.25 in chips) 
Seat 2: Stealthy22 ($25.10 in chips) 
Seat 3: doom069 ($31 in chips) 
Seat 4: Alameda22 ($20.30 in chips) 
Seat 5: DeadEndKev ($27.05 in chips) 
Seat 6: Shteebie ($16.65 in chips) 
Seat 8: ddprice ($11.05 in chips) 
Seat 9: TioRicoLPP ($23.75 in chips) 
Alameda22: posts small blind $0.10
DeadEndKev: posts big blind $0.25
Hunraken88: sits out 
*** HOLE CARDS ***
Dealt to Alameda22 [Ah 6c]
Shteebie: folds 
ddprice: folds 
TioRicoLPP: raises $0.75 to $1
idraug: folds 
Stealthy22: folds 
doom069: folds 
Alameda22: folds 
DeadEndKev: folds 
Uncalled bet ($0.75) returned to TioRicoLPP
TioRicoLPP collected $0.60 from pot
TioRicoLPP: doesn't show hand 
*** SUMMARY ***
Total pot $0.60 | Rake $0 
Seat 1: idraug folded before Flop (didn't bet)
Seat 2: Stealthy22 folded before Flop (didn't bet)
Seat 3: doom069 (button) folded before Flop (didn't bet)
Seat 4: Alameda22 (small blind) folded before Flop
Seat 5: DeadEndKev (big blind) folded before Flop
Seat 6: Shteebie folded before Flop (didn't bet)
Seat 8: ddprice folded before Flop (didn't bet)
Seat 9: TioRicoLPP collected ($0.60)



PokerStars Game #20081372503:  Hold'em No Limit ($0.10/$0.25) - 2008/09/01 - 22:58:13 (ET)
Table 'Sigelinde IV' 9-max Seat #4 is the button
Seat 1: idraug ($14.25 in chips) 
Seat 2: Stealthy22 ($25.10 in chips) 
Seat 3: doom069 ($31 in chips) 
Seat 4: Alameda22 ($20.20 in chips) 
Seat 5: DeadEndKev ($26.80 in chips) 
Seat 6: Shteebie ($16.65 in chips) 
Seat 8: ddprice ($11.05 in chips) 
Seat 9: TioRicoLPP ($24.10 in chips) 
DeadEndKev: posts small blind $0.10
Shteebie: posts big blind $0.25
Hunraken88: sits out 
*** HOLE CARDS ***
Dealt to Alameda22 [Ks 7s]
ddprice: folds 
TioRicoLPP: folds 
idraug: raises $0.50 to $0.75
Stealthy22: folds 
doom069: folds 
Stealthy22 leaves the table
Alameda22: folds 
DeadEndKev: folds 
Shteebie: folds 
Uncalled bet ($0.50) returned to idraug
idraug collected $0.60 from pot
idraug: doesn't show hand 
*** SUMMARY ***
Total pot $0.60 | Rake $0 
Seat 1: idraug collected ($0.60)
Seat 2: Stealthy22 folded before Flop (didn't bet)
Seat 3: doom069 folded before Flop (didn't bet)
Seat 4: Alameda22 (button) folded before Flop (didn't bet)
Seat 5: DeadEndKev (small blind) folded before Flop
Seat 6: Shteebie (big blind) folded before Flop
Seat 8: ddprice folded before Flop (didn't bet)
Seat 9: TioRicoLPP folded before Flop (didn't bet)



PokerStars Game #20081385823:  Hold'em No Limit ($0.10/$0.25) - 2008/09/01 - 22:58:50 (ET)
Table 'Sigelinde IV' 9-max Seat #5 is the button
Seat 1: idraug ($14.60 in chips) 
Seat 3: doom069 ($31 in chips) 
Seat 4: Alameda22 ($20.20 in chips) 
Seat 5: DeadEndKev ($26.70 in chips) 
Seat 6: Shteebie ($16.40 in chips) 
Seat 7: Hunraken88 ($15 in chips) 
Seat 8: ddprice ($11.05 in chips) 
Seat 9: TioRicoLPP ($24.10 in chips) 
Shteebie: posts small blind $0.10
Hunraken88: posts big blind $0.25
*** HOLE CARDS ***
Dealt to Alameda22 [Ad 6c]
ddprice: folds 
TioRicoLPP: folds 
idraug: folds 
doom069: folds 
Alameda22: folds 
DeadEndKev: folds 
Shteebie: folds 
Uncalled bet ($0.15) returned to Hunraken88
agba83 joins the table at seat #2 
Hunraken88 collected $0.20 from pot
Hunraken88: doesn't show hand 
*** SUMMARY ***
Total pot $0.20 | Rake $0 
Seat 1: idraug folded before Flop (didn't bet)
Seat 3: doom069 folded before Flop (didn't bet)
Seat 4: Alameda22 folded before Flop (didn't bet)
Seat 5: DeadEndKev (button) folded before Flop (didn't bet)
Seat 6: Shteebie (small blind) folded before Flop
Seat 7: Hunraken88 (big blind) collected ($0.20)
Seat 8: ddprice folded before Flop (didn't bet)
Seat 9: TioRicoLPP folded before Flop (didn't bet)



PokerStars Game #20081399641:  Hold'em No Limit ($0.10/$0.25) - 2008/09/01 - 22:59:30 (ET)
Table 'Sigelinde IV' 9-max Seat #6 is the button
Seat 1: idraug ($14.60 in chips) 
Seat 3: doom069 ($31 in chips) 
Seat 4: Alameda22 ($20.20 in chips) 
Seat 5: DeadEndKev ($26.70 in chips) 
Seat 6: Shteebie ($16.30 in chips) 
Seat 7: Hunraken88 ($15.10 in chips) 
Seat 8: ddprice ($11.05 in chips) 
Seat 9: TioRicoLPP ($24.10 in chips) 
Hunraken88: posts small blind $0.10
ddprice: posts big blind $0.25
agba83: sits out 
*** HOLE CARDS ***
Dealt to Alameda22 [Td 5c]
TioRicoLPP: folds 
idraug: folds 
doom069: folds 
Alameda22: folds 
DeadEndKev: folds 
Shteebie: folds 
Hunraken88: calls $0.15
ddprice: checks 
*** FLOP *** [2h 7s Qc]
Hunraken88: bets $0.50
ddprice: folds 
Uncalled bet ($0.50) returned to Hunraken88
Hunraken88 collected $0.50 from pot
Hunraken88: doesn't show hand 
*** SUMMARY ***
Total pot $0.50 | Rake $0 
Board [2h 7s Qc]
Seat 1: idraug folded before Flop (didn't bet)
Seat 3: doom069 folded before Flop (didn't bet)
Seat 4: Alameda22 folded before Flop (didn't bet)
Seat 5: DeadEndKev folded before Flop (didn't bet)
Seat 6: Shteebie (button) folded before Flop (didn't bet)
Seat 7: Hunraken88 (small blind) collected ($0.50)
Seat 8: ddprice (big blind) folded on the Flop
Seat 9: TioRicoLPP folded before Flop (didn't bet)



PokerStars Game #20081423594:  Hold'em No Limit ($0.10/$0.25) - 2008/09/01 - 23:00:37 (ET)
Table 'Sigelinde IV' 9-max Seat #7 is the button
Seat 1: idraug ($14.60 in chips) 
Seat 3: doom069 ($31 in chips) 
Seat 4: Alameda22 ($20.20 in chips) 
Seat 5: DeadEndKev ($26.70 in chips) 
Seat 6: Shteebie ($16.30 in chips) 
Seat 7: Hunraken88 ($15.35 in chips) 
Seat 8: ddprice ($10.80 in chips) 
Seat 9: TioRicoLPP ($24.10 in chips) 
ddprice: posts small blind $0.10
TioRicoLPP: posts big blind $0.25
agba83: sits out 
*** HOLE CARDS ***
Dealt to Alameda22 [5s 8d]
idraug: folds 
doom069: folds 
Alameda22: folds 
DeadEndKev: folds 
Shteebie: folds 
Hunraken88: folds 
ddprice: calls $0.15
TioRicoLPP: checks 
*** FLOP *** [5d 4s 9c]
ddprice: bets $0.25
TioRicoLPP: folds 
Uncalled bet ($0.25) returned to ddprice
ddprice collected $0.50 from pot
ddprice: doesn't show hand 
*** SUMMARY ***
Total pot $0.50 | Rake $0 
Board [5d 4s 9c]
Seat 1: idraug folded before Flop (didn't bet)
Seat 3: doom069 folded before Flop (didn't bet)
Seat 4: Alameda22 folded before Flop (didn't bet)
Seat 5: DeadEndKev folded before Flop (didn't bet)
Seat 6: Shteebie folded before Flop (didn't bet)
Seat 7: Hunraken88 (button) folded before Flop (didn't bet)
Seat 8: ddprice (small blind) collected ($0.50)
Seat 9: TioRicoLPP (big blind) folded on the Flop



PokerStars Game #20081443486:  Hold'em No Limit ($0.10/$0.25) - 2008/09/01 - 23:01:34 (ET)
Table 'Sigelinde IV' 9-max Seat #8 is the button
Seat 1: idraug ($14.60 in chips) 
Seat 3: doom069 ($31 in chips) 
Seat 4: Alameda22 ($20.20 in chips) 
Seat 5: DeadEndKev ($26.70 in chips) 
Seat 6: Shteebie ($16.30 in chips) 
Seat 7: Hunraken88 ($15.35 in chips) 
Seat 8: ddprice ($11.05 in chips) 
Seat 9: TioRicoLPP ($23.85 in chips) 
TioRicoLPP: posts small blind $0.10
idraug: posts big blind $0.25
agba83: sits out 
*** HOLE CARDS ***
Dealt to Alameda22 [6h 7h]
doom069: folds 
Alameda22: folds 
DeadEndKev: folds 
Shteebie: folds 
Hunraken88: folds 
ddprice: folds 
TioRicoLPP: folds 
Uncalled bet ($0.15) returned to idraug
idraug collected $0.20 from pot
*** SUMMARY ***
Total pot $0.20 | Rake $0 
Seat 1: idraug (big blind) collected ($0.20)
Seat 3: doom069 folded before Flop (didn't bet)
Seat 4: Alameda22 folded before Flop (didn't bet)
Seat 5: DeadEndKev folded before Flop (didn't bet)
Seat 6: Shteebie folded before Flop (didn't bet)
Seat 7: Hunraken88 folded before Flop (didn't bet)
Seat 8: ddprice (button) folded before Flop (didn't bet)
Seat 9: TioRicoLPP (small blind) folded before Flop



PokerStars Game #20081456225:  Hold'em No Limit ($0.10/$0.25) - 2008/09/01 - 23:02:10 (ET)
Table 'Sigelinde IV' 9-max Seat #9 is the button
Seat 1: idraug ($14.70 in chips) 
Seat 2: agba83 ($5 in chips) 
Seat 3: doom069 ($31 in chips) 
Seat 4: Alameda22 ($20.20 in chips) 
Seat 5: DeadEndKev ($26.70 in chips) 
Seat 6: Shteebie ($16.30 in chips) 
Seat 7: Hunraken88 ($15.35 in chips) 
Seat 8: ddprice ($11.05 in chips) 
Seat 9: TioRicoLPP ($23.75 in chips) 
idraug: posts small blind $0.10
agba83: posts big blind $0.25
*** HOLE CARDS ***
Dealt to Alameda22 [As Kc]
doom069: folds 
Alameda22: raises $0.75 to $1
DeadEndKev: folds 
Shteebie: folds 
Hunraken88: folds 
ddprice: folds 
TioRicoLPP: folds 
idraug: folds 
agba83: folds 
Uncalled bet ($0.75) returned to Alameda22
Alameda22 collected $0.60 from pot
Alameda22: doesn't show hand 
*** SUMMARY ***
Total pot $0.60 | Rake $0 
Seat 1: idraug (small blind) folded before Flop
Seat 2: agba83 (big blind) folded before Flop
Seat 3: doom069 folded before Flop (didn't bet)
Seat 4: Alameda22 collected ($0.60)
Seat 5: DeadEndKev folded before Flop (didn't bet)
Seat 6: Shteebie folded before Flop (didn't bet)
Seat 7: Hunraken88 folded before Flop (didn't bet)
Seat 8: ddprice folded before Flop (didn't bet)
Seat 9: TioRicoLPP (button) folded before Flop (didn't bet)



PokerStars Game #20081480004:  Hold'em No Limit ($0.10/$0.25) - 2008/09/01 - 23:03:19 (ET)
Table 'Sigelinde IV' 9-max Seat #1 is the button
Seat 1: idraug ($14.60 in chips) 
Seat 2: agba83 ($4.75 in chips) 
Seat 3: doom069 ($31 in chips) 
Seat 4: Alameda22 ($20.55 in chips) 
Seat 5: DeadEndKev ($26.70 in chips) 
Seat 6: Shteebie ($16.30 in chips) 
Seat 7: Hunraken88 ($15.35 in chips) 
Seat 8: ddprice ($11.05 in chips) 
Seat 9: TioRicoLPP ($23.75 in chips) 
agba83: posts small blind $0.10
doom069: posts big blind $0.25
*** HOLE CARDS ***
Dealt to Alameda22 [Kc 7s]
Alameda22: folds 
DeadEndKev: folds 
Shteebie: folds 
Hunraken88: folds 
ddprice: folds 
TioRicoLPP: raises $0.75 to $1
idraug: folds 
agba83: folds 
doom069: folds 
Uncalled bet ($0.75) returned to TioRicoLPP
TioRicoLPP collected $0.60 from pot
TioRicoLPP: doesn't show hand 
*** SUMMARY ***
Total pot $0.60 | Rake $0 
Seat 1: idraug (button) folded before Flop (didn't bet)
Seat 2: agba83 (small blind) folded before Flop
Seat 3: doom069 (big blind) folded before Flop
Seat 4: Alameda22 folded before Flop (didn't bet)
Seat 5: DeadEndKev folded before Flop (didn't bet)
Seat 6: Shteebie folded before Flop (didn't bet)
Seat 7: Hunraken88 folded before Flop (didn't bet)
Seat 8: ddprice folded before Flop (didn't bet)
Seat 9: TioRicoLPP collected ($0.60)



PokerStars Game #20081493449:  Hold'em No Limit ($0.10/$0.25) - 2008/09/01 - 23:03:57 (ET)
Table 'Sigelinde IV' 9-max Seat #2 is the button
Seat 1: idraug ($14.60 in chips) 
Seat 2: agba83 ($4.65 in chips) 
Seat 3: doom069 ($30.75 in chips) 
Seat 4: Alameda22 ($20.55 in chips) 
Seat 5: DeadEndKev ($26.70 in chips) 
Seat 6: Shteebie ($16.30 in chips) 
Seat 7: Hunraken88 ($15.35 in chips) 
Seat 8: ddprice ($11.05 in chips) 
Seat 9: TioRicoLPP ($24.10 in chips) 
doom069: posts small blind $0.10
Alameda22: posts big blind $0.25
*** HOLE CARDS ***
Dealt to Alameda22 [Jd 3h]
DeadEndKev: calls $0.25
Shteebie: folds 
Hunraken88: folds 
ddprice: calls $0.25
TioRicoLPP: calls $0.25
idraug: folds 
agba83: calls $0.25
doom069: folds 
Alameda22: checks 
*** FLOP *** [8d 2s 9s]
Alameda22: checks 
DeadEndKev: checks 
ddprice: bets $0.25
TioRicoLPP: raises $0.75 to $1
agba83: calls $1
Alameda22: folds 
DeadEndKev: folds 
ddprice: folds 
*** TURN *** [8d 2s 9s] [8s]
TioRicoLPP: checks 
agba83: bets $1
TioRicoLPP: folds 
Uncalled bet ($1) returned to agba83
agba83 collected $3.45 from pot
agba83: doesn't show hand 
*** SUMMARY ***
Total pot $3.60 | Rake $0.15 
Board [8d 2s 9s 8s]
Seat 1: idraug folded before Flop (didn't bet)
Seat 2: agba83 (button) collected ($3.45)
Seat 3: doom069 (small blind) folded before Flop
Seat 4: Alameda22 (big blind) folded on the Flop
Seat 5: DeadEndKev folded on the Flop
Seat 6: Shteebie folded before Flop (didn't bet)
Seat 7: Hunraken88 folded before Flop (didn't bet)
Seat 8: ddprice folded on the Flop
Seat 9: TioRicoLPP folded on the Turn



PokerStars Game #20081535024:  Hold'em No Limit ($0.10/$0.25) - 2008/09/01 - 23:05:57 (ET)
Table 'Sigelinde IV' 9-max Seat #3 is the button
Seat 1: idraug ($14.60 in chips) 
Seat 2: agba83 ($6.85 in chips) 
Seat 3: doom069 ($30.65 in chips) 
Seat 4: Alameda22 ($20.30 in chips) 
Seat 5: DeadEndKev ($26.45 in chips) 
Seat 6: Shteebie ($16.30 in chips) 
Seat 7: Hunraken88 ($15.35 in chips) 
Seat 8: ddprice ($10.55 in chips) 
Seat 9: TioRicoLPP ($22.85 in chips) 
Alameda22: posts small blind $0.10
DeadEndKev: posts big blind $0.25
*** HOLE CARDS ***
Dealt to Alameda22 [2d 9s]
Shteebie: calls $0.25
Hunraken88: folds 
ddprice: calls $0.25
TioRicoLPP: calls $0.25
idraug: raises $0.55 to $0.80
agba83: folds 
doom069: folds 
Alameda22: folds 
DeadEndKev: folds 
Shteebie: calls $0.55
ddprice: calls $0.55
TioRicoLPP: calls $0.55
*** FLOP *** [3h Tc Td]
Shteebie: checks 
ddprice: bets $1
TioRicoLPP: folds 
idraug: calls $1
Shteebie: raises $1 to $2
ddprice: calls $1
idraug: folds 
*** TURN *** [3h Tc Td] [5d]
Shteebie: bets $11
ddprice: calls $7.75 and is all-in
Uncalled bet ($3.25) returned to Shteebie
*** RIVER *** [3h Tc Td 5d] [8h]
*** SHOW DOWN ***
Shteebie: shows [Ts 7s] (three of a kind, Tens)
ddprice: shows [Th Ah] (three of a kind, Tens - Ace kicker)
ddprice collected $22.90 from pot
*** SUMMARY ***
Total pot $24.05 | Rake $1.15 
Board [3h Tc Td 5d 8h]
Seat 1: idraug folded on the Flop
Seat 2: agba83 folded before Flop (didn't bet)
Seat 3: doom069 (button) folded before Flop (didn't bet)
Seat 4: Alameda22 (small blind) folded before Flop
Seat 5: DeadEndKev (big blind) folded before Flop
Seat 6: Shteebie showed [Ts 7s] and lost with three of a kind, Tens
Seat 7: Hunraken88 folded before Flop (didn't bet)
Seat 8: ddprice showed [Th Ah] and won ($22.90) with three of a kind, Tens
Seat 9: TioRicoLPP folded on the Flop



PokerStars Game #20081565336:  Hold'em No Limit ($0.10/$0.25) - 2008/09/01 - 23:07:24 (ET)
Table 'Sigelinde IV' 9-max Seat #4 is the button
Seat 1: idraug ($12.80 in chips) 
Seat 2: agba83 ($6.85 in chips) 
Seat 3: doom069 ($30.65 in chips) 
Seat 4: Alameda22 ($20.20 in chips) 
Seat 5: DeadEndKev ($26.20 in chips) 
Seat 6: Shteebie ($5.75 in chips) 
Seat 7: Hunraken88 ($15.35 in chips) 
Seat 8: ddprice ($22.90 in chips) 
Seat 9: TioRicoLPP ($22.05 in chips) 
DeadEndKev: posts small blind $0.10
Shteebie: posts big blind $0.25
*** HOLE CARDS ***
Dealt to Alameda22 [Ks 9h]
Shteebie said, "lol, nh, bad flop"
Hunraken88: folds 
ddprice: calls $0.25
TioRicoLPP: folds 
idraug: raises $0.50 to $0.75
agba83: folds 
doom069: folds 
Alameda22: folds 
DeadEndKev: folds 
Shteebie: calls $0.50
ddprice: folds 
*** FLOP *** [2d Kc 3h]
Shteebie: checks 
idraug: bets $1
Shteebie: folds 
Uncalled bet ($1) returned to idraug
idraug collected $1.80 from pot
*** SUMMARY ***
Total pot $1.85 | Rake $0.05 
Board [2d Kc 3h]
Seat 1: idraug collected ($1.80)
Seat 2: agba83 folded before Flop (didn't bet)
Seat 3: doom069 folded before Flop (didn't bet)
Seat 4: Alameda22 (button) folded before Flop (didn't bet)
Seat 5: DeadEndKev (small blind) folded before Flop
Seat 6: Shteebie (big blind) folded on the Flop
Seat 7: Hunraken88 folded before Flop (didn't bet)
Seat 8: ddprice folded before Flop
Seat 9: TioRicoLPP folded before Flop (didn't bet)



PokerStars Game #20081587053:  Hold'em No Limit ($0.10/$0.25) - 2008/09/01 - 23:08:27 (ET)
Table 'Sigelinde IV' 9-max Seat #5 is the button
Seat 1: idraug ($13.85 in chips) 
Seat 2: agba83 ($6.85 in chips) 
Seat 3: doom069 ($30.65 in chips) 
Seat 4: Alameda22 ($20.20 in chips) 
Seat 5: DeadEndKev ($26.10 in chips) 
Seat 6: Shteebie ($5 in chips) 
Seat 7: Hunraken88 ($15.35 in chips) 
Seat 8: ddprice ($22.65 in chips) 
Seat 9: TioRicoLPP ($22.05 in chips) 
Shteebie: posts small blind $0.10
Hunraken88: posts big blind $0.25
*** HOLE CARDS ***
Dealt to Alameda22 [8c 7s]
ddprice: calls $0.25
TioRicoLPP: folds 
idraug: folds 
agba83: calls $0.25
doom069: folds 
Alameda22: folds 
DeadEndKev: folds 
Shteebie: calls $0.15
Hunraken88: checks 
*** FLOP *** [8s 2d 7d]
Shteebie: checks 
Hunraken88: checks 
ddprice: checks 
agba83: checks 
*** TURN *** [8s 2d 7d] [9s]
Shteebie: bets $0.75
Hunraken88: folds 
ddprice: folds 
agba83: calls $0.75
*** RIVER *** [8s 2d 7d 9s] [Jd]
Shteebie: checks 
agba83: bets $0.25
Shteebie: calls $0.25
*** SHOW DOWN ***
agba83: shows [5s 5h] (a pair of Fives)
Shteebie: shows [8h 9c] (two pair, Nines and Eights)
Shteebie collected $2.90 from pot
*** SUMMARY ***
Total pot $3 | Rake $0.10 
Board [8s 2d 7d 9s Jd]
Seat 1: idraug folded before Flop (didn't bet)
Seat 2: agba83 showed [5s 5h] and lost with a pair of Fives
Seat 3: doom069 folded before Flop (didn't bet)
Seat 4: Alameda22 folded before Flop (didn't bet)
Seat 5: DeadEndKev (button) folded before Flop (didn't bet)
Seat 6: Shteebie (small blind) showed [8h 9c] and won ($2.90) with two pair, Nines and Eights
Seat 7: Hunraken88 (big blind) folded on the Turn
Seat 8: ddprice folded on the Turn
Seat 9: TioRicoLPP folded before Flop (didn't bet)



PokerStars Game #20081614557:  Hold'em No Limit ($0.10/$0.25) - 2008/09/01 - 23:09:47 (ET)
Table 'Sigelinde IV' 9-max Seat #6 is the button
Seat 1: idraug ($13.85 in chips) 
Seat 2: agba83 ($5.60 in chips) 
Seat 3: doom069 ($30.65 in chips) 
Seat 4: Alameda22 ($20.20 in chips) 
Seat 5: DeadEndKev ($26.10 in chips) 
Seat 6: Shteebie ($6.65 in chips) 
Seat 7: Hunraken88 ($15.10 in chips) 
Seat 8: ddprice ($22.40 in chips) 
Seat 9: TioRicoLPP ($22.05 in chips) 
Hunraken88: posts small blind $0.10
ddprice: posts big blind $0.25
*** HOLE CARDS ***
Dealt to Alameda22 [8s Qd]
TioRicoLPP: calls $0.25
idraug: raises $0.50 to $0.75
agba83: folds 
doom069: folds 
Alameda22: folds 
DeadEndKev: folds 
Shteebie: folds 
Hunraken88: folds 
ddprice: folds 
TioRicoLPP: calls $0.50
*** FLOP *** [2c Qs Jh]
TioRicoLPP: checks 
idraug: bets $1
TioRicoLPP: folds 
Uncalled bet ($1) returned to idraug
idraug collected $1.80 from pot
*** SUMMARY ***
Total pot $1.85 | Rake $0.05 
Board [2c Qs Jh]
Seat 1: idraug collected ($1.80)
Seat 2: agba83 folded before Flop (didn't bet)
Seat 3: doom069 folded before Flop (didn't bet)
Seat 4: Alameda22 folded before Flop (didn't bet)
Seat 5: DeadEndKev folded before Flop (didn't bet)
Seat 6: Shteebie (button) folded before Flop (didn't bet)
Seat 7: Hunraken88 (small blind) folded before Flop
Seat 8: ddprice (big blind) folded before Flop
Seat 9: TioRicoLPP folded on the Flop



PokerStars Game #20081639353:  Hold'em No Limit ($0.10/$0.25) - 2008/09/01 - 23:11:00 (ET)
Table 'Sigelinde IV' 9-max Seat #7 is the button
Seat 1: idraug ($14.90 in chips) 
Seat 2: agba83 ($5.60 in chips) 
Seat 3: doom069 ($30.65 in chips) 
Seat 4: Alameda22 ($20.20 in chips) 
Seat 5: DeadEndKev ($26.10 in chips) 
Seat 6: Shteebie ($6.65 in chips) 
Seat 7: Hunraken88 ($15 in chips) 
Seat 8: ddprice ($22.15 in chips) 
Seat 9: TioRicoLPP ($21.30 in chips) 
ddprice: posts small blind $0.10
TioRicoLPP: posts big blind $0.25
*** HOLE CARDS ***
Dealt to Alameda22 [5d Kc]
idraug: folds 
agba83: folds 
doom069: folds 
Alameda22: folds 
idraug leaves the table
DeadEndKev: folds 
Shteebie: raises $1 to $1.25
kanns joins the table at seat #1 
Hunraken88: calls $1.25
ddprice: folds 
TioRicoLPP: folds 
*** FLOP *** [Kh 9s 2c]
TioRicoLPP leaves the table
Shteebie: checks 
Hunraken88: bets $2
Shteebie: folds 
Uncalled bet ($2) returned to Hunraken88
Hunraken88 collected $2.75 from pot
Hunraken88: doesn't show hand 
*** SUMMARY ***
Total pot $2.85 | Rake $0.10 
Board [Kh 9s 2c]
Seat 1: idraug folded before Flop (didn't bet)
Seat 2: agba83 folded before Flop (didn't bet)
Seat 3: doom069 folded before Flop (didn't bet)
Seat 4: Alameda22 folded before Flop (didn't bet)
Seat 5: DeadEndKev folded before Flop (didn't bet)
Seat 6: Shteebie folded on the Flop
Seat 7: Hunraken88 (button) collected ($2.75)
Seat 8: ddprice (small blind) folded before Flop
Seat 9: TioRicoLPP (big blind) folded before Flop



PokerStars Game #20081661511:  Hold'em No Limit ($0.10/$0.25) - 2008/09/01 - 23:12:05 (ET)
Table 'Sigelinde IV' 9-max Seat #8 is the button
Seat 2: agba83 ($5.60 in chips) 
Seat 3: doom069 ($30.65 in chips) 
Seat 4: Alameda22 ($20.20 in chips) 
Seat 5: DeadEndKev ($26.10 in chips) 
Seat 6: Shteebie ($5.40 in chips) 
Seat 7: Hunraken88 ($16.50 in chips) 
Seat 8: ddprice ($22.05 in chips) 
kanns will be allowed to play after the button
agba83: posts small blind $0.10
doom069: posts big blind $0.25
*** HOLE CARDS ***
Dealt to Alameda22 [3s 4c]
Alameda22: folds 
DeadEndKev: folds 
Shteebie: folds 
Hunraken88: folds 
ddprice: raises $0.25 to $0.50
agba83: calls $0.40
doom069: folds 
*** FLOP *** [9h Jd 3c]
agba83: checks 
ddprice: bets $0.25
agba83: calls $0.25
*** TURN *** [9h Jd 3c] [9d]
durward3 joins the table at seat #9 
agba83: checks 
ddprice: bets $0.50
agba83: calls $0.50
*** RIVER *** [9h Jd 3c 9d] [Ks]
agba83: bets $0.75
ddprice: folds 
Uncalled bet ($0.75) returned to agba83
agba83 collected $2.65 from pot
agba83: doesn't show hand 
*** SUMMARY ***
Total pot $2.75 | Rake $0.10 
Board [9h Jd 3c 9d Ks]
Seat 2: agba83 (small blind) collected ($2.65)
Seat 3: doom069 (big blind) folded before Flop
Seat 4: Alameda22 folded before Flop (didn't bet)
Seat 5: DeadEndKev folded before Flop (didn't bet)
Seat 6: Shteebie folded before Flop (didn't bet)
Seat 7: Hunraken88 folded before Flop (didn't bet)
Seat 8: ddprice (button) folded on the River



PokerStars Game #20081695149:  Hold'em No Limit ($0.10/$0.25) - 2008/09/01 - 23:13:45 (ET)
Table 'Sigelinde IV' 9-max Seat #2 is the button
Seat 1: kanns ($5 in chips) 
Seat 2: agba83 ($7 in chips) 
Seat 3: doom069 ($30.40 in chips) 
Seat 4: Alameda22 ($20.20 in chips) 
Seat 5: DeadEndKev ($26.10 in chips) 
Seat 6: Shteebie ($5.40 in chips) 
Seat 7: Hunraken88 ($16.50 in chips) 
Seat 8: ddprice ($20.80 in chips) 
Seat 9: durward3 ($10 in chips) 
doom069: posts small blind $0.10
Alameda22: posts big blind $0.25
durward3: posts big blind $0.25
kanns: posts big blind $0.25
*** HOLE CARDS ***
Dealt to Alameda22 [Ac Qh]
DeadEndKev: folds 
Shteebie: folds 
Hunraken88: folds 
ddprice: folds 
durward3: checks 
kanns: checks 
agba83: calls $0.25
doom069: folds 
Alameda22: checks 
*** FLOP *** [4s Tc Kh]
Alameda22: checks 
durward3: checks 
kanns: checks 
agba83: checks 
*** TURN *** [4s Tc Kh] [5d]
Shteebie leaves the table
Alameda22: checks 
durward3: checks 
kanns: checks 
agba83: bets $0.50
Alameda22: folds 
durward3: calls $0.50
kanns: folds 
*** RIVER *** [4s Tc Kh 5d] [7c]
durward3: checks 
agba83: bets $1
durward3: folds 
Uncalled bet ($1) returned to agba83
agba83 collected $2 from pot
agba83: doesn't show hand 
*** SUMMARY ***
Total pot $2.10 | Rake $0.10 
Board [4s Tc Kh 5d 7c]
Seat 1: kanns folded on the Turn
Seat 2: agba83 (button) collected ($2)
Seat 3: doom069 (small blind) folded before Flop
Seat 4: Alameda22 (big blind) folded on the Turn
Seat 5: DeadEndKev folded before Flop (didn't bet)
Seat 6: Shteebie folded before Flop (didn't bet)
Seat 7: Hunraken88 folded before Flop (didn't bet)
Seat 8: ddprice folded before Flop (didn't bet)
Seat 9: durward3 folded on the River



PokerStars Game #20081738569:  Hold'em No Limit ($0.10/$0.25) - 2008/09/01 - 23:15:55 (ET)
Table 'Sigelinde IV' 9-max Seat #3 is the button
Seat 1: kanns ($4.75 in chips) 
Seat 2: agba83 ($8.25 in chips) 
Seat 3: doom069 ($30.30 in chips) 
Seat 4: Alameda22 ($19.95 in chips) 
Seat 5: DeadEndKev ($26.10 in chips) 
Seat 7: Hunraken88 ($16.50 in chips) 
Seat 8: ddprice ($20.80 in chips) 
Seat 9: durward3 ($9.25 in chips) 
Alameda22: posts small blind $0.10
DeadEndKev: posts big blind $0.25
*** HOLE CARDS ***
Dealt to Alameda22 [8h 5d]
jimb1313 joins the table at seat #6 
Hunraken88: folds 
ddprice: folds 
durward3: folds 
kanns: folds 
agba83: folds 
doom069: folds 
Alameda22: folds 
Uncalled bet ($0.15) returned to DeadEndKev
DeadEndKev collected $0.20 from pot
DeadEndKev: doesn't show hand 
*** SUMMARY ***
Total pot $0.20 | Rake $0 
Seat 1: kanns folded before Flop (didn't bet)
Seat 2: agba83 folded before Flop (didn't bet)
Seat 3: doom069 (button) folded before Flop (didn't bet)
Seat 4: Alameda22 (small blind) folded before Flop
Seat 5: DeadEndKev (big blind) collected ($0.20)
Seat 7: Hunraken88 folded before Flop (didn't bet)
Seat 8: ddprice folded before Flop (didn't bet)
Seat 9: durward3 folded before Flop (didn't bet)



PokerStars Game #20081751193:  Hold'em No Limit ($0.10/$0.25) - 2008/09/01 - 23:16:33 (ET)
Table 'Sigelinde IV' 9-max Seat #4 is the button
Seat 1: kanns ($4.75 in chips) 
Seat 2: agba83 ($8.25 in chips) 
Seat 3: doom069 ($30.30 in chips) 
Seat 4: Alameda22 ($19.85 in chips) 
Seat 5: DeadEndKev ($26.20 in chips) 
Seat 6: jimb1313 ($25 in chips) 
Seat 7: Hunraken88 ($16.50 in chips) 
Seat 8: ddprice ($20.80 in chips) 
Seat 9: durward3 ($9.25 in chips) 
DeadEndKev: posts small blind $0.10
jimb1313: posts big blind $0.25
*** HOLE CARDS ***
Dealt to Alameda22 [Ad 4s]
Hunraken88: folds 
ddprice: folds 
durward3: folds 
kanns: raises $0.50 to $0.75
agba83: calls $0.75
doom069: folds 
Alameda22: folds 
DeadEndKev: folds 
jimb1313: folds 
*** FLOP *** [Js 2c 7c]
kanns: bets $0.75
agba83: raises $1.25 to $2
kanns: calls $1.25
*** TURN *** [Js 2c 7c] [Qc]
kanns: bets $2 and is all-in
agba83: calls $2
*** RIVER *** [Js 2c 7c Qc] [9d]
*** SHOW DOWN ***
kanns: shows [Qs Jh] (two pair, Queens and Jacks)
agba83: mucks hand 
kanns collected $9.40 from pot
*** SUMMARY ***
Total pot $9.85 | Rake $0.45 
Board [Js 2c 7c Qc 9d]
Seat 1: kanns showed [Qs Jh] and won ($9.40) with two pair, Queens and Jacks
Seat 2: agba83 mucked [3d Kd]
Seat 3: doom069 folded before Flop (didn't bet)
Seat 4: Alameda22 (button) folded before Flop (didn't bet)
Seat 5: DeadEndKev (small blind) folded before Flop
Seat 6: jimb1313 (big blind) folded before Flop
Seat 7: Hunraken88 folded before Flop (didn't bet)
Seat 8: ddprice folded before Flop (didn't bet)
Seat 9: durward3 folded before Flop (didn't bet)



PokerStars Game #20081772508:  Hold'em No Limit ($0.10/$0.25) - 2008/09/01 - 23:17:37 (ET)
Table 'Sigelinde IV' 9-max Seat #5 is the button
Seat 1: kanns ($9.40 in chips) 
Seat 2: agba83 ($3.50 in chips) 
Seat 3: doom069 ($30.30 in chips) 
Seat 4: Alameda22 ($19.85 in chips) 
Seat 5: DeadEndKev ($26.10 in chips) 
Seat 6: jimb1313 ($24.75 in chips) 
Seat 7: Hunraken88 ($16.50 in chips) 
Seat 8: ddprice ($20.80 in chips) 
Seat 9: durward3 ($9.25 in chips) 
jimb1313: posts small blind $0.10
Hunraken88: posts big blind $0.25
*** HOLE CARDS ***
Dealt to Alameda22 [Jh 8s]
ddprice: calls $0.25
durward3: folds 
kanns: folds 
agba83: calls $0.25
doom069: folds 
Alameda22: folds 
DeadEndKev has timed out
DeadEndKev: folds 
DeadEndKev is sitting out
jimb1313: calls $0.15
Hunraken88: checks 
*** FLOP *** [Kd 5s 3c]
jimb1313: checks 
Hunraken88: checks 
ddprice: bets $0.50
agba83: folds 
jimb1313: calls $0.50
Hunraken88: folds 
*** TURN *** [Kd 5s 3c] [9s]
jimb1313: checks 
ddprice: bets $0.50
jimb1313: calls $0.50
*** RIVER *** [Kd 5s 3c 9s] [3s]
jimb1313: checks 
ddprice: bets $1
jimb1313: folds 
Uncalled bet ($1) returned to ddprice
ddprice collected $2.90 from pot
ddprice: doesn't show hand 
*** SUMMARY ***
Total pot $3 | Rake $0.10 
Board [Kd 5s 3c 9s 3s]
Seat 1: kanns folded before Flop (didn't bet)
Seat 2: agba83 folded on the Flop
Seat 3: doom069 folded before Flop (didn't bet)
Seat 4: Alameda22 folded before Flop (didn't bet)
Seat 5: DeadEndKev (button) folded before Flop (didn't bet)
Seat 6: jimb1313 (small blind) folded on the River
Seat 7: Hunraken88 (big blind) folded on the Flop
Seat 8: ddprice collected ($2.90)
Seat 9: durward3 folded before Flop (didn't bet)



PokerStars Game #20081806481:  Hold'em No Limit ($0.10/$0.25) - 2008/09/01 - 23:19:19 (ET)
Table 'Sigelinde IV' 9-max Seat #6 is the button
Seat 1: kanns ($9.40 in chips) 
Seat 2: agba83 ($3.25 in chips) 
Seat 3: doom069 ($30.30 in chips) 
Seat 4: Alameda22 ($19.85 in chips) 
Seat 6: jimb1313 ($23.50 in chips) 
Seat 7: Hunraken88 ($16.25 in chips) 
Seat 8: ddprice ($22.45 in chips) 
Seat 9: durward3 ($9.25 in chips) 
Hunraken88: posts small blind $0.10
ddprice: posts big blind $0.25
*** HOLE CARDS ***
Dealt to Alameda22 [5d 5h]
durward3: folds 
kanns: folds 
agba83: raises $3 to $3.25 and is all-in
doom069: folds 
Alameda22: folds 
jimb1313: folds 
Hunraken88: folds 
ddprice: folds 
Uncalled bet ($3) returned to agba83
agba83 collected $0.60 from pot
agba83: doesn't show hand 
*** SUMMARY ***
Total pot $0.60 | Rake $0 
Seat 1: kanns folded before Flop (didn't bet)
Seat 2: agba83 collected ($0.60)
Seat 3: doom069 folded before Flop (didn't bet)
Seat 4: Alameda22 folded before Flop (didn't bet)
Seat 6: jimb1313 (button) folded before Flop (didn't bet)
Seat 7: Hunraken88 (small blind) folded before Flop
Seat 8: ddprice (big blind) folded before Flop
Seat 9: durward3 folded before Flop (didn't bet)



PokerStars Game #20081824576:  Hold'em No Limit ($0.10/$0.25) - 2008/09/01 - 23:20:14 (ET)
Table 'Sigelinde IV' 9-max Seat #7 is the button
Seat 1: kanns ($9.40 in chips) 
Seat 2: agba83 ($3.60 in chips) 
Seat 3: doom069 ($30.30 in chips) 
Seat 4: Alameda22 ($19.85 in chips) 
Seat 6: jimb1313 ($23.50 in chips) 
Seat 7: Hunraken88 ($16.15 in chips) 
Seat 8: ddprice ($22.20 in chips) 
Seat 9: durward3 ($9.25 in chips) 
ddprice: posts small blind $0.10
durward3: posts big blind $0.25
*** HOLE CARDS ***
Dealt to Alameda22 [9d 2s]
kanns: folds 
agba83: raises $3.35 to $3.60 and is all-in
doom069: folds 
Alameda22: folds 
jimb1313: folds 
Hunraken88: folds 
ddprice: folds 
durward3: folds 
Uncalled bet ($3.35) returned to agba83
agba83 collected $0.60 from pot
agba83: doesn't show hand 
*** SUMMARY ***
Total pot $0.60 | Rake $0 
Seat 1: kanns folded before Flop (didn't bet)
Seat 2: agba83 collected ($0.60)
Seat 3: doom069 folded before Flop (didn't bet)
Seat 4: Alameda22 folded before Flop (didn't bet)
Seat 6: jimb1313 folded before Flop (didn't bet)
Seat 7: Hunraken88 (button) folded before Flop (didn't bet)
Seat 8: ddprice (small blind) folded before Flop
Seat 9: durward3 (big blind) folded before Flop



PokerStars Game #20081836134:  Hold'em No Limit ($0.10/$0.25) - 2008/09/01 - 23:20:49 (ET)
Table 'Sigelinde IV' 9-max Seat #8 is the button
Seat 1: kanns ($9.40 in chips) 
Seat 2: agba83 ($3.95 in chips) 
Seat 3: doom069 ($30.30 in chips) 
Seat 4: Alameda22 ($19.85 in chips) 
Seat 6: jimb1313 ($23.50 in chips) 
Seat 7: Hunraken88 ($16.15 in chips) 
Seat 8: ddprice ($22.10 in chips) 
Seat 9: durward3 ($9 in chips) 
durward3: posts small blind $0.10
kanns: posts big blind $0.25
*** HOLE CARDS ***
Dealt to Alameda22 [2h 4s]
agba83: raises $3.70 to $3.95 and is all-in
doom069: folds 
Alameda22: folds 
jimb1313: folds 
Hunraken88: folds 
ddprice: folds 
durward3: folds 
kanns: folds 
Uncalled bet ($3.70) returned to agba83
agba83 collected $0.60 from pot
agba83: doesn't show hand 
*** SUMMARY ***
Total pot $0.60 | Rake $0 
Seat 1: kanns (big blind) folded before Flop
Seat 2: agba83 collected ($0.60)
Seat 3: doom069 folded before Flop (didn't bet)
Seat 4: Alameda22 folded before Flop (didn't bet)
Seat 6: jimb1313 folded before Flop (didn't bet)
Seat 7: Hunraken88 folded before Flop (didn't bet)
Seat 8: ddprice (button) folded before Flop (didn't bet)
Seat 9: durward3 (small blind) folded before Flop



PokerStars Game #20081848617:  Hold'em No Limit ($0.10/$0.25) - 2008/09/01 - 23:21:27 (ET)
Table 'Sigelinde IV' 9-max Seat #9 is the button
Seat 1: kanns ($9.15 in chips) 
Seat 2: agba83 ($4.30 in chips) 
Seat 3: doom069 ($30.30 in chips) 
Seat 4: Alameda22 ($19.85 in chips) 
Seat 6: jimb1313 ($23.50 in chips) 
Seat 7: Hunraken88 ($16.15 in chips) 
Seat 8: ddprice ($22.10 in chips) 
Seat 9: durward3 ($8.90 in chips) 
kanns: posts small blind $0.10
agba83: posts big blind $0.25
*** HOLE CARDS ***
Dealt to Alameda22 [Kd 8s]
doom069: folds 
Alameda22: folds 
jimb1313: calls $0.25
Hunraken88: folds 
ddprice: folds 
durward3: folds 
kanns: raises $0.75 to $1
agba83: raises $3.30 to $4.30 and is all-in
jimb1313: folds 
kanns: calls $3.30
*** FLOP *** [5h 7d Tc]
*** TURN *** [5h 7d Tc] [3d]
*** RIVER *** [5h 7d Tc 3d] [Jd]
*** SHOW DOWN ***
kanns: shows [Ac Qc] (high card Ace)
agba83: mucks hand 
kanns collected $8.45 from pot
*** SUMMARY ***
Total pot $8.85 | Rake $0.40 
Board [5h 7d Tc 3d Jd]
Seat 1: kanns (small blind) showed [Ac Qc] and won ($8.45) with high card Ace
Seat 2: agba83 (big blind) mucked [8c As]
Seat 3: doom069 folded before Flop (didn't bet)
Seat 4: Alameda22 folded before Flop (didn't bet)
Seat 6: jimb1313 folded before Flop
Seat 7: Hunraken88 folded before Flop (didn't bet)
Seat 8: ddprice folded before Flop (didn't bet)
Seat 9: durward3 (button) folded before Flop (didn't bet)



PokerStars Game #20081876375:  Hold'em No Limit ($0.10/$0.25) - 2008/09/01 - 23:22:52 (ET)
Table 'Sigelinde IV' 9-max Seat #1 is the button
Seat 1: kanns ($13.30 in chips) 
Seat 3: doom069 ($30.30 in chips) 
Seat 4: Alameda22 ($19.85 in chips) 
Seat 6: jimb1313 ($23.25 in chips) 
Seat 7: Hunraken88 ($16.15 in chips) 
Seat 8: ddprice ($22.10 in chips) 
Seat 9: durward3 ($8.90 in chips) 
doom069: posts small blind $0.10
Alameda22: posts big blind $0.25
*** HOLE CARDS ***
Dealt to Alameda22 [6d 8c]
agba83 leaves the table
jimb1313: folds 
Hunraken88: folds 
ddprice: folds 
jimb1313 leaves the table
durward3: raises $0.50 to $0.75
kanns: folds 
doom069: folds 
Alameda22: folds 
Uncalled bet ($0.50) returned to durward3
durward3 collected $0.60 from pot
durward3: doesn't show hand 
*** SUMMARY ***
Total pot $0.60 | Rake $0 
Seat 1: kanns (button) folded before Flop (didn't bet)
Seat 3: doom069 (small blind) folded before Flop
Seat 4: Alameda22 (big blind) folded before Flop
Seat 6: jimb1313 folded before Flop (didn't bet)
Seat 7: Hunraken88 folded before Flop (didn't bet)
Seat 8: ddprice folded before Flop (didn't bet)
Seat 9: durward3 collected ($0.60)



PokerStars Game #20081886123:  Hold'em No Limit ($0.10/$0.25) - 2008/09/01 - 23:23:22 (ET)
Table 'Sigelinde IV' 9-max Seat #3 is the button
Seat 1: kanns ($13.30 in chips) 
Seat 3: doom069 ($30.20 in chips) 
Seat 4: Alameda22 ($19.60 in chips) 
Seat 7: Hunraken88 ($16.15 in chips) 
Seat 8: ddprice ($22.10 in chips) 
Seat 9: durward3 ($9.25 in chips) 
Alameda22: posts small blind $0.10
Hunraken88: posts big blind $0.25
*** HOLE CARDS ***
Dealt to Alameda22 [Ac 3d]
ddprice: folds 
durward3: folds 
kanns: folds 
doom069: folds 
Alameda22: folds 
Uncalled bet ($0.15) returned to Hunraken88
ddprice leaves the table
Hunraken88 collected $0.20 from pot
Hunraken88: doesn't show hand 
*** SUMMARY ***
Total pot $0.20 | Rake $0 
Seat 1: kanns folded before Flop (didn't bet)
Seat 3: doom069 (button) folded before Flop (didn't bet)
Seat 4: Alameda22 (small blind) folded before Flop
Seat 7: Hunraken88 (big blind) collected ($0.20)
Seat 8: ddprice folded before Flop (didn't bet)
Seat 9: durward3 folded before Flop (didn't bet)



