PokerStars Game #19903806313:  Hold'em No Limit ($0.10/$0.25) - 2008/08/26 - 00:00:32 (ET)
Table 'Brandia IV' 9-max Seat #7 is the button
Seat 1: Popeye Jones ($26.05 in chips) 
Seat 3: silver2871 ($37.50 in chips) 
Seat 4: garyfmarsh ($25.70 in chips) 
Seat 5: k030101 ($57.55 in chips) 
Seat 6: DontShowMe ($9.90 in chips) 
Seat 7: Alameda22 ($44.65 in chips) 
Seat 8: Cardini 23 ($23.50 in chips) 
Seat 9: Energizerbun ($25.40 in chips) 
Cardini 23: posts small blind $0.10
Energizerbun: posts big blind $0.25
LuryWW: sits out 
*** HOLE CARDS ***
Dealt to Alameda22 [4h 8h]
Popeye Jones: folds 
silver2871: folds 
garyfmarsh: calls $0.25
k030101: folds 
DontShowMe: folds 
Alameda22: folds 
Cardini 23: calls $0.15
Energizerbun: checks 
*** FLOP *** [3s As 2d]
Cardini 23: checks 
Energizerbun: checks 
garyfmarsh: checks 
*** TURN *** [3s As 2d] [Qs]
Cardini 23: checks 
Energizerbun: checks 
garyfmarsh: bets $0.50
Cardini 23: folds 
Energizerbun: raises $1.25 to $1.75
garyfmarsh: folds 
Uncalled bet ($1.25) returned to Energizerbun
Energizerbun collected $1.70 from pot
Energizerbun: doesn't show hand 
*** SUMMARY ***
Total pot $1.75 | Rake $0.05 
Board [3s As 2d Qs]
Seat 1: Popeye Jones folded before Flop (didn't bet)
Seat 3: silver2871 folded before Flop (didn't bet)
Seat 4: garyfmarsh folded on the Turn
Seat 5: k030101 folded before Flop (didn't bet)
Seat 6: DontShowMe folded before Flop (didn't bet)
Seat 7: Alameda22 (button) folded before Flop (didn't bet)
Seat 8: Cardini 23 (small blind) folded on the Turn
Seat 9: Energizerbun (big blind) collected ($1.70)



PokerStars Game #19903826581:  Hold'em No Limit ($0.10/$0.25) - 2008/08/26 - 00:01:38 (ET)
Table 'Brandia IV' 9-max Seat #8 is the button
Seat 1: Popeye Jones ($26.05 in chips) 
Seat 3: silver2871 ($37.50 in chips) 
Seat 4: garyfmarsh ($24.95 in chips) 
Seat 5: k030101 ($57.55 in chips) 
Seat 6: DontShowMe ($9.90 in chips) 
Seat 7: Alameda22 ($44.65 in chips) 
Seat 8: Cardini 23 ($23.25 in chips) 
Seat 9: Energizerbun ($26.35 in chips) 
Energizerbun: posts small blind $0.10
Popeye Jones: posts big blind $0.25
LuryWW: sits out 
*** HOLE CARDS ***
Dealt to Alameda22 [9c 6s]
silver2871: folds 
garyfmarsh: calls $0.25
k030101: folds 
DontShowMe: folds 
Alameda22: folds 
Cardini 23: folds 
Energizerbun: folds 
Popeye Jones: checks 
*** FLOP *** [Td 5h 4c]
Popeye Jones: checks 
garyfmarsh: checks 
*** TURN *** [Td 5h 4c] [Th]
Popeye Jones: checks 
garyfmarsh: checks 
*** RIVER *** [Td 5h 4c Th] [8s]
Popeye Jones: checks 
garyfmarsh: checks 
*** SHOW DOWN ***
Popeye Jones: shows [Js 6d] (a pair of Tens)
garyfmarsh: shows [2d 2c] (two pair, Tens and Deuces)
garyfmarsh collected $0.60 from pot
*** SUMMARY ***
Total pot $0.60 | Rake $0 
Board [Td 5h 4c Th 8s]
Seat 1: Popeye Jones (big blind) showed [Js 6d] and lost with a pair of Tens
Seat 3: silver2871 folded before Flop (didn't bet)
Seat 4: garyfmarsh showed [2d 2c] and won ($0.60) with two pair, Tens and Deuces
Seat 5: k030101 folded before Flop (didn't bet)
Seat 6: DontShowMe folded before Flop (didn't bet)
Seat 7: Alameda22 folded before Flop (didn't bet)
Seat 8: Cardini 23 (button) folded before Flop (didn't bet)
Seat 9: Energizerbun (small blind) folded before Flop



PokerStars Game #19903840854:  Hold'em No Limit ($0.10/$0.25) - 2008/08/26 - 00:02:25 (ET)
Table 'Brandia IV' 9-max Seat #9 is the button
Seat 1: Popeye Jones ($25.80 in chips) 
Seat 2: LuryWW ($25 in chips) 
Seat 3: silver2871 ($37.50 in chips) 
Seat 4: garyfmarsh ($25.30 in chips) 
Seat 5: k030101 ($57.55 in chips) 
Seat 6: DontShowMe ($9.90 in chips) 
Seat 7: Alameda22 ($44.65 in chips) 
Seat 8: Cardini 23 ($23.25 in chips) 
Seat 9: Energizerbun ($26.25 in chips) 
Popeye Jones: posts small blind $0.10
LuryWW: posts big blind $0.25
*** HOLE CARDS ***
Dealt to Alameda22 [Ks 8s]
silver2871: folds 
garyfmarsh: folds 
k030101: folds 
DontShowMe: folds 
Alameda22: folds 
Cardini 23: raises $0.75 to $1
Energizerbun: raises $2.50 to $3.50
Popeye Jones: folds 
LuryWW: folds 
Cardini 23: folds 
Uncalled bet ($2.50) returned to Energizerbun
Energizerbun collected $2.35 from pot
Energizerbun: doesn't show hand 
*** SUMMARY ***
Total pot $2.35 | Rake $0 
Seat 1: Popeye Jones (small blind) folded before Flop
Seat 2: LuryWW (big blind) folded before Flop
Seat 3: silver2871 folded before Flop (didn't bet)
Seat 4: garyfmarsh folded before Flop (didn't bet)
Seat 5: k030101 folded before Flop (didn't bet)
Seat 6: DontShowMe folded before Flop (didn't bet)
Seat 7: Alameda22 folded before Flop (didn't bet)
Seat 8: Cardini 23 folded before Flop
Seat 9: Energizerbun (button) collected ($2.35)



PokerStars Game #19903858585:  Hold'em No Limit ($0.10/$0.25) - 2008/08/26 - 00:03:23 (ET)
Table 'Brandia IV' 9-max Seat #1 is the button
Seat 1: Popeye Jones ($25.70 in chips) 
Seat 2: LuryWW ($24.75 in chips) 
Seat 3: silver2871 ($37.50 in chips) 
Seat 4: garyfmarsh ($25.30 in chips) 
Seat 5: k030101 ($57.55 in chips) 
Seat 6: DontShowMe ($9.90 in chips) 
Seat 7: Alameda22 ($44.65 in chips) 
Seat 8: Cardini 23 ($22.25 in chips) 
Seat 9: Energizerbun ($27.60 in chips) 
LuryWW: posts small blind $0.10
silver2871: posts big blind $0.25
*** HOLE CARDS ***
Dealt to Alameda22 [9c Ad]
garyfmarsh: folds 
k030101: calls $0.25
DontShowMe: folds 
Alameda22: folds 
Cardini 23: folds 
Energizerbun: folds 
Popeye Jones: folds 
LuryWW: calls $0.15
silver2871: checks 
*** FLOP *** [9h 2s Ah]
LuryWW: checks 
silver2871: checks 
k030101: checks 
*** TURN *** [9h 2s Ah] [7c]
LuryWW: bets $0.50
silver2871: folds 
k030101: folds 
Uncalled bet ($0.50) returned to LuryWW
LuryWW collected $0.75 from pot
LuryWW: doesn't show hand 
*** SUMMARY ***
Total pot $0.75 | Rake $0 
Board [9h 2s Ah 7c]
Seat 1: Popeye Jones (button) folded before Flop (didn't bet)
Seat 2: LuryWW (small blind) collected ($0.75)
Seat 3: silver2871 (big blind) folded on the Turn
Seat 4: garyfmarsh folded before Flop (didn't bet)
Seat 5: k030101 folded on the Turn
Seat 6: DontShowMe folded before Flop (didn't bet)
Seat 7: Alameda22 folded before Flop (didn't bet)
Seat 8: Cardini 23 folded before Flop (didn't bet)
Seat 9: Energizerbun folded before Flop (didn't bet)



PokerStars Game #19903874455:  Hold'em No Limit ($0.10/$0.25) - 2008/08/26 - 00:04:15 (ET)
Table 'Brandia IV' 9-max Seat #2 is the button
Seat 1: Popeye Jones ($25.70 in chips) 
Seat 2: LuryWW ($25.25 in chips) 
Seat 3: silver2871 ($37.25 in chips) 
Seat 4: garyfmarsh ($25.30 in chips) 
Seat 5: k030101 ($57.30 in chips) 
Seat 6: DontShowMe ($9.90 in chips) 
Seat 7: Alameda22 ($44.65 in chips) 
Seat 8: Cardini 23 ($22.25 in chips) 
Seat 9: Energizerbun ($27.60 in chips) 
silver2871: posts small blind $0.10
garyfmarsh: posts big blind $0.25
*** HOLE CARDS ***
Dealt to Alameda22 [Kh 6c]
k030101: folds 
DontShowMe: folds 
Alameda22: folds 
Cardini 23: raises $0.75 to $1
Energizerbun: folds 
Popeye Jones: folds 
LuryWW: raises $2 to $3
silver2871: folds 
garyfmarsh: folds 
Cardini 23: calls $2
*** FLOP *** [2s Ts 9s]
Cardini 23: checks 
LuryWW: bets $4
Cardini 23: raises $15.25 to $19.25 and is all-in
LuryWW: folds 
Uncalled bet ($15.25) returned to Cardini 23
Cardini 23 collected $13.65 from pot
Cardini 23: doesn't show hand 
*** SUMMARY ***
Total pot $14.35 | Rake $0.70 
Board [2s Ts 9s]
Seat 1: Popeye Jones folded before Flop (didn't bet)
Seat 2: LuryWW (button) folded on the Flop
Seat 3: silver2871 (small blind) folded before Flop
Seat 4: garyfmarsh (big blind) folded before Flop
Seat 5: k030101 folded before Flop (didn't bet)
Seat 6: DontShowMe folded before Flop (didn't bet)
Seat 7: Alameda22 folded before Flop (didn't bet)
Seat 8: Cardini 23 collected ($13.65)
Seat 9: Energizerbun folded before Flop (didn't bet)



PokerStars Game #19903898425:  Hold'em No Limit ($0.10/$0.25) - 2008/08/26 - 00:05:34 (ET)
Table 'Brandia IV' 9-max Seat #3 is the button
Seat 1: Popeye Jones ($25.70 in chips) 
Seat 2: LuryWW ($18.25 in chips) 
Seat 3: silver2871 ($37.15 in chips) 
Seat 4: garyfmarsh ($25.05 in chips) 
Seat 5: k030101 ($57.30 in chips) 
Seat 6: DontShowMe ($9.90 in chips) 
Seat 7: Alameda22 ($44.65 in chips) 
Seat 8: Cardini 23 ($28.90 in chips) 
Seat 9: Energizerbun ($27.60 in chips) 
garyfmarsh: posts small blind $0.10
k030101: posts big blind $0.25
*** HOLE CARDS ***
Dealt to Alameda22 [9d 7c]
DontShowMe: raises $0.50 to $0.75
Alameda22: folds 
Cardini 23: folds 
Energizerbun: folds 
Popeye Jones: folds 
LuryWW: folds 
silver2871: folds 
garyfmarsh: folds 
k030101: folds 
Uncalled bet ($0.50) returned to DontShowMe
DontShowMe collected $0.60 from pot
DontShowMe: doesn't show hand 
*** SUMMARY ***
Total pot $0.60 | Rake $0 
Seat 1: Popeye Jones folded before Flop (didn't bet)
Seat 2: LuryWW folded before Flop (didn't bet)
Seat 3: silver2871 (button) folded before Flop (didn't bet)
Seat 4: garyfmarsh (small blind) folded before Flop
Seat 5: k030101 (big blind) folded before Flop
Seat 6: DontShowMe collected ($0.60)
Seat 7: Alameda22 folded before Flop (didn't bet)
Seat 8: Cardini 23 folded before Flop (didn't bet)
Seat 9: Energizerbun folded before Flop (didn't bet)



PokerStars Game #19903907602:  Hold'em No Limit ($0.10/$0.25) - 2008/08/26 - 00:06:05 (ET)
Table 'Brandia IV' 9-max Seat #4 is the button
Seat 1: Popeye Jones ($25.70 in chips) 
Seat 2: LuryWW ($18.25 in chips) 
Seat 3: silver2871 ($37.15 in chips) 
Seat 4: garyfmarsh ($24.95 in chips) 
Seat 5: k030101 ($57.05 in chips) 
Seat 6: DontShowMe ($10.25 in chips) 
Seat 7: Alameda22 ($44.65 in chips) 
Seat 8: Cardini 23 ($28.90 in chips) 
Seat 9: Energizerbun ($27.60 in chips) 
k030101: posts small blind $0.10
DontShowMe: posts big blind $0.25
*** HOLE CARDS ***
Dealt to Alameda22 [5d 6c]
Alameda22: folds 
Cardini 23: raises $0.75 to $1
Energizerbun: folds 
Popeye Jones: folds 
LuryWW: folds 
silver2871: folds 
garyfmarsh: folds 
k030101: folds 
DontShowMe: folds 
Uncalled bet ($0.75) returned to Cardini 23
Cardini 23 collected $0.60 from pot
Cardini 23: doesn't show hand 
*** SUMMARY ***
Total pot $0.60 | Rake $0 
Seat 1: Popeye Jones folded before Flop (didn't bet)
Seat 2: LuryWW folded before Flop (didn't bet)
Seat 3: silver2871 folded before Flop (didn't bet)
Seat 4: garyfmarsh (button) folded before Flop (didn't bet)
Seat 5: k030101 (small blind) folded before Flop
Seat 6: DontShowMe (big blind) folded before Flop
Seat 7: Alameda22 folded before Flop (didn't bet)
Seat 8: Cardini 23 collected ($0.60)
Seat 9: Energizerbun folded before Flop (didn't bet)



PokerStars Game #19903922460:  Hold'em No Limit ($0.10/$0.25) - 2008/08/26 - 00:06:54 (ET)
Table 'Brandia IV' 9-max Seat #5 is the button
Seat 1: Popeye Jones ($25.70 in chips) 
Seat 2: LuryWW ($18.25 in chips) 
Seat 3: silver2871 ($37.15 in chips) 
Seat 4: garyfmarsh ($24.95 in chips) 
Seat 5: k030101 ($56.95 in chips) 
Seat 6: DontShowMe ($10 in chips) 
Seat 7: Alameda22 ($44.65 in chips) 
Seat 8: Cardini 23 ($29.25 in chips) 
Seat 9: Energizerbun ($27.60 in chips) 
DontShowMe: posts small blind $0.10
Alameda22: posts big blind $0.25
*** HOLE CARDS ***
Dealt to Alameda22 [4h 8h]
Cardini 23: folds 
Energizerbun: folds 
Popeye Jones: folds 
LuryWW: folds 
silver2871: folds 
garyfmarsh: folds 
k030101: raises $0.75 to $1
DontShowMe: folds 
Alameda22: folds 
Uncalled bet ($0.75) returned to k030101
k030101 collected $0.60 from pot
k030101: doesn't show hand 
*** SUMMARY ***
Total pot $0.60 | Rake $0 
Seat 1: Popeye Jones folded before Flop (didn't bet)
Seat 2: LuryWW folded before Flop (didn't bet)
Seat 3: silver2871 folded before Flop (didn't bet)
Seat 4: garyfmarsh folded before Flop (didn't bet)
Seat 5: k030101 (button) collected ($0.60)
Seat 6: DontShowMe (small blind) folded before Flop
Seat 7: Alameda22 (big blind) folded before Flop
Seat 8: Cardini 23 folded before Flop (didn't bet)
Seat 9: Energizerbun folded before Flop (didn't bet)



PokerStars Game #19903936447:  Hold'em No Limit ($0.10/$0.25) - 2008/08/26 - 00:07:41 (ET)
Table 'Brandia IV' 9-max Seat #6 is the button
Seat 1: Popeye Jones ($25.70 in chips) 
Seat 2: LuryWW ($18.25 in chips) 
Seat 3: silver2871 ($37.15 in chips) 
Seat 4: garyfmarsh ($24.95 in chips) 
Seat 5: k030101 ($57.30 in chips) 
Seat 6: DontShowMe ($9.90 in chips) 
Seat 7: Alameda22 ($44.40 in chips) 
Seat 8: Cardini 23 ($29.25 in chips) 
Seat 9: Energizerbun ($27.60 in chips) 
Alameda22: posts small blind $0.10
Cardini 23: posts big blind $0.25
*** HOLE CARDS ***
Dealt to Alameda22 [8s 8c]
Energizerbun: folds 
Popeye Jones: folds 
LuryWW: calls $0.25
silver2871: folds 
garyfmarsh: calls $0.25
k030101: folds 
DontShowMe: folds 
Alameda22: calls $0.15
Cardini 23: checks 
*** FLOP *** [2s 4d 3h]
Alameda22: bets $0.50
Cardini 23: folds 
LuryWW: calls $0.50
garyfmarsh: folds 
*** TURN *** [2s 4d 3h] [6c]
Alameda22: bets $1.25
LuryWW: calls $1.25
*** RIVER *** [2s 4d 3h 6c] [Kd]
Alameda22: checks 
LuryWW: bets $4.25
Alameda22: calls $4.25
*** SHOW DOWN ***
LuryWW: shows [3c 3d] (three of a kind, Threes)
Alameda22: mucks hand 
LuryWW collected $12.40 from pot
*** SUMMARY ***
Total pot $13 | Rake $0.60 
Board [2s 4d 3h 6c Kd]
Seat 1: Popeye Jones folded before Flop (didn't bet)
Seat 2: LuryWW showed [3c 3d] and won ($12.40) with three of a kind, Threes
Seat 3: silver2871 folded before Flop (didn't bet)
Seat 4: garyfmarsh folded on the Flop
Seat 5: k030101 folded before Flop (didn't bet)
Seat 6: DontShowMe (button) folded before Flop (didn't bet)
Seat 7: Alameda22 (small blind) mucked [8s 8c]
Seat 8: Cardini 23 (big blind) folded on the Flop
Seat 9: Energizerbun folded before Flop (didn't bet)



PokerStars Game #19903970354:  Hold'em No Limit ($0.10/$0.25) - 2008/08/26 - 00:09:34 (ET)
Table 'Brandia IV' 9-max Seat #7 is the button
Seat 1: Popeye Jones ($25.70 in chips) 
Seat 2: LuryWW ($24.40 in chips) 
Seat 3: silver2871 ($37.15 in chips) 
Seat 4: garyfmarsh ($24.70 in chips) 
Seat 5: k030101 ($57.30 in chips) 
Seat 6: DontShowMe ($9.90 in chips) 
Seat 7: Alameda22 ($38.15 in chips) 
Seat 8: Cardini 23 ($29 in chips) 
Seat 9: Energizerbun ($27.60 in chips) 
Cardini 23: posts small blind $0.10
Energizerbun: posts big blind $0.25
*** HOLE CARDS ***
Dealt to Alameda22 [4s 4h]
Popeye Jones: folds 
LuryWW: raises $0.75 to $1
silver2871: folds 
garyfmarsh: folds 
k030101: folds 
DontShowMe: folds 
Alameda22: calls $1
Cardini 23: calls $0.90
Energizerbun: folds 
*** FLOP *** [3c 6d 3h]
Cardini 23: checks 
LuryWW: bets $3.25
Alameda22: folds 
Cardini 23: folds 
Uncalled bet ($3.25) returned to LuryWW
LuryWW collected $3.10 from pot
LuryWW: doesn't show hand 
*** SUMMARY ***
Total pot $3.25 | Rake $0.15 
Board [3c 6d 3h]
Seat 1: Popeye Jones folded before Flop (didn't bet)
Seat 2: LuryWW collected ($3.10)
Seat 3: silver2871 folded before Flop (didn't bet)
Seat 4: garyfmarsh folded before Flop (didn't bet)
Seat 5: k030101 folded before Flop (didn't bet)
Seat 6: DontShowMe folded before Flop (didn't bet)
Seat 7: Alameda22 (button) folded on the Flop
Seat 8: Cardini 23 (small blind) folded on the Flop
Seat 9: Energizerbun (big blind) folded before Flop



PokerStars Game #19903992582:  Hold'em No Limit ($0.10/$0.25) - 2008/08/26 - 00:10:48 (ET)
Table 'Brandia IV' 9-max Seat #8 is the button
Seat 1: Popeye Jones ($25.70 in chips) 
Seat 2: LuryWW ($26.50 in chips) 
Seat 3: silver2871 ($37.15 in chips) 
Seat 4: garyfmarsh ($24.70 in chips) 
Seat 5: k030101 ($57.30 in chips) 
Seat 6: DontShowMe ($9.90 in chips) 
Seat 7: Alameda22 ($37.15 in chips) 
Seat 8: Cardini 23 ($28 in chips) 
Seat 9: Energizerbun ($27.35 in chips) 
Energizerbun: posts small blind $0.10
Popeye Jones: posts big blind $0.25
*** HOLE CARDS ***
Dealt to Alameda22 [7s Ah]
LuryWW: folds 
silver2871: calls $0.25
garyfmarsh: folds 
k030101: folds 
DontShowMe: folds 
Alameda22: folds 
Cardini 23: folds 
Energizerbun: folds 
Popeye Jones: checks 
*** FLOP *** [Ac 2s Kh]
Popeye Jones: checks 
silver2871: bets $0.50
Popeye Jones: folds 
Uncalled bet ($0.50) returned to silver2871
silver2871 collected $0.60 from pot
*** SUMMARY ***
Total pot $0.60 | Rake $0 
Board [Ac 2s Kh]
Seat 1: Popeye Jones (big blind) folded on the Flop
Seat 2: LuryWW folded before Flop (didn't bet)
Seat 3: silver2871 collected ($0.60)
Seat 4: garyfmarsh folded before Flop (didn't bet)
Seat 5: k030101 folded before Flop (didn't bet)
Seat 6: DontShowMe folded before Flop (didn't bet)
Seat 7: Alameda22 folded before Flop (didn't bet)
Seat 8: Cardini 23 (button) folded before Flop (didn't bet)
Seat 9: Energizerbun (small blind) folded before Flop



PokerStars Game #19904006917:  Hold'em No Limit ($0.10/$0.25) - 2008/08/26 - 00:11:36 (ET)
Table 'Brandia IV' 9-max Seat #9 is the button
Seat 1: Popeye Jones ($25.45 in chips) 
Seat 3: silver2871 ($37.50 in chips) 
Seat 4: garyfmarsh ($24.70 in chips) 
Seat 5: k030101 ($57.30 in chips) 
Seat 6: DontShowMe ($9.90 in chips) 
Seat 7: Alameda22 ($37.15 in chips) 
Seat 8: Cardini 23 ($28 in chips) 
Seat 9: Energizerbun ($27.25 in chips) 
Popeye Jones: posts small blind $0.10
LuryWW: is sitting out 
silver2871: posts big blind $0.25
*** HOLE CARDS ***
Dealt to Alameda22 [8c 8d]
garyfmarsh: folds 
k030101: folds 
DontShowMe: raises $0.25 to $0.50
Alameda22: calls $0.50
Cardini 23: folds 
Energizerbun: folds 
Popeye Jones: folds 
silver2871: calls $0.25
*** FLOP *** [Kc 3s 7d]
silver2871: checks 
DontShowMe: bets $1
Alameda22: folds 
silver2871: folds 
Uncalled bet ($1) returned to DontShowMe
DontShowMe collected $1.55 from pot
DontShowMe: doesn't show hand 
*** SUMMARY ***
Total pot $1.60 | Rake $0.05 
Board [Kc 3s 7d]
Seat 1: Popeye Jones (small blind) folded before Flop
Seat 3: silver2871 (big blind) folded on the Flop
Seat 4: garyfmarsh folded before Flop (didn't bet)
Seat 5: k030101 folded before Flop (didn't bet)
Seat 6: DontShowMe collected ($1.55)
Seat 7: Alameda22 folded on the Flop
Seat 8: Cardini 23 folded before Flop (didn't bet)
Seat 9: Energizerbun (button) folded before Flop (didn't bet)



PokerStars Game #19904027202:  Hold'em No Limit ($0.10/$0.25) - 2008/08/26 - 00:12:45 (ET)
Table 'Brandia IV' 9-max Seat #1 is the button
Seat 1: Popeye Jones ($25.35 in chips) 
Seat 3: silver2871 ($37 in chips) 
Seat 4: garyfmarsh ($24.70 in chips) 
Seat 5: k030101 ($57.30 in chips) 
Seat 6: DontShowMe ($10.95 in chips) 
Seat 7: Alameda22 ($36.65 in chips) 
Seat 8: Cardini 23 ($28 in chips) 
Seat 9: Energizerbun ($27.25 in chips) 
silver2871: posts small blind $0.10
garyfmarsh: posts big blind $0.25
*** HOLE CARDS ***
Dealt to Alameda22 [Kd 8s]
k030101: folds 
DontShowMe: calls $0.25
Alameda22: folds 
Cardini 23: folds 
Energizerbun: folds 
Popeye Jones: folds 
silver2871: calls $0.15
garyfmarsh: checks 
*** FLOP *** [5c 8c 8d]
silver2871: checks 
garyfmarsh: checks 
DontShowMe: checks 
*** TURN *** [5c 8c 8d] [3c]
silver2871: checks 
garyfmarsh: checks 
DontShowMe: bets $1
silver2871: folds 
garyfmarsh: folds 
Uncalled bet ($1) returned to DontShowMe
DontShowMe collected $0.75 from pot
DontShowMe: doesn't show hand 
*** SUMMARY ***
Total pot $0.75 | Rake $0 
Board [5c 8c 8d 3c]
Seat 1: Popeye Jones (button) folded before Flop (didn't bet)
Seat 3: silver2871 (small blind) folded on the Turn
Seat 4: garyfmarsh (big blind) folded on the Turn
Seat 5: k030101 folded before Flop (didn't bet)
Seat 6: DontShowMe collected ($0.75)
Seat 7: Alameda22 folded before Flop (didn't bet)
Seat 8: Cardini 23 folded before Flop (didn't bet)
Seat 9: Energizerbun folded before Flop (didn't bet)



PokerStars Game #19904042852:  Hold'em No Limit ($0.10/$0.25) - 2008/08/26 - 00:13:37 (ET)
Table 'Brandia IV' 9-max Seat #3 is the button
Seat 1: Popeye Jones ($25.35 in chips) 
Seat 3: silver2871 ($36.75 in chips) 
Seat 4: garyfmarsh ($24.45 in chips) 
Seat 5: k030101 ($57.30 in chips) 
Seat 6: DontShowMe ($11.45 in chips) 
Seat 7: Alameda22 ($36.65 in chips) 
Seat 8: Cardini 23 ($28 in chips) 
Seat 9: Energizerbun ($27.25 in chips) 
garyfmarsh: posts small blind $0.10
k030101: posts big blind $0.25
*** HOLE CARDS ***
Dealt to Alameda22 [Qs 6h]
DontShowMe: folds 
Alameda22: folds 
Cardini 23: folds 
Energizerbun: folds 
Popeye Jones: folds 
silver2871: folds 
garyfmarsh: calls $0.15
k030101: checks 
*** FLOP *** [5c Qc Kh]
garyfmarsh: checks 
k030101: bets $0.50
garyfmarsh: folds 
Uncalled bet ($0.50) returned to k030101
k030101 collected $0.50 from pot
k030101: doesn't show hand 
*** SUMMARY ***
Total pot $0.50 | Rake $0 
Board [5c Qc Kh]
Seat 1: Popeye Jones folded before Flop (didn't bet)
Seat 3: silver2871 (button) folded before Flop (didn't bet)
Seat 4: garyfmarsh (small blind) folded on the Flop
Seat 5: k030101 (big blind) collected ($0.50)
Seat 6: DontShowMe folded before Flop (didn't bet)
Seat 7: Alameda22 folded before Flop (didn't bet)
Seat 8: Cardini 23 folded before Flop (didn't bet)
Seat 9: Energizerbun folded before Flop (didn't bet)



PokerStars Game #19904054763:  Hold'em No Limit ($0.10/$0.25) - 2008/08/26 - 00:14:18 (ET)
Table 'Brandia IV' 9-max Seat #4 is the button
Seat 1: Popeye Jones ($25.35 in chips) 
Seat 3: silver2871 ($36.75 in chips) 
Seat 4: garyfmarsh ($25 in chips) 
Seat 5: k030101 ($57.55 in chips) 
Seat 6: DontShowMe ($11.45 in chips) 
Seat 7: Alameda22 ($36.65 in chips) 
Seat 8: Cardini 23 ($28 in chips) 
Seat 9: Energizerbun ($27.25 in chips) 
k030101: posts small blind $0.10
DontShowMe: posts big blind $0.25
*** HOLE CARDS ***
Dealt to Alameda22 [9c 8d]
Alameda22: folds 
Cardini 23: raises $0.75 to $1
Energizerbun: folds 
Popeye Jones: folds 
silver2871: raises $2 to $3
garyfmarsh: folds 
k030101: folds 
DontShowMe: folds 
Cardini 23: folds 
Uncalled bet ($2) returned to silver2871
silver2871 collected $2.35 from pot
*** SUMMARY ***
Total pot $2.35 | Rake $0 
Seat 1: Popeye Jones folded before Flop (didn't bet)
Seat 3: silver2871 collected ($2.35)
Seat 4: garyfmarsh (button) folded before Flop (didn't bet)
Seat 5: k030101 (small blind) folded before Flop
Seat 6: DontShowMe (big blind) folded before Flop
Seat 7: Alameda22 folded before Flop (didn't bet)
Seat 8: Cardini 23 folded before Flop
Seat 9: Energizerbun folded before Flop (didn't bet)



PokerStars Game #19904068462:  Hold'em No Limit ($0.10/$0.25) - 2008/08/26 - 00:15:04 (ET)
Table 'Brandia IV' 9-max Seat #5 is the button
Seat 1: Popeye Jones ($25.35 in chips) 
Seat 3: silver2871 ($38.10 in chips) 
Seat 4: garyfmarsh ($25 in chips) 
Seat 5: k030101 ($57.45 in chips) 
Seat 6: DontShowMe ($11.20 in chips) 
Seat 7: Alameda22 ($36.65 in chips) 
Seat 8: Cardini 23 ($27 in chips) 
Seat 9: Energizerbun ($27.25 in chips) 
DontShowMe: posts small blind $0.10
Alameda22: posts big blind $0.25
*** HOLE CARDS ***
Dealt to Alameda22 [5d As]
Cardini 23: folds 
Energizerbun: folds 
Popeye Jones: folds 
silver2871: folds 
garyfmarsh: folds 
k030101: folds 
DontShowMe: folds 
Uncalled bet ($0.15) returned to Alameda22
Alameda22 collected $0.20 from pot
Alameda22: doesn't show hand 
*** SUMMARY ***
Total pot $0.20 | Rake $0 
Seat 1: Popeye Jones folded before Flop (didn't bet)
Seat 3: silver2871 folded before Flop (didn't bet)
Seat 4: garyfmarsh folded before Flop (didn't bet)
Seat 5: k030101 (button) folded before Flop (didn't bet)
Seat 6: DontShowMe (small blind) folded before Flop
Seat 7: Alameda22 (big blind) collected ($0.20)
Seat 8: Cardini 23 folded before Flop (didn't bet)
Seat 9: Energizerbun folded before Flop (didn't bet)



PokerStars Game #19904075536:  Hold'em No Limit ($0.10/$0.25) - 2008/08/26 - 00:15:28 (ET)
Table 'Brandia IV' 9-max Seat #6 is the button
Seat 1: Popeye Jones ($25.35 in chips) 
Seat 3: silver2871 ($38.10 in chips) 
Seat 4: garyfmarsh ($25 in chips) 
Seat 5: k030101 ($57.45 in chips) 
Seat 6: DontShowMe ($11.10 in chips) 
Seat 7: Alameda22 ($36.75 in chips) 
Seat 8: Cardini 23 ($27 in chips) 
Seat 9: Energizerbun ($27.25 in chips) 
Alameda22: posts small blind $0.10
Cardini 23: posts big blind $0.25
*** HOLE CARDS ***
Dealt to Alameda22 [4s Th]
Energizerbun: folds 
Popeye Jones: folds 
Energizerbun leaves the table
silver2871: folds 
garyfmarsh: folds 
k030101: folds 
DontShowMe: folds 
Alameda22: folds 
Uncalled bet ($0.15) returned to Cardini 23
Cardini 23 collected $0.20 from pot
Cardini 23: doesn't show hand 
*** SUMMARY ***
Total pot $0.20 | Rake $0 
Seat 1: Popeye Jones folded before Flop (didn't bet)
Seat 3: silver2871 folded before Flop (didn't bet)
Seat 4: garyfmarsh folded before Flop (didn't bet)
Seat 5: k030101 folded before Flop (didn't bet)
Seat 6: DontShowMe (button) folded before Flop (didn't bet)
Seat 7: Alameda22 (small blind) folded before Flop
Seat 8: Cardini 23 (big blind) collected ($0.20)
Seat 9: Energizerbun folded before Flop (didn't bet)



PokerStars Game #19904086251:  Hold'em No Limit ($0.10/$0.25) - 2008/08/26 - 00:16:05 (ET)
Table 'Brandia IV' 9-max Seat #7 is the button
Seat 1: Popeye Jones ($25.35 in chips) 
Seat 3: silver2871 ($38.10 in chips) 
Seat 4: garyfmarsh ($25 in chips) 
Seat 5: k030101 ($57.45 in chips) 
Seat 6: DontShowMe ($11.10 in chips) 
Seat 7: Alameda22 ($36.65 in chips) 
Seat 8: Cardini 23 ($27.10 in chips) 
Cardini 23: posts small blind $0.10
Popeye Jones: posts big blind $0.25
*** HOLE CARDS ***
Dealt to Alameda22 [Qc Kc]
silver2871: folds 
garyfmarsh: folds 
k030101: folds 
DontShowMe: folds 
garyfmarsh leaves the table
Alameda22: raises $0.50 to $0.75
LuryWW leaves the table
Cardini 23: folds 
Popeye Jones: folds 
Uncalled bet ($0.50) returned to Alameda22
Alameda22 collected $0.60 from pot
Alameda22: doesn't show hand 
*** SUMMARY ***
Total pot $0.60 | Rake $0 
Seat 1: Popeye Jones (big blind) folded before Flop
Seat 3: silver2871 folded before Flop (didn't bet)
Seat 4: garyfmarsh folded before Flop (didn't bet)
Seat 5: k030101 folded before Flop (didn't bet)
Seat 6: DontShowMe folded before Flop (didn't bet)
Seat 7: Alameda22 (button) collected ($0.60)
Seat 8: Cardini 23 (small blind) folded before Flop



PokerStars Game #19904097556:  Hold'em No Limit ($0.10/$0.25) - 2008/08/26 - 00:16:44 (ET)
Table 'Brandia IV' 9-max Seat #8 is the button
Seat 1: Popeye Jones ($25.10 in chips) 
Seat 3: silver2871 ($38.10 in chips) 
Seat 5: k030101 ($57.45 in chips) 
Seat 6: DontShowMe ($11.10 in chips) 
Seat 7: Alameda22 ($37 in chips) 
Seat 8: Cardini 23 ($27 in chips) 
Popeye Jones: posts small blind $0.10
silver2871: posts big blind $0.25
*** HOLE CARDS ***
Dealt to Alameda22 [3c Tc]
k030101: folds 
DontShowMe: raises $0.25 to $0.50
Alameda22: folds 
Cardini 23: folds 
Popeye Jones: folds 
silver2871: calls $0.25
*** FLOP *** [Kc 9d 2s]
silver2871: checks 
DontShowMe: bets $0.50
silver2871: folds 
Uncalled bet ($0.50) returned to DontShowMe
DontShowMe collected $1.05 from pot
DontShowMe: doesn't show hand 
*** SUMMARY ***
Total pot $1.10 | Rake $0.05 
Board [Kc 9d 2s]
Seat 1: Popeye Jones (small blind) folded before Flop
Seat 3: silver2871 (big blind) folded on the Flop
Seat 5: k030101 folded before Flop (didn't bet)
Seat 6: DontShowMe collected ($1.05)
Seat 7: Alameda22 folded before Flop (didn't bet)
Seat 8: Cardini 23 (button) folded before Flop (didn't bet)



PokerStars Game #19904115783:  Hold'em No Limit ($0.10/$0.25) - 2008/08/26 - 00:17:47 (ET)
Table 'Brandia IV' 9-max Seat #1 is the button
Seat 1: Popeye Jones ($25 in chips) 
Seat 3: silver2871 ($37.60 in chips) 
Seat 6: DontShowMe ($11.65 in chips) 
Seat 7: Alameda22 ($37 in chips) 
Seat 8: Cardini 23 ($27 in chips) 
silver2871: posts small blind $0.10
k030101: is sitting out 
k030101 leaves the table
DontShowMe: posts big blind $0.25
*** HOLE CARDS ***
Dealt to Alameda22 [4s 2c]
Alameda22: folds 
Cardini 23: folds 
Popeye Jones: folds 
silver2871: raises $0.75 to $1
DontShowMe: folds 
Uncalled bet ($0.75) returned to silver2871
silver2871 collected $0.50 from pot
*** SUMMARY ***
Total pot $0.50 | Rake $0 
Seat 1: Popeye Jones (button) folded before Flop (didn't bet)
Seat 3: silver2871 (small blind) collected ($0.50)
Seat 6: DontShowMe (big blind) folded before Flop
Seat 7: Alameda22 folded before Flop (didn't bet)
Seat 8: Cardini 23 folded before Flop (didn't bet)



PokerStars Game #19904124689:  Hold'em No Limit ($0.10/$0.25) - 2008/08/26 - 00:18:18 (ET)
Table 'Brandia IV' 9-max Seat #3 is the button
Seat 1: Popeye Jones ($25 in chips) 
Seat 3: silver2871 ($37.85 in chips) 
Seat 7: Alameda22 ($37 in chips) 
DontShowMe: is sitting out 
Alameda22: posts small blind $0.10
Cardini 23: is sitting out 
Cardini 23 leaves the table
Popeye Jones: posts big blind $0.25
*** HOLE CARDS ***
Dealt to Alameda22 [2h 4s]
DontShowMe leaves the table
silver2871: raises $0.50 to $0.75
Alameda22: folds 
Popeye Jones: folds 
Uncalled bet ($0.50) returned to silver2871
silver2871 collected $0.60 from pot
*** SUMMARY ***
Total pot $0.60 | Rake $0 
Seat 1: Popeye Jones (big blind) folded before Flop
Seat 3: silver2871 (button) collected ($0.60)
Seat 7: Alameda22 (small blind) folded before Flop



PokerStars Game #19904137387:  Hold'em No Limit ($0.10/$0.25) - 2008/08/26 - 00:19:02 (ET)
Table 'Brandia IV' 9-max Seat #1 is the button
Seat 1: Popeye Jones ($24.75 in chips) 
Seat 7: Alameda22 ($36.90 in chips) 
Popeye Jones: posts small blind $0.10
silver2871: is sitting out 
Alameda22: posts big blind $0.25
*** HOLE CARDS ***
Dealt to Alameda22 [Qh 5d]
Wilberon joins the table at seat #5 
Popeye Jones: calls $0.15
Alameda22: checks 
*** FLOP *** [6s 7c Ks]
Alameda22: checks 
Popeye Jones: bets $0.25
Alameda22: folds 
Uncalled bet ($0.25) returned to Popeye Jones
Popeye Jones collected $0.50 from pot
Popeye Jones: doesn't show hand 
Kugel22 joins the table at seat #6 
*** SUMMARY ***
Total pot $0.50 | Rake $0 
Board [6s 7c Ks]
Seat 1: Popeye Jones (button) (small blind) collected ($0.50)
Seat 7: Alameda22 (big blind) folded on the Flop



