PokerStars Game #19980082494:  Hold'em No Limit ($0.10/$0.25) - 2008/08/29 - 00:03:44 (ET)
Table 'Valeria' 9-max Seat #5 is the button
Seat 1: NoLiMiTz84 ($25.35 in chips) 
Seat 2: pmags88 ($24.90 in chips) 
Seat 3: gjc256 ($10 in chips) 
Seat 4: Proc21 ($25 in chips) 
Seat 5: trankthetank ($20.70 in chips) 
Seat 6: Neversee ($32.95 in chips) 
Seat 7: Alameda22 ($25 in chips) 
Seat 8: shakerat_1 ($46.85 in chips) 
Neversee: posts small blind $0.10
Alameda22: posts big blind $0.25
SteamnBmn: sits out 
gjc256: posts big blind $0.25
*** HOLE CARDS ***
Dealt to Alameda22 [Ah 2h]
shakerat_1: folds 
NoLiMiTz84: calls $0.25
pmags88: folds 
gjc256: checks 
Proc21: folds 
trankthetank: calls $0.25
Neversee: calls $0.15
Alameda22: checks 
*** FLOP *** [Jd Ad 9h]
Neversee: checks 
Alameda22: checks 
NoLiMiTz84: checks 
gjc256: checks 
trankthetank: bets $0.75
Neversee: folds 
Alameda22: folds 
NoLiMiTz84: calls $0.75
gjc256: folds 
*** TURN *** [Jd Ad 9h] [7h]
NoLiMiTz84: checks 
trankthetank: checks 
*** RIVER *** [Jd Ad 9h 7h] [5s]
NoLiMiTz84: checks 
trankthetank: bets $0.75
NoLiMiTz84: folds 
Uncalled bet ($0.75) returned to trankthetank
trankthetank collected $2.65 from pot
trankthetank: doesn't show hand 
*** SUMMARY ***
Total pot $2.75 | Rake $0.10 
Board [Jd Ad 9h 7h 5s]
Seat 1: NoLiMiTz84 folded on the River
Seat 2: pmags88 folded before Flop (didn't bet)
Seat 3: gjc256 folded on the Flop
Seat 4: Proc21 folded before Flop (didn't bet)
Seat 5: trankthetank (button) collected ($2.65)
Seat 6: Neversee (small blind) folded on the Flop
Seat 7: Alameda22 (big blind) folded on the Flop
Seat 8: shakerat_1 folded before Flop (didn't bet)



PokerStars Game #19980114379:  Hold'em No Limit ($0.10/$0.25) - 2008/08/29 - 00:05:30 (ET)
Table 'Valeria' 9-max Seat #6 is the button
Seat 1: NoLiMiTz84 ($24.35 in chips) 
Seat 2: pmags88 ($24.90 in chips) 
Seat 3: gjc256 ($9.75 in chips) 
Seat 4: Proc21 ($25 in chips) 
Seat 5: trankthetank ($22.35 in chips) 
Seat 6: Neversee ($32.70 in chips) 
Seat 7: Alameda22 ($24.75 in chips) 
Seat 8: shakerat_1 ($46.85 in chips) 
Alameda22: posts small blind $0.10
shakerat_1: posts big blind $0.25
SteamnBmn: sits out 
*** HOLE CARDS ***
Dealt to Alameda22 [Ah Td]
NoLiMiTz84: folds 
pmags88: folds 
gjc256: folds 
Proc21: raises $0.75 to $1
trankthetank: folds 
Neversee: calls $1
Alameda22: folds 
shakerat_1: folds 
*** FLOP *** [Js 6c 2h]
Proc21: bets $1.25
Neversee: folds 
Uncalled bet ($1.25) returned to Proc21
Proc21 collected $2.25 from pot
Proc21: doesn't show hand 
*** SUMMARY ***
Total pot $2.35 | Rake $0.10 
Board [Js 6c 2h]
Seat 1: NoLiMiTz84 folded before Flop (didn't bet)
Seat 2: pmags88 folded before Flop (didn't bet)
Seat 3: gjc256 folded before Flop (didn't bet)
Seat 4: Proc21 collected ($2.25)
Seat 5: trankthetank folded before Flop (didn't bet)
Seat 6: Neversee (button) folded on the Flop
Seat 7: Alameda22 (small blind) folded before Flop
Seat 8: shakerat_1 (big blind) folded before Flop



PokerStars Game #19980128221:  Hold'em No Limit ($0.10/$0.25) - 2008/08/29 - 00:06:17 (ET)
Table 'Valeria' 9-max Seat #7 is the button
Seat 1: NoLiMiTz84 ($24.35 in chips) 
Seat 2: pmags88 ($24.90 in chips) 
Seat 3: gjc256 ($9.75 in chips) 
Seat 4: Proc21 ($26.25 in chips) 
Seat 5: trankthetank ($22.35 in chips) 
Seat 6: Neversee ($31.70 in chips) 
Seat 7: Alameda22 ($24.65 in chips) 
Seat 8: shakerat_1 ($46.60 in chips) 
Seat 9: SteamnBmn ($25 in chips) 
shakerat_1: posts small blind $0.10
SteamnBmn: posts big blind $0.25
*** HOLE CARDS ***
Dealt to Alameda22 [8s Ks]
NoLiMiTz84: folds 
NoLiMiTz84 leaves the table
pmags88: folds 
gjc256: folds 
Proc21: folds 
trankthetank: raises $0.50 to $0.75
Neversee: folds 
Alameda22: folds 
shakerat_1: folds 
SteamnBmn: calls $0.50
*** FLOP *** [4c 6s 3c]
SteamnBmn: checks 
Donkey_Nuts1 joins the table at seat #1 
trankthetank: checks 
*** TURN *** [4c 6s 3c] [9c]
SteamnBmn: checks 
trankthetank: checks 
*** RIVER *** [4c 6s 3c 9c] [Jd]
SteamnBmn: checks 
trankthetank: checks 
*** SHOW DOWN ***
SteamnBmn: shows [Ts Kd] (high card King)
trankthetank: shows [As 9d] (a pair of Nines)
trankthetank collected $1.55 from pot
*** SUMMARY ***
Total pot $1.60 | Rake $0.05 
Board [4c 6s 3c 9c Jd]
Seat 1: NoLiMiTz84 folded before Flop (didn't bet)
Seat 2: pmags88 folded before Flop (didn't bet)
Seat 3: gjc256 folded before Flop (didn't bet)
Seat 4: Proc21 folded before Flop (didn't bet)
Seat 5: trankthetank showed [As 9d] and won ($1.55) with a pair of Nines
Seat 6: Neversee folded before Flop (didn't bet)
Seat 7: Alameda22 (button) folded before Flop (didn't bet)
Seat 8: shakerat_1 (small blind) folded before Flop
Seat 9: SteamnBmn (big blind) showed [Ts Kd] and lost with high card King



PokerStars Game #19980148784:  Hold'em No Limit ($0.10/$0.25) - 2008/08/29 - 00:07:26 (ET)
Table 'Valeria' 9-max Seat #8 is the button
Seat 1: Donkey_Nuts1 ($12 in chips) 
Seat 2: pmags88 ($24.90 in chips) 
Seat 3: gjc256 ($9.75 in chips) 
Seat 4: Proc21 ($26.25 in chips) 
Seat 5: trankthetank ($23.15 in chips) 
Seat 6: Neversee ($31.70 in chips) 
Seat 7: Alameda22 ($24.65 in chips) 
Seat 8: shakerat_1 ($46.50 in chips) 
Seat 9: SteamnBmn ($24.25 in chips) 
SteamnBmn: posts small blind $0.10
Donkey_Nuts1: posts big blind $0.25
*** HOLE CARDS ***
Dealt to Alameda22 [4h 5d]
pmags88: folds 
gjc256: folds 
Proc21: folds 
trankthetank: calls $0.25
Neversee: calls $0.25
Alameda22: folds 
shakerat_1: folds 
shakerat_1 leaves the table
SteamnBmn: folds 
Donkey_Nuts1: checks 
*** FLOP *** [Ks Qs 5h]
Donkey_Nuts1: checks 
trankthetank: checks 
Neversee: bets $0.75
Donkey_Nuts1: folds 
trankthetank: folds 
Uncalled bet ($0.75) returned to Neversee
Neversee collected $0.85 from pot
Neversee: doesn't show hand 
*** SUMMARY ***
Total pot $0.85 | Rake $0 
Board [Ks Qs 5h]
Seat 1: Donkey_Nuts1 (big blind) folded on the Flop
Seat 2: pmags88 folded before Flop (didn't bet)
Seat 3: gjc256 folded before Flop (didn't bet)
Seat 4: Proc21 folded before Flop (didn't bet)
Seat 5: trankthetank folded on the Flop
Seat 6: Neversee collected ($0.85)
Seat 7: Alameda22 folded before Flop (didn't bet)
Seat 8: shakerat_1 (button) folded before Flop (didn't bet)
Seat 9: SteamnBmn (small blind) folded before Flop



PokerStars Game #19980163694:  Hold'em No Limit ($0.10/$0.25) - 2008/08/29 - 00:08:16 (ET)
Table 'Valeria' 9-max Seat #9 is the button
Seat 1: Donkey_Nuts1 ($11.75 in chips) 
Seat 2: pmags88 ($24.90 in chips) 
Seat 3: gjc256 ($9.75 in chips) 
Seat 4: Proc21 ($26.25 in chips) 
Seat 5: trankthetank ($22.90 in chips) 
Seat 6: Neversee ($32.30 in chips) 
Seat 7: Alameda22 ($24.65 in chips) 
Seat 9: SteamnBmn ($24.15 in chips) 
Donkey_Nuts1: posts small blind $0.10
pmags88: posts big blind $0.25
*** HOLE CARDS ***
Dealt to Alameda22 [Jd Qh]
gjc256: folds 
Proc21: folds 
trankthetank: folds 
Neversee: calls $0.25
Alameda22: folds 
SteamnBmn: raises $1 to $1.25
Donkey_Nuts1: folds 
pmags88: folds 
Neversee: folds 
Uncalled bet ($1) returned to SteamnBmn
SteamnBmn collected $0.85 from pot
SteamnBmn: doesn't show hand 
*** SUMMARY ***
Total pot $0.85 | Rake $0 
Seat 1: Donkey_Nuts1 (small blind) folded before Flop
Seat 2: pmags88 (big blind) folded before Flop
Seat 3: gjc256 folded before Flop (didn't bet)
Seat 4: Proc21 folded before Flop (didn't bet)
Seat 5: trankthetank folded before Flop (didn't bet)
Seat 6: Neversee folded before Flop
Seat 7: Alameda22 folded before Flop (didn't bet)
Seat 9: SteamnBmn (button) collected ($0.85)



PokerStars Game #19980173222:  Hold'em No Limit ($0.10/$0.25) - 2008/08/29 - 00:08:49 (ET)
Table 'Valeria' 9-max Seat #1 is the button
Seat 1: Donkey_Nuts1 ($11.65 in chips) 
Seat 2: pmags88 ($24.65 in chips) 
Seat 3: gjc256 ($9.75 in chips) 
Seat 4: Proc21 ($26.25 in chips) 
Seat 5: trankthetank ($22.90 in chips) 
Seat 6: Neversee ($32.05 in chips) 
Seat 7: Alameda22 ($24.65 in chips) 
Seat 9: SteamnBmn ($24.75 in chips) 
pmags88: posts small blind $0.10
gjc256: posts big blind $0.25
*** HOLE CARDS ***
Dealt to Alameda22 [9s 3c]
Proc21: folds 
trankthetank: calls $0.25
Neversee: raises $0.75 to $1
Tooth joins the table at seat #8 
Alameda22: folds 
SteamnBmn: folds 
Donkey_Nuts1: folds 
pmags88: folds 
gjc256: folds 
trankthetank: calls $0.75
*** FLOP *** [6s Qc 8d]
trankthetank: checks 
Neversee: bets $1.25
trankthetank: calls $1.25
*** TURN *** [6s Qc 8d] [7c]
trankthetank: checks 
Neversee: bets $4.50
trankthetank: folds 
Uncalled bet ($4.50) returned to Neversee
Neversee collected $4.65 from pot
Neversee: doesn't show hand 
*** SUMMARY ***
Total pot $4.85 | Rake $0.20 
Board [6s Qc 8d 7c]
Seat 1: Donkey_Nuts1 (button) folded before Flop (didn't bet)
Seat 2: pmags88 (small blind) folded before Flop
Seat 3: gjc256 (big blind) folded before Flop
Seat 4: Proc21 folded before Flop (didn't bet)
Seat 5: trankthetank folded on the Turn
Seat 6: Neversee collected ($4.65)
Seat 7: Alameda22 folded before Flop (didn't bet)
Seat 9: SteamnBmn folded before Flop (didn't bet)



PokerStars Game #19980192967:  Hold'em No Limit ($0.10/$0.25) - 2008/08/29 - 00:09:55 (ET)
Table 'Valeria' 9-max Seat #2 is the button
Seat 1: Donkey_Nuts1 ($11.65 in chips) 
Seat 2: pmags88 ($24.55 in chips) 
Seat 3: gjc256 ($9.50 in chips) 
Seat 4: Proc21 ($26.25 in chips) 
Seat 5: trankthetank ($20.65 in chips) 
Seat 6: Neversee ($34.45 in chips) 
Seat 7: Alameda22 ($24.65 in chips) 
Seat 8: Tooth ($25 in chips) 
Seat 9: SteamnBmn ($24.75 in chips) 
gjc256: posts small blind $0.10
Proc21: posts big blind $0.25
Tooth: posts big blind $0.25
*** HOLE CARDS ***
Dealt to Alameda22 [Th 7d]
trankthetank: folds 
Neversee: folds 
Alameda22: folds 
Tooth: checks 
SteamnBmn: folds 
Donkey_Nuts1: folds 
pmags88: folds 
gjc256: calls $0.15
Proc21: checks 
*** FLOP *** [Jh 8s Qd]
gjc256: bets $0.50
Proc21: folds 
Tooth: calls $0.50
*** TURN *** [Jh 8s Qd] [8h]
gjc256: bets $0.50
Tooth: calls $0.50
*** RIVER *** [Jh 8s Qd 8h] [Kd]
gjc256: checks 
Tooth: checks 
*** SHOW DOWN ***
gjc256: shows [Jc 4c] (two pair, Jacks and Eights)
Tooth: shows [Qh 3s] (two pair, Queens and Eights)
Tooth collected $2.65 from pot
*** SUMMARY ***
Total pot $2.75 | Rake $0.10 
Board [Jh 8s Qd 8h Kd]
Seat 1: Donkey_Nuts1 folded before Flop (didn't bet)
Seat 2: pmags88 (button) folded before Flop (didn't bet)
Seat 3: gjc256 (small blind) showed [Jc 4c] and lost with two pair, Jacks and Eights
Seat 4: Proc21 (big blind) folded on the Flop
Seat 5: trankthetank folded before Flop (didn't bet)
Seat 6: Neversee folded before Flop (didn't bet)
Seat 7: Alameda22 folded before Flop (didn't bet)
Seat 8: Tooth showed [Qh 3s] and won ($2.65) with two pair, Queens and Eights
Seat 9: SteamnBmn folded before Flop (didn't bet)



PokerStars Game #19980216087:  Hold'em No Limit ($0.10/$0.25) - 2008/08/29 - 00:11:14 (ET)
Table 'Valeria' 9-max Seat #3 is the button
Seat 1: Donkey_Nuts1 ($11.65 in chips) 
Seat 2: pmags88 ($24.55 in chips) 
Seat 3: gjc256 ($8.25 in chips) 
Seat 4: Proc21 ($26 in chips) 
Seat 5: trankthetank ($20.65 in chips) 
Seat 6: Neversee ($34.45 in chips) 
Seat 7: Alameda22 ($24.65 in chips) 
Seat 8: Tooth ($26.40 in chips) 
Seat 9: SteamnBmn ($24.75 in chips) 
Proc21: posts small blind $0.10
trankthetank: posts big blind $0.25
*** HOLE CARDS ***
Dealt to Alameda22 [9c Tc]
Neversee: calls $0.25
Alameda22: calls $0.25
Tooth: folds 
SteamnBmn: folds 
Donkey_Nuts1: folds 
pmags88: folds 
gjc256: calls $0.25
Proc21: calls $0.15
trankthetank: raises $0.75 to $1
Neversee: calls $0.75
Alameda22: calls $0.75
gjc256: calls $0.75
Proc21: folds 
*** FLOP *** [Ac 8h 3h]
trankthetank: bets $1.50
Neversee: folds 
Alameda22: folds 
gjc256: folds 
Uncalled bet ($1.50) returned to trankthetank
trankthetank collected $4.05 from pot
trankthetank: doesn't show hand 
*** SUMMARY ***
Total pot $4.25 | Rake $0.20 
Board [Ac 8h 3h]
Seat 1: Donkey_Nuts1 folded before Flop (didn't bet)
Seat 2: pmags88 folded before Flop (didn't bet)
Seat 3: gjc256 (button) folded on the Flop
Seat 4: Proc21 (small blind) folded before Flop
Seat 5: trankthetank (big blind) collected ($4.05)
Seat 6: Neversee folded on the Flop
Seat 7: Alameda22 folded on the Flop
Seat 8: Tooth folded before Flop (didn't bet)
Seat 9: SteamnBmn folded before Flop (didn't bet)



PokerStars Game #19980244563:  Hold'em No Limit ($0.10/$0.25) - 2008/08/29 - 00:12:52 (ET)
Table 'Valeria' 9-max Seat #4 is the button
Seat 1: Donkey_Nuts1 ($11.65 in chips) 
Seat 2: pmags88 ($24.55 in chips) 
Seat 3: gjc256 ($7.25 in chips) 
Seat 4: Proc21 ($25.75 in chips) 
Seat 5: trankthetank ($23.70 in chips) 
Seat 6: Neversee ($33.45 in chips) 
Seat 7: Alameda22 ($23.65 in chips) 
Seat 8: Tooth ($26.40 in chips) 
Seat 9: SteamnBmn ($24.75 in chips) 
trankthetank: posts small blind $0.10
Neversee: posts big blind $0.25
*** HOLE CARDS ***
Dealt to Alameda22 [Qs 2s]
Alameda22: folds 
Tooth: folds 
SteamnBmn: folds 
Donkey_Nuts1: folds 
pmags88: folds 
gjc256: folds 
Proc21: folds 
trankthetank: calls $0.15
Neversee: checks 
*** FLOP *** [7h Qh 7c]
trankthetank: checks 
Neversee: bets $0.25
trankthetank: calls $0.25
*** TURN *** [7h Qh 7c] [Jc]
trankthetank: checks 
Neversee: bets $0.75
trankthetank: calls $0.75
*** RIVER *** [7h Qh 7c Jc] [3c]
trankthetank: checks 
Neversee: checks 
*** SHOW DOWN ***
trankthetank: shows [8d 8h] (two pair, Eights and Sevens)
Neversee: mucks hand 
trankthetank collected $2.40 from pot
*** SUMMARY ***
Total pot $2.50 | Rake $0.10 
Board [7h Qh 7c Jc 3c]
Seat 1: Donkey_Nuts1 folded before Flop (didn't bet)
Seat 2: pmags88 folded before Flop (didn't bet)
Seat 3: gjc256 folded before Flop (didn't bet)
Seat 4: Proc21 (button) folded before Flop (didn't bet)
Seat 5: trankthetank (small blind) showed [8d 8h] and won ($2.40) with two pair, Eights and Sevens
Seat 6: Neversee (big blind) mucked [Ah 5h]
Seat 7: Alameda22 folded before Flop (didn't bet)
Seat 8: Tooth folded before Flop (didn't bet)
Seat 9: SteamnBmn folded before Flop (didn't bet)



PokerStars Game #19980262516:  Hold'em No Limit ($0.10/$0.25) - 2008/08/29 - 00:13:54 (ET)
Table 'Valeria' 9-max Seat #5 is the button
Seat 1: Donkey_Nuts1 ($11.65 in chips) 
Seat 2: pmags88 ($24.55 in chips) 
Seat 3: gjc256 ($7.25 in chips) 
Seat 4: Proc21 ($25.75 in chips) 
Seat 5: trankthetank ($24.85 in chips) 
Seat 6: Neversee ($32.20 in chips) 
Seat 7: Alameda22 ($23.65 in chips) 
Seat 8: Tooth ($26.40 in chips) 
Seat 9: SteamnBmn ($24.75 in chips) 
Neversee: posts small blind $0.10
Alameda22: posts big blind $0.25
*** HOLE CARDS ***
Dealt to Alameda22 [Kh 4c]
Tooth: folds 
SteamnBmn: folds 
Donkey_Nuts1: folds 
pmags88: folds 
gjc256: folds 
Proc21: raises $0.75 to $1
trankthetank: calls $1
Neversee: calls $0.90
Alameda22: folds 
*** FLOP *** [2d 4s Jc]
Neversee: checks 
Proc21: bets $1.65
trankthetank: calls $1.65
Neversee: folds 
*** TURN *** [2d 4s Jc] [3s]
Proc21: checks 
trankthetank: checks 
*** RIVER *** [2d 4s Jc 3s] [Qd]
Proc21: checks 
trankthetank: bets $1.75
Proc21: folds 
Uncalled bet ($1.75) returned to trankthetank
trankthetank collected $6.25 from pot
trankthetank: doesn't show hand 
*** SUMMARY ***
Total pot $6.55 | Rake $0.30 
Board [2d 4s Jc 3s Qd]
Seat 1: Donkey_Nuts1 folded before Flop (didn't bet)
Seat 2: pmags88 folded before Flop (didn't bet)
Seat 3: gjc256 folded before Flop (didn't bet)
Seat 4: Proc21 folded on the River
Seat 5: trankthetank (button) collected ($6.25)
Seat 6: Neversee (small blind) folded on the Flop
Seat 7: Alameda22 (big blind) folded before Flop
Seat 8: Tooth folded before Flop (didn't bet)
Seat 9: SteamnBmn folded before Flop (didn't bet)



PokerStars Game #19980296164:  Hold'em No Limit ($0.10/$0.25) - 2008/08/29 - 00:15:52 (ET)
Table 'Valeria' 9-max Seat #6 is the button
Seat 1: Donkey_Nuts1 ($11.65 in chips) 
Seat 2: pmags88 ($24.55 in chips) 
Seat 3: gjc256 ($7.25 in chips) 
Seat 4: Proc21 ($25 in chips) 
Seat 5: trankthetank ($28.45 in chips) 
Seat 6: Neversee ($31.20 in chips) 
Seat 7: Alameda22 ($23.40 in chips) 
Seat 8: Tooth ($26.40 in chips) 
Seat 9: SteamnBmn ($24.75 in chips) 
Alameda22: posts small blind $0.10
Tooth: posts big blind $0.25
*** HOLE CARDS ***
Dealt to Alameda22 [7h Qc]
SteamnBmn: folds 
Donkey_Nuts1: folds 
pmags88: folds 
gjc256: raises $0.75 to $1
Proc21: folds 
trankthetank: folds 
Neversee: calls $1
Alameda22: folds 
Tooth: calls $0.75
*** FLOP *** [Ad Th Tc]
Tooth: checks 
gjc256: bets $1.50
Neversee: raises $2.50 to $4
Tooth: folds 
gjc256: raises $2.25 to $6.25 and is all-in
Neversee: calls $2.25
*** TURN *** [Ad Th Tc] [6s]
*** RIVER *** [Ad Th Tc 6s] [5d]
*** SHOW DOWN ***
gjc256: shows [Ah Ks] (two pair, Aces and Tens)
Neversee: shows [9c Ac] (two pair, Aces and Tens - lower kicker)
gjc256 collected $14.85 from pot
*** SUMMARY ***
Total pot $15.60 | Rake $0.75 
Board [Ad Th Tc 6s 5d]
Seat 1: Donkey_Nuts1 folded before Flop (didn't bet)
Seat 2: pmags88 folded before Flop (didn't bet)
Seat 3: gjc256 showed [Ah Ks] and won ($14.85) with two pair, Aces and Tens
Seat 4: Proc21 folded before Flop (didn't bet)
Seat 5: trankthetank folded before Flop (didn't bet)
Seat 6: Neversee (button) showed [9c Ac] and lost with two pair, Aces and Tens
Seat 7: Alameda22 (small blind) folded before Flop
Seat 8: Tooth (big blind) folded on the Flop
Seat 9: SteamnBmn folded before Flop (didn't bet)



PokerStars Game #19980317531:  Hold'em No Limit ($0.10/$0.25) - 2008/08/29 - 00:17:07 (ET)
Table 'Valeria' 9-max Seat #7 is the button
Seat 1: Donkey_Nuts1 ($11.65 in chips) 
Seat 2: pmags88 ($24.55 in chips) 
Seat 3: gjc256 ($14.85 in chips) 
Seat 4: Proc21 ($25 in chips) 
Seat 5: trankthetank ($28.45 in chips) 
Seat 6: Neversee ($23.95 in chips) 
Seat 7: Alameda22 ($23.30 in chips) 
Seat 8: Tooth ($25.40 in chips) 
Seat 9: SteamnBmn ($24.75 in chips) 
Tooth: posts small blind $0.10
SteamnBmn: posts big blind $0.25
*** HOLE CARDS ***
Dealt to Alameda22 [9c 4c]
Donkey_Nuts1: folds 
pmags88: folds 
gjc256: calls $0.25
Proc21: raises $1 to $1.25
trankthetank: calls $1.25
Neversee: folds 
Alameda22: folds 
Tooth: folds 
SteamnBmn: folds 
gjc256: calls $1
*** FLOP *** [4d Th 3h]
gjc256: bets $1.25
Proc21: folds 
trankthetank: calls $1.25
*** TURN *** [4d Th 3h] [7c]
gjc256: bets $1.75
trankthetank: calls $1.75
*** RIVER *** [4d Th 3h 7c] [5s]
gjc256: bets $2.25
trankthetank: calls $2.25
*** SHOW DOWN ***
gjc256: shows [Kd Tc] (a pair of Tens)
trankthetank: mucks hand 
gjc256 collected $13.90 from pot
*** SUMMARY ***
Total pot $14.60 | Rake $0.70 
Board [4d Th 3h 7c 5s]
Seat 1: Donkey_Nuts1 folded before Flop (didn't bet)
Seat 2: pmags88 folded before Flop (didn't bet)
Seat 3: gjc256 showed [Kd Tc] and won ($13.90) with a pair of Tens
Seat 4: Proc21 folded on the Flop
Seat 5: trankthetank mucked [8h 7s]
Seat 6: Neversee folded before Flop (didn't bet)
Seat 7: Alameda22 (button) folded before Flop (didn't bet)
Seat 8: Tooth (small blind) folded before Flop
Seat 9: SteamnBmn (big blind) folded before Flop



PokerStars Game #19980353199:  Hold'em No Limit ($0.10/$0.25) - 2008/08/29 - 00:19:13 (ET)
Table 'Valeria' 9-max Seat #8 is the button
Seat 1: Donkey_Nuts1 ($11.65 in chips) 
Seat 2: pmags88 ($24.55 in chips) 
Seat 3: gjc256 ($22.25 in chips) 
Seat 4: Proc21 ($25 in chips) 
Seat 5: trankthetank ($21.95 in chips) 
Seat 6: Neversee ($23.95 in chips) 
Seat 7: Alameda22 ($23.30 in chips) 
Seat 8: Tooth ($25.30 in chips) 
Seat 9: SteamnBmn ($24.50 in chips) 
SteamnBmn: posts small blind $0.10
Donkey_Nuts1: posts big blind $0.25
*** HOLE CARDS ***
Dealt to Alameda22 [As 9s]
pmags88: folds 
gjc256: folds 
Proc21: folds 
trankthetank: folds 
Neversee: folds 
Alameda22: folds 
Tooth: folds 
SteamnBmn: calls $0.15
Donkey_Nuts1: checks 
*** FLOP *** [4c Ad 9c]
SteamnBmn: bets $0.50
Donkey_Nuts1: folds 
Uncalled bet ($0.50) returned to SteamnBmn
SteamnBmn collected $0.50 from pot
SteamnBmn: doesn't show hand 
*** SUMMARY ***
Total pot $0.50 | Rake $0 
Board [4c Ad 9c]
Seat 1: Donkey_Nuts1 (big blind) folded on the Flop
Seat 2: pmags88 folded before Flop (didn't bet)
Seat 3: gjc256 folded before Flop (didn't bet)
Seat 4: Proc21 folded before Flop (didn't bet)
Seat 5: trankthetank folded before Flop (didn't bet)
Seat 6: Neversee folded before Flop (didn't bet)
Seat 7: Alameda22 folded before Flop (didn't bet)
Seat 8: Tooth (button) folded before Flop (didn't bet)
Seat 9: SteamnBmn (small blind) collected ($0.50)



PokerStars Game #19980366792:  Hold'em No Limit ($0.10/$0.25) - 2008/08/29 - 00:20:01 (ET)
Table 'Valeria' 9-max Seat #9 is the button
Seat 1: Donkey_Nuts1 ($11.40 in chips) 
Seat 2: pmags88 ($24.55 in chips) 
Seat 3: gjc256 ($22.25 in chips) 
Seat 4: Proc21 ($25 in chips) 
Seat 5: trankthetank ($21.95 in chips) 
Seat 6: Neversee ($23.95 in chips) 
Seat 7: Alameda22 ($23.30 in chips) 
Seat 8: Tooth ($25.30 in chips) 
Seat 9: SteamnBmn ($24.75 in chips) 
Donkey_Nuts1: posts small blind $0.10
pmags88: posts big blind $0.25
*** HOLE CARDS ***
Dealt to Alameda22 [As Jh]
gjc256: folds 
Proc21: folds 
trankthetank: folds 
Neversee: calls $0.25
Alameda22: folds 
Tooth: calls $0.25
SteamnBmn: folds 
Donkey_Nuts1: folds 
pmags88: checks 
*** FLOP *** [4s 2s 5d]
pmags88: checks 
Neversee: checks 
Tooth: checks 
*** TURN *** [4s 2s 5d] [2c]
pmags88: checks 
Neversee: bets $0.50
Tooth: folds 
pmags88: folds 
Uncalled bet ($0.50) returned to Neversee
Neversee collected $0.85 from pot
Neversee: doesn't show hand 
*** SUMMARY ***
Total pot $0.85 | Rake $0 
Board [4s 2s 5d 2c]
Seat 1: Donkey_Nuts1 (small blind) folded before Flop
Seat 2: pmags88 (big blind) folded on the Turn
Seat 3: gjc256 folded before Flop (didn't bet)
Seat 4: Proc21 folded before Flop (didn't bet)
Seat 5: trankthetank folded before Flop (didn't bet)
Seat 6: Neversee collected ($0.85)
Seat 7: Alameda22 folded before Flop (didn't bet)
Seat 8: Tooth folded on the Turn
Seat 9: SteamnBmn (button) folded before Flop (didn't bet)



PokerStars Game #19980387838:  Hold'em No Limit ($0.10/$0.25) - 2008/08/29 - 00:21:16 (ET)
Table 'Valeria' 9-max Seat #1 is the button
Seat 1: Donkey_Nuts1 ($11.30 in chips) 
Seat 2: pmags88 ($24.30 in chips) 
Seat 3: gjc256 ($22.25 in chips) 
Seat 4: Proc21 ($25 in chips) 
Seat 5: trankthetank ($21.95 in chips) 
Seat 6: Neversee ($24.55 in chips) 
Seat 7: Alameda22 ($23.30 in chips) 
Seat 8: Tooth ($25.05 in chips) 
Seat 9: SteamnBmn ($24.75 in chips) 
pmags88: posts small blind $0.10
gjc256: posts big blind $0.25
*** HOLE CARDS ***
Dealt to Alameda22 [Qh 9d]
Proc21: folds 
trankthetank: raises $0.25 to $0.50
Neversee: folds 
Alameda22: folds 
Tooth: calls $0.50
SteamnBmn: raises $1 to $1.50
Donkey_Nuts1: folds 
pmags88: folds 
gjc256: folds 
trankthetank: calls $1
Tooth: calls $1
*** FLOP *** [2h 8c 7d]
trankthetank: bets $3.25
Tooth: folds 
SteamnBmn: folds 
Uncalled bet ($3.25) returned to trankthetank
trankthetank collected $4.65 from pot
trankthetank: doesn't show hand 
*** SUMMARY ***
Total pot $4.85 | Rake $0.20 
Board [2h 8c 7d]
Seat 1: Donkey_Nuts1 (button) folded before Flop (didn't bet)
Seat 2: pmags88 (small blind) folded before Flop
Seat 3: gjc256 (big blind) folded before Flop
Seat 4: Proc21 folded before Flop (didn't bet)
Seat 5: trankthetank collected ($4.65)
Seat 6: Neversee folded before Flop (didn't bet)
Seat 7: Alameda22 folded before Flop (didn't bet)
Seat 8: Tooth folded on the Flop
Seat 9: SteamnBmn folded on the Flop



