PokerStars Game #19837390597:  Hold'em No Limit ($0.10/$0.25) - 2008/08/23 - 13:36:55 (ET)
Table 'Vanadis IV' 9-max Seat #3 is the button
Seat 1: Zensay ($24.65 in chips) 
Seat 2: Alameda22 ($25 in chips) 
Seat 3: inductive ($26.45 in chips) 
Seat 4: schiz ($25.10 in chips) 
Seat 5: bolm ($41.60 in chips) 
Seat 6: elijahscott ($9.65 in chips) 
Seat 7: JhnGC ($16.70 in chips) 
Seat 8: tasaun03 ($46.10 in chips) 
Seat 9: DirkDirty ($25 in chips) 
schiz: posts small blind $0.10
bolm: posts big blind $0.25
Alameda22: posts big blind $0.25
*** HOLE CARDS ***
Dealt to Alameda22 [9h Kh]
elijahscott: folds 
JhnGC: folds 
tasaun03: folds 
DirkDirty: folds 
Zensay: folds 
Alameda22: checks 
inductive: folds 
tasaun03 said, "no i gots a woody dude"
schiz: folds 
bolm: checks 
*** FLOP *** [Jd 2c Ts]
bolm: checks 
Alameda22: bets $0.25
bolm: calls $0.25
*** TURN *** [Jd 2c Ts] [Kd]
bolm: checks 
Alameda22: bets $0.75
bolm: folds 
Uncalled bet ($0.75) returned to Alameda22
Alameda22 collected $1.05 from pot
Alameda22: doesn't show hand 
*** SUMMARY ***
Total pot $1.10 | Rake $0.05 
Board [Jd 2c Ts Kd]
Seat 1: Zensay folded before Flop (didn't bet)
Seat 2: Alameda22 collected ($1.05)
Seat 3: inductive (button) folded before Flop (didn't bet)
Seat 4: schiz (small blind) folded before Flop
Seat 5: bolm (big blind) folded on the Turn
Seat 6: elijahscott folded before Flop (didn't bet)
Seat 7: JhnGC folded before Flop (didn't bet)
Seat 8: tasaun03 folded before Flop (didn't bet)
Seat 9: DirkDirty folded before Flop (didn't bet)



PokerStars Game #19837411300:  Hold'em No Limit ($0.10/$0.25) - 2008/08/23 - 13:37:46 (ET)
Table 'Vanadis IV' 9-max Seat #4 is the button
Seat 1: Zensay ($24.65 in chips) 
Seat 2: Alameda22 ($25.55 in chips) 
Seat 3: inductive ($26.45 in chips) 
Seat 4: schiz ($25 in chips) 
Seat 5: bolm ($41.10 in chips) 
Seat 6: elijahscott ($9.65 in chips) 
Seat 7: JhnGC ($16.70 in chips) 
Seat 8: tasaun03 ($46.10 in chips) 
Seat 9: DirkDirty ($25 in chips) 
bolm: posts small blind $0.10
elijahscott: posts big blind $0.25
*** HOLE CARDS ***
Dealt to Alameda22 [5h Kd]
JhnGC: folds 
tasaun03: folds 
DirkDirty: folds 
Zensay: folds 
Alameda22: folds 
inductive: folds 
DirkDirty said, "oh ... you're gay?"
schiz: folds 
bolm: raises $0.50 to $0.75
elijahscott: calls $0.50
*** FLOP *** [Qd 9h Ad]
tasaun03 said, "yes"
bolm: bets $1.50
elijahscott: calls $1.50
*** TURN *** [Qd 9h Ad] [Ac]
bolm: bets $3
elijahscott: calls $3
*** RIVER *** [Qd 9h Ad Ac] [2c]
DirkDirty said, "m2 ... ;-)"
bolm: bets $4.50
elijahscott: calls $4.40 and is all-in
Uncalled bet ($0.10) returned to bolm
*** SHOW DOWN ***
bolm: shows [As Tc] (three of a kind, Aces)
elijahscott: shows [2h Ah] (a full house, Aces full of Deuces)
tasaun03 said, "srry u slow played and got burnd is that the first?"
elijahscott collected $18.40 from pot
*** SUMMARY ***
Total pot $19.30 | Rake $0.90 
Board [Qd 9h Ad Ac 2c]
Seat 1: Zensay folded before Flop (didn't bet)
Seat 2: Alameda22 folded before Flop (didn't bet)
Seat 3: inductive folded before Flop (didn't bet)
Seat 4: schiz (button) folded before Flop (didn't bet)
Seat 5: bolm (small blind) showed [As Tc] and lost with three of a kind, Aces
Seat 6: elijahscott (big blind) showed [2h Ah] and won ($18.40) with a full house, Aces full of Deuces
Seat 7: JhnGC folded before Flop (didn't bet)
Seat 8: tasaun03 folded before Flop (didn't bet)
Seat 9: DirkDirty folded before Flop (didn't bet)



PokerStars Game #19837438805:  Hold'em No Limit ($0.10/$0.25) - 2008/08/23 - 13:38:54 (ET)
Table 'Vanadis IV' 9-max Seat #5 is the button
Seat 1: Zensay ($24.65 in chips) 
Seat 2: Alameda22 ($25.55 in chips) 
Seat 3: inductive ($26.45 in chips) 
Seat 4: schiz ($25 in chips) 
Seat 5: bolm ($31.45 in chips) 
Seat 6: elijahscott ($18.40 in chips) 
Seat 7: JhnGC ($16.70 in chips) 
Seat 8: tasaun03 ($46.10 in chips) 
Seat 9: DirkDirty ($25 in chips) 
elijahscott: posts small blind $0.10
JhnGC: posts big blind $0.25
*** HOLE CARDS ***
Dealt to Alameda22 [Ks 5s]
tasaun03 said, "and get ur hand off my leg"
tasaun03: raises $0.25 to $0.50
DirkDirty: folds 
bolm said, "bad day today so far...."
Zensay: folds 
Alameda22: folds 
inductive: folds 
schiz: folds 
bolm: folds 
elijahscott: folds 
JhnGC: calls $0.25
*** FLOP *** [7h 4d Jh]
JhnGC: checks 
Zensay said, "  youtack is ok bolm, no ?"
tasaun03: checks 
*** TURN *** [7h 4d Jh] [3d]
JhnGC: bets $0.50
Zensay said, "or did you lose alot before i sat down ?"
DirkDirty said, "every single hand I've had against you, you've sucked out"
DirkDirty said, "yes, EVERY single one"
tasaun03: folds 
Uncalled bet ($0.50) returned to JhnGC
JhnGC collected $1.05 from pot
JhnGC: doesn't show hand 
DirkDirty said, "I'm just value betting you to no end"
*** SUMMARY ***
Total pot $1.10 | Rake $0.05 
Board [7h 4d Jh 3d]
Seat 1: Zensay folded before Flop (didn't bet)
Seat 2: Alameda22 folded before Flop (didn't bet)
Seat 3: inductive folded before Flop (didn't bet)
Seat 4: schiz folded before Flop (didn't bet)
Seat 5: bolm (button) folded before Flop (didn't bet)
Seat 6: elijahscott (small blind) folded before Flop
Seat 7: JhnGC (big blind) collected ($1.05)
Seat 8: tasaun03 folded on the Turn
Seat 9: DirkDirty folded before Flop (didn't bet)



PokerStars Game #19837469592:  Hold'em No Limit ($0.10/$0.25) - 2008/08/23 - 13:40:10 (ET)
Table 'Vanadis IV' 9-max Seat #6 is the button
Seat 1: Zensay ($24.65 in chips) 
Seat 2: Alameda22 ($25.55 in chips) 
Seat 3: inductive ($26.45 in chips) 
Seat 4: schiz ($25 in chips) 
Seat 5: bolm ($31.45 in chips) 
Seat 6: elijahscott ($18.30 in chips) 
Seat 7: JhnGC ($17.25 in chips) 
Seat 8: tasaun03 ($45.60 in chips) 
Seat 9: DirkDirty ($25 in chips) 
JhnGC: posts small blind $0.10
tasaun03: posts big blind $0.25
*** HOLE CARDS ***
Dealt to Alameda22 [Js 2s]
DirkDirty said, "and you keep suckin on my ballllzzzzzzzzzz"
DirkDirty: folds 
Zensay: calls $0.25
Alameda22: folds 
inductive: folds 
tasaun03 said, "thnx for holding my chips though"
schiz: folds 
bolm: folds 
elijahscott: folds 
JhnGC: folds 
tasaun03: checks 
*** FLOP *** [6d 2d As]
tasaun03: checks 
Zensay: bets $0.50
bolm said, "really dirk?"
tasaun03: folds 
Uncalled bet ($0.50) returned to Zensay
Zensay collected $0.60 from pot
Zensay: doesn't show hand 
*** SUMMARY ***
Total pot $0.60 | Rake $0 
Board [6d 2d As]
Seat 1: Zensay collected ($0.60)
Seat 2: Alameda22 folded before Flop (didn't bet)
Seat 3: inductive folded before Flop (didn't bet)
Seat 4: schiz folded before Flop (didn't bet)
Seat 5: bolm folded before Flop (didn't bet)
Seat 6: elijahscott (button) folded before Flop (didn't bet)
Seat 7: JhnGC (small blind) folded before Flop
Seat 8: tasaun03 (big blind) folded on the Flop
Seat 9: DirkDirty folded before Flop (didn't bet)



PokerStars Game #19837484716:  Hold'em No Limit ($0.10/$0.25) - 2008/08/23 - 13:40:47 (ET)
Table 'Vanadis IV' 9-max Seat #7 is the button
Seat 1: Zensay ($25 in chips) 
Seat 2: Alameda22 ($25.55 in chips) 
Seat 3: inductive ($26.45 in chips) 
Seat 4: schiz ($25 in chips) 
Seat 5: bolm ($31.45 in chips) 
Seat 6: elijahscott ($18.30 in chips) 
Seat 7: JhnGC ($17.15 in chips) 
Seat 8: tasaun03 ($45.35 in chips) 
Seat 9: DirkDirty ($25 in chips) 
bolm said, "i had a lot of suxks outs too....."
tasaun03: posts small blind $0.10
DirkDirty: posts big blind $0.25
*** HOLE CARDS ***
Dealt to Alameda22 [Th 3d]
Zensay: folds 
Alameda22: folds 
inductive: folds 
DirkDirty said, "bolm, you're not even on my radar"
schiz: folds 
bolm: raises $0.50 to $0.75
elijahscott: folds 
JhnGC: folds 
tasaun03 said, "haha"
tasaun03: calls $0.65
DirkDirty: folds 
*** FLOP *** [Ad 7h 4d]
tasaun03: checks 
bolm: bets $1.50
tasaun03: calls $1.50
*** TURN *** [Ad 7h 4d] [9c]
tasaun03: checks 
bolm: bets $4
tasaun03: folds 
Uncalled bet ($4) returned to bolm
bolm collected $4.55 from pot
tasaun03 said, "A 2"
*** SUMMARY ***
Total pot $4.75 | Rake $0.20 
Board [Ad 7h 4d 9c]
Seat 1: Zensay folded before Flop (didn't bet)
Seat 2: Alameda22 folded before Flop (didn't bet)
Seat 3: inductive folded before Flop (didn't bet)
Seat 4: schiz folded before Flop (didn't bet)
Seat 5: bolm collected ($4.55)
Seat 6: elijahscott folded before Flop (didn't bet)
Seat 7: JhnGC (button) folded before Flop (didn't bet)
Seat 8: tasaun03 (small blind) folded on the Turn
Seat 9: DirkDirty (big blind) folded before Flop



PokerStars Game #19837512886:  Hold'em No Limit ($0.10/$0.25) - 2008/08/23 - 13:41:57 (ET)
Table 'Vanadis IV' 9-max Seat #8 is the button
Seat 1: Zensay ($25 in chips) 
Seat 2: Alameda22 ($25.55 in chips) 
Seat 3: inductive ($26.45 in chips) 
Seat 4: schiz ($25 in chips) 
Seat 5: bolm ($33.75 in chips) 
Seat 6: elijahscott ($18.30 in chips) 
Seat 7: JhnGC ($17.15 in chips) 
Seat 8: tasaun03 ($43.10 in chips) 
Seat 9: DirkDirty ($24.75 in chips) 
DirkDirty: posts small blind $0.10
Zensay: posts big blind $0.25
*** HOLE CARDS ***
Dealt to Alameda22 [Tc 9c]
Alameda22: folds 
inductive: folds 
schiz: folds 
bolm: folds 
elijahscott: folds 
JhnGC: folds 
tasaun03: folds 
DirkDirty: raises $0.50 to $0.75
Zensay: folds 
Uncalled bet ($0.50) returned to DirkDirty
DirkDirty collected $0.50 from pot
DirkDirty: doesn't show hand 
*** SUMMARY ***
Total pot $0.50 | Rake $0 
Seat 1: Zensay (big blind) folded before Flop
Seat 2: Alameda22 folded before Flop (didn't bet)
Seat 3: inductive folded before Flop (didn't bet)
Seat 4: schiz folded before Flop (didn't bet)
Seat 5: bolm folded before Flop (didn't bet)
Seat 6: elijahscott folded before Flop (didn't bet)
Seat 7: JhnGC folded before Flop (didn't bet)
Seat 8: tasaun03 (button) folded before Flop (didn't bet)
Seat 9: DirkDirty (small blind) collected ($0.50)



PokerStars Game #19837525483:  Hold'em No Limit ($0.10/$0.25) - 2008/08/23 - 13:42:29 (ET)
Table 'Vanadis IV' 9-max Seat #9 is the button
Seat 1: Zensay ($24.75 in chips) 
Seat 2: Alameda22 ($25.55 in chips) 
Seat 3: inductive ($26.45 in chips) 
Seat 4: schiz ($25 in chips) 
Seat 5: bolm ($33.75 in chips) 
Seat 6: elijahscott ($18.30 in chips) 
Seat 7: JhnGC ($17.15 in chips) 
Seat 8: tasaun03 ($43.10 in chips) 
Seat 9: DirkDirty ($25 in chips) 
Zensay: posts small blind $0.10
Alameda22: posts big blind $0.25
*** HOLE CARDS ***
Dealt to Alameda22 [Kh Ad]
inductive: folds 
inductive leaves the table
schiz: folds 
bolm: calls $0.25
rafaelrrpo joins the table at seat #3 
elijahscott: folds 
JhnGC: folds 
tasaun03: calls $0.25
DirkDirty: folds 
Zensay: calls $0.15
Alameda22: raises $1 to $1.25
bolm: folds 
tasaun03: calls $1
Zensay: folds 
*** FLOP *** [2d Jh Qd]
Alameda22: bets $2
tasaun03: folds 
Uncalled bet ($2) returned to Alameda22
Alameda22 collected $2.85 from pot
Alameda22: doesn't show hand 
*** SUMMARY ***
Total pot $3 | Rake $0.15 
Board [2d Jh Qd]
Seat 1: Zensay (small blind) folded before Flop
Seat 2: Alameda22 (big blind) collected ($2.85)
Seat 3: inductive folded before Flop (didn't bet)
Seat 4: schiz folded before Flop (didn't bet)
Seat 5: bolm folded before Flop
Seat 6: elijahscott folded before Flop (didn't bet)
Seat 7: JhnGC folded before Flop (didn't bet)
Seat 8: tasaun03 folded on the Flop
Seat 9: DirkDirty (button) folded before Flop (didn't bet)



PokerStars Game #19837546481:  Hold'em No Limit ($0.10/$0.25) - 2008/08/23 - 13:43:22 (ET)
Table 'Vanadis IV' 9-max Seat #1 is the button
Seat 1: Zensay ($24.50 in chips) 
Seat 2: Alameda22 ($27.15 in chips) 
Seat 3: rafaelrrpo ($5 in chips) 
Seat 4: schiz ($25 in chips) 
Seat 5: bolm ($33.50 in chips) 
Seat 6: elijahscott ($18.30 in chips) 
Seat 7: JhnGC ($17.15 in chips) 
Seat 8: tasaun03 ($41.85 in chips) 
Seat 9: DirkDirty ($25 in chips) 
Alameda22: posts small blind $0.10
rafaelrrpo: posts big blind $0.25
*** HOLE CARDS ***
Dealt to Alameda22 [Jc 3h]
schiz: folds 
bolm: folds 
elijahscott: folds 
JhnGC: raises $0.75 to $1
tasaun03: calls $1
DirkDirty: folds 
Zensay: folds 
Alameda22: folds 
rafaelrrpo: folds 
*** FLOP *** [Kh 3s 2h]
JhnGC: bets $1
tasaun03: raises $1 to $2
JhnGC: raises $3 to $5
tasaun03: raises $35.85 to $40.85 and is all-in
JhnGC: calls $11.15 and is all-in
Uncalled bet ($24.70) returned to tasaun03
*** TURN *** [Kh 3s 2h] [8h]
*** RIVER *** [Kh 3s 2h 8h] [5d]
*** SHOW DOWN ***
JhnGC: shows [3d 3c] (three of a kind, Threes)
tasaun03: shows [Ac As] (a pair of Aces)
JhnGC collected $32.95 from pot
*** SUMMARY ***
Total pot $34.65 | Rake $1.70 
Board [Kh 3s 2h 8h 5d]
Seat 1: Zensay (button) folded before Flop (didn't bet)
Seat 2: Alameda22 (small blind) folded before Flop
Seat 3: rafaelrrpo (big blind) folded before Flop
Seat 4: schiz folded before Flop (didn't bet)
Seat 5: bolm folded before Flop (didn't bet)
Seat 6: elijahscott folded before Flop (didn't bet)
Seat 7: JhnGC showed [3d 3c] and won ($32.95) with three of a kind, Threes
Seat 8: tasaun03 showed [Ac As] and lost with a pair of Aces
Seat 9: DirkDirty folded before Flop (didn't bet)



PokerStars Game #19837580970:  Hold'em No Limit ($0.10/$0.25) - 2008/08/23 - 13:44:50 (ET)
Table 'Vanadis IV' 9-max Seat #2 is the button
Seat 1: Zensay ($24.50 in chips) 
Seat 2: Alameda22 ($27.05 in chips) 
Seat 3: rafaelrrpo ($4.75 in chips) 
Seat 4: schiz ($25 in chips) 
Seat 5: bolm ($33.50 in chips) 
Seat 6: elijahscott ($18.30 in chips) 
Seat 7: JhnGC ($32.95 in chips) 
Seat 8: tasaun03 ($24.70 in chips) 
Seat 9: DirkDirty ($25 in chips) 
rafaelrrpo: posts small blind $0.10
schiz: posts big blind $0.25
*** HOLE CARDS ***
Dealt to Alameda22 [Qs 4h]
bolm: folds 
elijahscott: folds 
JhnGC: folds 
JhnGC said, "thot KK"
tasaun03: raises $24.45 to $24.70 and is all-in
DirkDirty: folds 
Zensay: folds 
DirkDirty said, "lol"
Alameda22: folds 
rafaelrrpo: folds 
schiz: folds 
Uncalled bet ($24.45) returned to tasaun03
tasaun03 collected $0.60 from pot
tasaun03: doesn't show hand 
*** SUMMARY ***
Total pot $0.60 | Rake $0 
Seat 1: Zensay folded before Flop (didn't bet)
Seat 2: Alameda22 (button) folded before Flop (didn't bet)
Seat 3: rafaelrrpo (small blind) folded before Flop
Seat 4: schiz (big blind) folded before Flop
Seat 5: bolm folded before Flop (didn't bet)
Seat 6: elijahscott folded before Flop (didn't bet)
Seat 7: JhnGC folded before Flop (didn't bet)
Seat 8: tasaun03 collected ($0.60)
Seat 9: DirkDirty folded before Flop (didn't bet)



PokerStars Game #19837594228:  Hold'em No Limit ($0.10/$0.25) - 2008/08/23 - 13:45:21 (ET)
Table 'Vanadis IV' 9-max Seat #3 is the button
Seat 1: Zensay ($24.50 in chips) 
Seat 2: Alameda22 ($27.05 in chips) 
Seat 3: rafaelrrpo ($4.65 in chips) 
Seat 4: schiz ($24.75 in chips) 
Seat 5: bolm ($33.50 in chips) 
Seat 6: elijahscott ($18.30 in chips) 
Seat 7: JhnGC ($32.95 in chips) 
Seat 8: tasaun03 ($25.05 in chips) 
Seat 9: DirkDirty ($25 in chips) 
schiz: posts small blind $0.10
bolm: posts big blind $0.25
*** HOLE CARDS ***
Dealt to Alameda22 [3c 2s]
elijahscott: folds 
JhnGC: raises $0.75 to $1
tasaun03: folds 
DirkDirty: folds 
Zensay: folds 
Alameda22: folds 
rafaelrrpo: folds 
schiz: folds 
bolm: folds 
Uncalled bet ($0.75) returned to JhnGC
JhnGC collected $0.60 from pot
JhnGC: doesn't show hand 
*** SUMMARY ***
Total pot $0.60 | Rake $0 
Seat 1: Zensay folded before Flop (didn't bet)
Seat 2: Alameda22 folded before Flop (didn't bet)
Seat 3: rafaelrrpo (button) folded before Flop (didn't bet)
Seat 4: schiz (small blind) folded before Flop
Seat 5: bolm (big blind) folded before Flop
Seat 6: elijahscott folded before Flop (didn't bet)
Seat 7: JhnGC collected ($0.60)
Seat 8: tasaun03 folded before Flop (didn't bet)
Seat 9: DirkDirty folded before Flop (didn't bet)



PokerStars Game #19837605276:  Hold'em No Limit ($0.10/$0.25) - 2008/08/23 - 13:45:49 (ET)
Table 'Vanadis IV' 9-max Seat #4 is the button
Seat 1: Zensay ($24.50 in chips) 
Seat 2: Alameda22 ($27.05 in chips) 
Seat 3: rafaelrrpo ($4.65 in chips) 
Seat 4: schiz ($24.65 in chips) 
Seat 5: bolm ($33.25 in chips) 
Seat 6: elijahscott ($18.30 in chips) 
Seat 7: JhnGC ($33.30 in chips) 
Seat 8: tasaun03 ($25.05 in chips) 
Seat 9: DirkDirty ($25 in chips) 
bolm: posts small blind $0.10
elijahscott: posts big blind $0.25
*** HOLE CARDS ***
Dealt to Alameda22 [6d 2h]
JhnGC: folds 
tasaun03: calls $0.25
DirkDirty: folds 
Zensay: folds 
Alameda22: folds 
rafaelrrpo: folds 
schiz: folds 
bolm: folds 
elijahscott: checks 
*** FLOP *** [Js Jd 7s]
elijahscott: checks 
tasaun03: bets $1
elijahscott: folds 
Uncalled bet ($1) returned to tasaun03
tasaun03 collected $0.60 from pot
tasaun03: doesn't show hand 
*** SUMMARY ***
Total pot $0.60 | Rake $0 
Board [Js Jd 7s]
Seat 1: Zensay folded before Flop (didn't bet)
Seat 2: Alameda22 folded before Flop (didn't bet)
Seat 3: rafaelrrpo folded before Flop (didn't bet)
Seat 4: schiz (button) folded before Flop (didn't bet)
Seat 5: bolm (small blind) folded before Flop
Seat 6: elijahscott (big blind) folded on the Flop
Seat 7: JhnGC folded before Flop (didn't bet)
Seat 8: tasaun03 collected ($0.60)
Seat 9: DirkDirty folded before Flop (didn't bet)



PokerStars Game #19837620687:  Hold'em No Limit ($0.10/$0.25) - 2008/08/23 - 13:46:26 (ET)
Table 'Vanadis IV' 9-max Seat #5 is the button
Seat 1: Zensay ($24.50 in chips) 
Seat 2: Alameda22 ($27.05 in chips) 
Seat 3: rafaelrrpo ($4.65 in chips) 
Seat 4: schiz ($24.65 in chips) 
Seat 5: bolm ($33.15 in chips) 
Seat 6: elijahscott ($18.05 in chips) 
Seat 7: JhnGC ($33.30 in chips) 
Seat 8: tasaun03 ($25.40 in chips) 
Seat 9: DirkDirty ($25 in chips) 
elijahscott: posts small blind $0.10
JhnGC: posts big blind $0.25
*** HOLE CARDS ***
Dealt to Alameda22 [Jh 3s]
tasaun03: folds 
DirkDirty: folds 
Zensay: calls $0.25
Alameda22: folds 
rafaelrrpo: folds 
schiz: folds 
bolm: calls $0.25
elijahscott: calls $0.15
JhnGC: checks 
*** FLOP *** [4h Qs 6d]
elijahscott: checks 
JhnGC: checks 
Zensay: checks 
bolm: checks 
*** TURN *** [4h Qs 6d] [7s]
elijahscott: checks 
JhnGC: checks 
Zensay: bets $0.75
bolm: folds 
elijahscott: calls $0.75
JhnGC: folds 
*** RIVER *** [4h Qs 6d 7s] [7d]
elijahscott: checks 
Zensay: checks 
*** SHOW DOWN ***
elijahscott: shows [9h 7c] (three of a kind, Sevens)
Zensay: mucks hand 
elijahscott collected $2.40 from pot
*** SUMMARY ***
Total pot $2.50 | Rake $0.10 
Board [4h Qs 6d 7s 7d]
Seat 1: Zensay mucked [5h 5s]
Seat 2: Alameda22 folded before Flop (didn't bet)
Seat 3: rafaelrrpo folded before Flop (didn't bet)
Seat 4: schiz folded before Flop (didn't bet)
Seat 5: bolm (button) folded on the Turn
Seat 6: elijahscott (small blind) showed [9h 7c] and won ($2.40) with three of a kind, Sevens
Seat 7: JhnGC (big blind) folded on the Turn
Seat 8: tasaun03 folded before Flop (didn't bet)
Seat 9: DirkDirty folded before Flop (didn't bet)



PokerStars Game #19837642767:  Hold'em No Limit ($0.10/$0.25) - 2008/08/23 - 13:47:20 (ET)
Table 'Vanadis IV' 9-max Seat #6 is the button
Seat 1: Zensay ($23.50 in chips) 
Seat 2: Alameda22 ($27.05 in chips) 
Seat 3: rafaelrrpo ($4.65 in chips) 
Seat 4: schiz ($24.65 in chips) 
Seat 5: bolm ($32.90 in chips) 
Seat 6: elijahscott ($19.45 in chips) 
Seat 7: JhnGC ($33.05 in chips) 
Seat 8: tasaun03 ($25.40 in chips) 
Seat 9: DirkDirty ($25 in chips) 
JhnGC: posts small blind $0.10
tasaun03: posts big blind $0.25
*** HOLE CARDS ***
Dealt to Alameda22 [8d 2h]
DirkDirty: folds 
Zensay said, "had 55, seems like ages ago that i hit trips with a pocket pair :-("
Zensay: folds 
Alameda22: folds 
tasaun03 said, "same"
rafaelrrpo: folds 
schiz: folds 
tasaun03 said, "GL guys 1 more"
bolm: folds 
elijahscott: folds 
JhnGC: folds 
Uncalled bet ($0.15) returned to tasaun03
tasaun03 collected $0.20 from pot
tasaun03: shows [6s Jh] (high card Jack)
*** SUMMARY ***
Total pot $0.20 | Rake $0 
Seat 1: Zensay folded before Flop (didn't bet)
Seat 2: Alameda22 folded before Flop (didn't bet)
Seat 3: rafaelrrpo folded before Flop (didn't bet)
Seat 4: schiz folded before Flop (didn't bet)
Seat 5: bolm folded before Flop (didn't bet)
Seat 6: elijahscott (button) folded before Flop (didn't bet)
Seat 7: JhnGC (small blind) folded before Flop
Seat 8: tasaun03 (big blind) collected ($0.20)
Seat 9: DirkDirty folded before Flop (didn't bet)



PokerStars Game #19837662930:  Hold'em No Limit ($0.10/$0.25) - 2008/08/23 - 13:48:10 (ET)
Table 'Vanadis IV' 9-max Seat #7 is the button
Seat 1: Zensay ($23.50 in chips) 
Seat 2: Alameda22 ($27.05 in chips) 
Seat 3: rafaelrrpo ($4.65 in chips) 
Seat 4: schiz ($24.65 in chips) 
Seat 5: bolm ($32.90 in chips) 
Seat 6: elijahscott ($19.45 in chips) 
Seat 7: JhnGC ($32.95 in chips) 
Seat 8: tasaun03 ($25.50 in chips) 
Seat 9: DirkDirty ($25 in chips) 
tasaun03: posts small blind $0.10
DirkDirty: posts big blind $0.25
*** HOLE CARDS ***
Dealt to Alameda22 [Kd Th]
Zensay: folds 
Alameda22: folds 
rafaelrrpo: folds 
Zensay leaves the table
schiz: folds 
realoli234 joins the table at seat #1 
bolm: folds 
elijahscott: calls $0.25
JhnGC: calls $0.25
tasaun03: raises $25.25 to $25.50 and is all-in
DirkDirty: folds 
elijahscott: folds 
JhnGC: folds 
Uncalled bet ($25.25) returned to tasaun03
JhnGC said, "lol"
tasaun03 collected $1 from pot
tasaun03: shows [Qs 6s] (high card Queen)
*** SUMMARY ***
Total pot $1 | Rake $0 
Seat 1: Zensay folded before Flop (didn't bet)
Seat 2: Alameda22 folded before Flop (didn't bet)
Seat 3: rafaelrrpo folded before Flop (didn't bet)
Seat 4: schiz folded before Flop (didn't bet)
Seat 5: bolm folded before Flop (didn't bet)
Seat 6: elijahscott folded before Flop
Seat 7: JhnGC (button) folded before Flop
Seat 8: tasaun03 (small blind) collected ($1)
Seat 9: DirkDirty (big blind) folded before Flop



PokerStars Game #19837685013:  Hold'em No Limit ($0.10/$0.25) - 2008/08/23 - 13:49:04 (ET)
Table 'Vanadis IV' 9-max Seat #8 is the button
Seat 1: realoli234 ($5 in chips) 
Seat 2: Alameda22 ($27.05 in chips) 
Seat 3: rafaelrrpo ($4.65 in chips) 
Seat 4: schiz ($24.65 in chips) 
Seat 5: bolm ($32.90 in chips) 
Seat 6: elijahscott ($19.20 in chips) 
Seat 7: JhnGC ($32.70 in chips) 
Seat 8: tasaun03 ($26.25 in chips) 
Seat 9: DirkDirty ($24.75 in chips) 
DirkDirty: posts small blind $0.10
realoli234: posts big blind $0.25
*** HOLE CARDS ***
Dealt to Alameda22 [3d 9h]
Alameda22: folds 
rafaelrrpo: folds 
schiz: folds 
bolm: folds 
elijahscott: folds 
JhnGC: folds 
tasaun03: folds 
DirkDirty: raises $0.50 to $0.75
realoli234: raises $1.25 to $2
DirkDirty: folds 
Uncalled bet ($1.25) returned to realoli234
realoli234 collected $1.50 from pot
realoli234: doesn't show hand 
*** SUMMARY ***
Total pot $1.50 | Rake $0 
Seat 1: realoli234 (big blind) collected ($1.50)
Seat 2: Alameda22 folded before Flop (didn't bet)
Seat 3: rafaelrrpo folded before Flop (didn't bet)
Seat 4: schiz folded before Flop (didn't bet)
Seat 5: bolm folded before Flop (didn't bet)
Seat 6: elijahscott folded before Flop (didn't bet)
Seat 7: JhnGC folded before Flop (didn't bet)
Seat 8: tasaun03 (button) folded before Flop (didn't bet)
Seat 9: DirkDirty (small blind) folded before Flop



PokerStars Game #19837702289:  Hold'em No Limit ($0.10/$0.25) - 2008/08/23 - 13:49:47 (ET)
Table 'Vanadis IV' 9-max Seat #9 is the button
Seat 1: realoli234 ($5.75 in chips) 
Seat 2: Alameda22 ($27.05 in chips) 
Seat 3: rafaelrrpo ($4.65 in chips) 
Seat 4: schiz ($24.65 in chips) 
Seat 5: bolm ($32.90 in chips) 
Seat 6: elijahscott ($19.20 in chips) 
Seat 7: JhnGC ($32.70 in chips) 
Seat 8: tasaun03 ($26.25 in chips) 
Seat 9: DirkDirty ($24 in chips) 
realoli234: posts small blind $0.10
Alameda22: posts big blind $0.25
*** HOLE CARDS ***
Dealt to Alameda22 [4d 9d]
rafaelrrpo: folds 
schiz: folds 
bolm: calls $0.25
elijahscott: folds 
JhnGC: calls $0.25
tasaun03: raises $26 to $26.25 and is all-in
DirkDirty: calls $24 and is all-in
realoli234: folds 
JhnGC said, "hehehehe"
Alameda22: folds 
tasaun03 said, ":)"
bolm: folds 
JhnGC: folds 
Uncalled bet ($2.25) returned to tasaun03
*** FLOP *** [Qc 6s Ks]
*** TURN *** [Qc 6s Ks] [3c]
*** RIVER *** [Qc 6s Ks 3c] [Ah]
*** SHOW DOWN ***
tasaun03: shows [9s Qs] (a pair of Queens)
DirkDirty: mucks hand 
tasaun03 collected $46.45 from pot
tasaun03 said, "omg"
*** SUMMARY ***
Total pot $48.85 | Rake $2.40 
Board [Qc 6s Ks 3c Ah]
Seat 1: realoli234 (small blind) folded before Flop
Seat 2: Alameda22 (big blind) folded before Flop
Seat 3: rafaelrrpo folded before Flop (didn't bet)
Seat 4: schiz folded before Flop (didn't bet)
Seat 5: bolm folded before Flop
Seat 6: elijahscott folded before Flop (didn't bet)
Seat 7: JhnGC folded before Flop
Seat 8: tasaun03 showed [9s Qs] and won ($46.45) with a pair of Queens
Seat 9: DirkDirty (button) mucked [Jc Jh]



PokerStars Game #19837724209:  Hold'em No Limit ($0.10/$0.25) - 2008/08/23 - 13:50:43 (ET)
Table 'Vanadis IV' 9-max Seat #1 is the button
Seat 1: realoli234 ($5.65 in chips) 
Seat 2: Alameda22 ($26.80 in chips) 
Seat 3: rafaelrrpo ($4.65 in chips) 
Seat 4: schiz ($24.65 in chips) 
Seat 5: bolm ($32.65 in chips) 
Seat 6: elijahscott ($19.20 in chips) 
Seat 7: JhnGC ($32.45 in chips) 
Seat 8: tasaun03 ($48.70 in chips) 
Seat 9: DirkDirty ($25 in chips) 
Alameda22: posts small blind $0.10
rafaelrrpo: posts big blind $0.25
*** HOLE CARDS ***
Dealt to Alameda22 [2d Ts]
schiz: folds 
bolm: raises $0.50 to $0.75
elijahscott: folds 
JhnGC: folds 
DirkDirty said, "another suck out ... please keep doing that!"
tasaun03: folds 
tasaun03 said, "later srry i ttried"
DirkDirty: folds 
realoli234: folds 
Alameda22: folds 
rafaelrrpo: folds 
Uncalled bet ($0.50) returned to bolm
JhnGC said, "had to leaave 10 mins ago but too much fun here"
bolm collected $0.60 from pot
*** SUMMARY ***
Total pot $0.60 | Rake $0 
Seat 1: realoli234 (button) folded before Flop (didn't bet)
Seat 2: Alameda22 (small blind) folded before Flop
Seat 3: rafaelrrpo (big blind) folded before Flop
Seat 4: schiz folded before Flop (didn't bet)
Seat 5: bolm collected ($0.60)
Seat 6: elijahscott folded before Flop (didn't bet)
Seat 7: JhnGC folded before Flop (didn't bet)
Seat 8: tasaun03 folded before Flop (didn't bet)
Seat 9: DirkDirty folded before Flop (didn't bet)



PokerStars Game #19837735121:  Hold'em No Limit ($0.10/$0.25) - 2008/08/23 - 13:51:10 (ET)
Table 'Vanadis IV' 9-max Seat #2 is the button
Seat 1: realoli234 ($5.65 in chips) 
Seat 2: Alameda22 ($26.70 in chips) 
Seat 3: rafaelrrpo ($4.40 in chips) 
Seat 4: schiz ($24.65 in chips) 
Seat 5: bolm ($33 in chips) 
Seat 6: elijahscott ($19.20 in chips) 
Seat 7: JhnGC ($32.45 in chips) 
Seat 8: tasaun03 ($48.70 in chips) 
Seat 9: DirkDirty ($25 in chips) 
rafaelrrpo: posts small blind $0.10
schiz: posts big blind $0.25
*** HOLE CARDS ***
Dealt to Alameda22 [6h 8d]
bolm: folds 
elijahscott: folds 
JhnGC: raises $0.75 to $1
tasaun03: calls $1
DirkDirty: calls $1
realoli234: folds 
Alameda22: folds 
rafaelrrpo: folds 
schiz: folds 
*** FLOP *** [Jh Ad 9h]
JhnGC: checks 
tasaun03: bets $5
DirkDirty: raises $19 to $24 and is all-in
JhnGC: folds 
tasaun03: calls $19
JhnGC said, "yeh rite"
*** TURN *** [Jh Ad 9h] [6s]
*** RIVER *** [Jh Ad 9h 6s] [2c]
*** SHOW DOWN ***
tasaun03: shows [3h Kh] (high card Ace)
DirkDirty: shows [Ac Qh] (a pair of Aces)
DirkDirty collected $48.80 from pot
tasaun03 said, "lol"
*** SUMMARY ***
Total pot $51.35 | Rake $2.55 
Board [Jh Ad 9h 6s 2c]
Seat 1: realoli234 folded before Flop (didn't bet)
Seat 2: Alameda22 (button) folded before Flop (didn't bet)
Seat 3: rafaelrrpo (small blind) folded before Flop
Seat 4: schiz (big blind) folded before Flop
Seat 5: bolm folded before Flop (didn't bet)
Seat 6: elijahscott folded before Flop (didn't bet)
Seat 7: JhnGC folded on the Flop
Seat 8: tasaun03 showed [3h Kh] and lost with high card Ace
Seat 9: DirkDirty showed [Ac Qh] and won ($48.80) with a pair of Aces



PokerStars Game #19837757953:  Hold'em No Limit ($0.10/$0.25) - 2008/08/23 - 13:52:07 (ET)
Table 'Vanadis IV' 9-max Seat #3 is the button
Seat 1: realoli234 ($5.65 in chips) 
Seat 2: Alameda22 ($26.70 in chips) 
Seat 3: rafaelrrpo ($4.30 in chips) 
Seat 4: schiz ($24.40 in chips) 
Seat 5: bolm ($33 in chips) 
Seat 6: elijahscott ($19.20 in chips) 
Seat 7: JhnGC ($31.45 in chips) 
Seat 8: tasaun03 ($23.70 in chips) 
Seat 9: DirkDirty ($48.80 in chips) 
schiz: posts small blind $0.10
bolm: posts big blind $0.25
*** HOLE CARDS ***
Dealt to Alameda22 [Tc 5d]
elijahscott: calls $0.25
JhnGC: folds 
tasaun03: raises $23.45 to $23.70 and is all-in
DirkDirty: folds 
realoli234: folds 
Alameda22: folds 
rafaelrrpo: folds 
schiz: folds 
tasaun03 said, "what if man"
tasaun03 said, "what if"
bolm: folds 
elijahscott: folds 
Uncalled bet ($23.45) returned to tasaun03
tasaun03 collected $0.85 from pot
tasaun03: doesn't show hand 
JhnGC said, "sooner or later hell have it"
*** SUMMARY ***
Total pot $0.85 | Rake $0 
Seat 1: realoli234 folded before Flop (didn't bet)
Seat 2: Alameda22 folded before Flop (didn't bet)
Seat 3: rafaelrrpo (button) folded before Flop (didn't bet)
Seat 4: schiz (small blind) folded before Flop
Seat 5: bolm (big blind) folded before Flop
Seat 6: elijahscott folded before Flop
Seat 7: JhnGC folded before Flop (didn't bet)
Seat 8: tasaun03 collected ($0.85)
Seat 9: DirkDirty folded before Flop (didn't bet)



PokerStars Game #19837776583:  Hold'em No Limit ($0.10/$0.25) - 2008/08/23 - 13:52:55 (ET)
Table 'Vanadis IV' 9-max Seat #4 is the button
Seat 1: realoli234 ($5.65 in chips) 
Seat 2: Alameda22 ($26.70 in chips) 
Seat 3: rafaelrrpo ($4.30 in chips) 
Seat 4: schiz ($24.30 in chips) 
Seat 5: bolm ($32.75 in chips) 
Seat 6: elijahscott ($18.95 in chips) 
Seat 7: JhnGC ($31.45 in chips) 
Seat 8: tasaun03 ($24.30 in chips) 
Seat 9: DirkDirty ($48.80 in chips) 
bolm: posts small blind $0.10
elijahscott: posts big blind $0.25
*** HOLE CARDS ***
Dealt to Alameda22 [3c Qd]
JhnGC: folds 
tasaun03 said, "hope sooner"
tasaun03: raises $24.05 to $24.30 and is all-in
DirkDirty: folds 
realoli234: folds 
Alameda22: folds 
rafaelrrpo: folds 
schiz: folds 
bolm: folds 
elijahscott: folds 
Uncalled bet ($24.05) returned to tasaun03
tasaun03 collected $0.60 from pot
tasaun03: doesn't show hand 
*** SUMMARY ***
Total pot $0.60 | Rake $0 
Seat 1: realoli234 folded before Flop (didn't bet)
Seat 2: Alameda22 folded before Flop (didn't bet)
Seat 3: rafaelrrpo folded before Flop (didn't bet)
Seat 4: schiz (button) folded before Flop (didn't bet)
Seat 5: bolm (small blind) folded before Flop
Seat 6: elijahscott (big blind) folded before Flop
Seat 7: JhnGC folded before Flop (didn't bet)
Seat 8: tasaun03 collected ($0.60)
Seat 9: DirkDirty folded before Flop (didn't bet)



PokerStars Game #19837801618:  Hold'em No Limit ($0.10/$0.25) - 2008/08/23 - 13:53:58 (ET)
Table 'Vanadis IV' 9-max Seat #5 is the button
Seat 1: realoli234 ($5.65 in chips) 
Seat 2: Alameda22 ($26.70 in chips) 
Seat 3: rafaelrrpo ($4.30 in chips) 
Seat 4: schiz ($24.30 in chips) 
Seat 5: bolm ($32.65 in chips) 
Seat 6: elijahscott ($18.70 in chips) 
Seat 7: JhnGC ($31.45 in chips) 
Seat 8: tasaun03 ($24.65 in chips) 
Seat 9: DirkDirty ($48.80 in chips) 
elijahscott: posts small blind $0.10
JhnGC: posts big blind $0.25
*** HOLE CARDS ***
Dealt to Alameda22 [Jd 2s]
tasaun03: folds 
DirkDirty: folds 
tasaun03 said, "........."
realoli234: folds 
Alameda22: folds 
rafaelrrpo: raises $0.75 to $1
JhnGC said, "like 2003 at party all over agin"
schiz: folds 
bolm: folds 
elijahscott: folds 
JhnGC: folds 
Uncalled bet ($0.75) returned to rafaelrrpo
rafaelrrpo collected $0.60 from pot
rafaelrrpo: doesn't show hand 
*** SUMMARY ***
Total pot $0.60 | Rake $0 
Seat 1: realoli234 folded before Flop (didn't bet)
Seat 2: Alameda22 folded before Flop (didn't bet)
Seat 3: rafaelrrpo collected ($0.60)
Seat 4: schiz folded before Flop (didn't bet)
Seat 5: bolm (button) folded before Flop (didn't bet)
Seat 6: elijahscott (small blind) folded before Flop
Seat 7: JhnGC (big blind) folded before Flop
Seat 8: tasaun03 folded before Flop (didn't bet)
Seat 9: DirkDirty folded before Flop (didn't bet)



PokerStars Game #19837818220:  Hold'em No Limit ($0.10/$0.25) - 2008/08/23 - 13:54:41 (ET)
Table 'Vanadis IV' 9-max Seat #6 is the button
Seat 1: realoli234 ($5.65 in chips) 
Seat 2: Alameda22 ($26.70 in chips) 
Seat 3: rafaelrrpo ($4.65 in chips) 
Seat 4: schiz ($24.30 in chips) 
Seat 5: bolm ($32.65 in chips) 
Seat 6: elijahscott ($18.60 in chips) 
Seat 7: JhnGC ($31.20 in chips) 
Seat 8: tasaun03 ($24.65 in chips) 
Seat 9: DirkDirty ($48.80 in chips) 
JhnGC: posts small blind $0.10
tasaun03: posts big blind $0.25
*** HOLE CARDS ***
Dealt to Alameda22 [7c 8s]
DirkDirty: folds 
realoli234: folds 
Alameda22: folds 
rafaelrrpo: folds 
schiz: folds 
bolm: calls $0.25
elijahscott: folds 
JhnGC: folds 
tasaun03: checks 
*** FLOP *** [9d Ks 7s]
tasaun03: checks 
bolm: checks 
*** TURN *** [9d Ks 7s] [3s]
tasaun03: checks 
bolm: checks 
*** RIVER *** [9d Ks 7s 3s] [4d]
tasaun03: bets $1
bolm: folds 
Uncalled bet ($1) returned to tasaun03
tasaun03 collected $0.60 from pot
tasaun03: doesn't show hand 
*** SUMMARY ***
Total pot $0.60 | Rake $0 
Board [9d Ks 7s 3s 4d]
Seat 1: realoli234 folded before Flop (didn't bet)
Seat 2: Alameda22 folded before Flop (didn't bet)
Seat 3: rafaelrrpo folded before Flop (didn't bet)
Seat 4: schiz folded before Flop (didn't bet)
Seat 5: bolm folded on the River
Seat 6: elijahscott (button) folded before Flop (didn't bet)
Seat 7: JhnGC (small blind) folded before Flop
Seat 8: tasaun03 (big blind) collected ($0.60)
Seat 9: DirkDirty folded before Flop (didn't bet)



PokerStars Game #19837838131:  Hold'em No Limit ($0.10/$0.25) - 2008/08/23 - 13:55:33 (ET)
Table 'Vanadis IV' 9-max Seat #7 is the button
Seat 1: realoli234 ($5.65 in chips) 
Seat 2: Alameda22 ($26.70 in chips) 
Seat 3: rafaelrrpo ($4.65 in chips) 
Seat 4: schiz ($24.30 in chips) 
Seat 5: bolm ($32.40 in chips) 
Seat 6: elijahscott ($18.60 in chips) 
Seat 7: JhnGC ($31.10 in chips) 
Seat 8: tasaun03 ($25 in chips) 
Seat 9: DirkDirty ($48.80 in chips) 
tasaun03: posts small blind $0.10
DirkDirty: posts big blind $0.25
*** HOLE CARDS ***
Dealt to Alameda22 [Ah 5d]
realoli234: folds 
Alameda22: folds 
rafaelrrpo: folds 
schiz: folds 
bolm: folds 
elijahscott: folds 
JhnGC: folds 
tasaun03: calls $0.15
DirkDirty: checks 
*** FLOP *** [Ks Ac Ts]
tasaun03: bets $0.25
JhnGC said, "alllll in!!"
DirkDirty: folds 
Uncalled bet ($0.25) returned to tasaun03
tasaun03 collected $0.50 from pot
tasaun03: shows [8h 3h] (high card Ace)
*** SUMMARY ***
Total pot $0.50 | Rake $0 
Board [Ks Ac Ts]
Seat 1: realoli234 folded before Flop (didn't bet)
Seat 2: Alameda22 folded before Flop (didn't bet)
Seat 3: rafaelrrpo folded before Flop (didn't bet)
Seat 4: schiz folded before Flop (didn't bet)
Seat 5: bolm folded before Flop (didn't bet)
Seat 6: elijahscott folded before Flop (didn't bet)
Seat 7: JhnGC (button) folded before Flop (didn't bet)
Seat 8: tasaun03 (small blind) collected ($0.50)
Seat 9: DirkDirty (big blind) folded on the Flop



PokerStars Game #19837859696:  Hold'em No Limit ($0.10/$0.25) - 2008/08/23 - 13:56:29 (ET)
Table 'Vanadis IV' 9-max Seat #8 is the button
Seat 1: realoli234 ($5.65 in chips) 
Seat 2: Alameda22 ($26.70 in chips) 
Seat 3: rafaelrrpo ($4.65 in chips) 
Seat 4: schiz ($24.30 in chips) 
Seat 5: bolm ($32.40 in chips) 
Seat 6: elijahscott ($18.60 in chips) 
Seat 7: JhnGC ($31.10 in chips) 
Seat 8: tasaun03 ($25.25 in chips) 
Seat 9: DirkDirty ($48.55 in chips) 
DirkDirty: posts small blind $0.10
realoli234: posts big blind $0.25
*** HOLE CARDS ***
Dealt to Alameda22 [7h Td]
Alameda22: folds 
rafaelrrpo: folds 
schiz: folds 
bolm: folds 
elijahscott: folds 
JhnGC: folds 
tasaun03: folds 
tasaun03 said, "soon"
DirkDirty: raises $0.50 to $0.75
realoli234: folds 
Uncalled bet ($0.50) returned to DirkDirty
DirkDirty collected $0.50 from pot
DirkDirty: doesn't show hand 
tasaun03 said, "big hand"
tasaun03 said, "hre"
*** SUMMARY ***
Total pot $0.50 | Rake $0 
Seat 1: realoli234 (big blind) folded before Flop
Seat 2: Alameda22 folded before Flop (didn't bet)
Seat 3: rafaelrrpo folded before Flop (didn't bet)
Seat 4: schiz folded before Flop (didn't bet)
Seat 5: bolm folded before Flop (didn't bet)
Seat 6: elijahscott folded before Flop (didn't bet)
Seat 7: JhnGC folded before Flop (didn't bet)
Seat 8: tasaun03 (button) folded before Flop (didn't bet)
Seat 9: DirkDirty (small blind) collected ($0.50)



PokerStars Game #19837869667:  Hold'em No Limit ($0.10/$0.25) - 2008/08/23 - 13:56:55 (ET)
Table 'Vanadis IV' 9-max Seat #9 is the button
Seat 1: realoli234 ($5.40 in chips) 
Seat 2: Alameda22 ($26.70 in chips) 
Seat 3: rafaelrrpo ($4.65 in chips) 
Seat 4: schiz ($24.30 in chips) 
Seat 5: bolm ($32.40 in chips) 
Seat 6: elijahscott ($18.60 in chips) 
Seat 7: JhnGC ($31.10 in chips) 
Seat 8: tasaun03 ($25.25 in chips) 
Seat 9: DirkDirty ($48.80 in chips) 
realoli234: posts small blind $0.10
tasaun03 said, "here"
Alameda22: posts big blind $0.25
*** HOLE CARDS ***
Dealt to Alameda22 [Ts 3h]
rafaelrrpo: folds 
schiz: folds 
bolm: folds 
elijahscott: calls $0.25
JhnGC: folds 
JhnGC is sitting out
tasaun03: folds 
DirkDirty: folds 
realoli234: folds 
JhnGC leaves the table
Alameda22: checks 
*** FLOP *** [As Jh 2d]
Alameda22: checks 
tasaun03 said, "dirty next one is for u"
elijahscott: checks 
*** TURN *** [As Jh 2d] [Qs]
panhandle101 joins the table at seat #7 
Alameda22: checks 
elijahscott: checks 
*** RIVER *** [As Jh 2d Qs] [4d]
Alameda22: checks 
elijahscott: checks 
*** SHOW DOWN ***
Alameda22: shows [Ts 3h] (high card Ace)
elijahscott: shows [8d 8h] (a pair of Eights)
elijahscott collected $0.60 from pot
*** SUMMARY ***
Total pot $0.60 | Rake $0 
Board [As Jh 2d Qs 4d]
Seat 1: realoli234 (small blind) folded before Flop
Seat 2: Alameda22 (big blind) showed [Ts 3h] and lost with high card Ace
Seat 3: rafaelrrpo folded before Flop (didn't bet)
Seat 4: schiz folded before Flop (didn't bet)
Seat 5: bolm folded before Flop (didn't bet)
Seat 6: elijahscott showed [8d 8h] and won ($0.60) with a pair of Eights
Seat 7: JhnGC folded before Flop (didn't bet)
Seat 8: tasaun03 folded before Flop (didn't bet)
Seat 9: DirkDirty (button) folded before Flop (didn't bet)



PokerStars Game #19837897519:  Hold'em No Limit ($0.10/$0.25) - 2008/08/23 - 13:58:07 (ET)
Table 'Vanadis IV' 9-max Seat #1 is the button
Seat 1: realoli234 ($5.30 in chips) 
Seat 2: Alameda22 ($26.45 in chips) 
Seat 3: rafaelrrpo ($4.65 in chips) 
Seat 4: schiz ($24.30 in chips) 
Seat 5: bolm ($32.40 in chips) 
Seat 6: elijahscott ($18.95 in chips) 
Seat 7: panhandle101 ($25 in chips) 
Seat 8: tasaun03 ($25.25 in chips) 
Seat 9: DirkDirty ($48.80 in chips) 
Alameda22: posts small blind $0.10
rafaelrrpo: posts big blind $0.25
panhandle101: posts big blind $0.25
*** HOLE CARDS ***
Dealt to Alameda22 [2d Kh]
schiz: folds 
bolm: calls $0.25
elijahscott: folds 
panhandle101: checks 
tasaun03: folds 
DirkDirty: folds 
realoli234: folds 
Alameda22: folds 
tasaun03 said, "man u would have like 75 bones"
rafaelrrpo: checks 
*** FLOP *** [6h 6s Ah]
rafaelrrpo: checks 
bolm: bets $0.50
panhandle101: folds 
rafaelrrpo: folds 
Uncalled bet ($0.50) returned to bolm
bolm collected $0.85 from pot
*** SUMMARY ***
Total pot $0.85 | Rake $0 
Board [6h 6s Ah]
Seat 1: realoli234 (button) folded before Flop (didn't bet)
Seat 2: Alameda22 (small blind) folded before Flop
Seat 3: rafaelrrpo (big blind) folded on the Flop
Seat 4: schiz folded before Flop (didn't bet)
Seat 5: bolm collected ($0.85)
Seat 6: elijahscott folded before Flop (didn't bet)
Seat 7: panhandle101 folded on the Flop
Seat 8: tasaun03 folded before Flop (didn't bet)
Seat 9: DirkDirty folded before Flop (didn't bet)



PokerStars Game #19837938646:  Hold'em No Limit ($0.10/$0.25) - 2008/08/23 - 13:59:55 (ET)
Table 'Vanadis IV' 9-max Seat #2 is the button
Seat 1: realoli234 ($5.30 in chips) 
Seat 2: Alameda22 ($26.35 in chips) 
Seat 3: rafaelrrpo ($4.40 in chips) 
Seat 4: schiz ($24.30 in chips) 
Seat 5: bolm ($33 in chips) 
Seat 6: elijahscott ($18.95 in chips) 
Seat 7: panhandle101 ($24.75 in chips) 
Seat 8: tasaun03 ($25.25 in chips) 
Seat 9: DirkDirty ($48.80 in chips) 
rafaelrrpo: posts small blind $0.10
schiz: posts big blind $0.25
*** HOLE CARDS ***
Dealt to Alameda22 [2d Kd]
bolm: folds 
elijahscott: folds 
panhandle101: folds 
tasaun03: folds 
bolm leaves the table
DirkDirty: raises $0.75 to $1
realoli234: calls $1
GusHansenA7 joins the table at seat #5 
Alameda22: folds 
rafaelrrpo: folds 
schiz: folds 
*** FLOP *** [5s 6c 7d]
DirkDirty: checks 
realoli234: checks 
*** TURN *** [5s 6c 7d] [Ad]
DirkDirty: checks 
realoli234: checks 
*** RIVER *** [5s 6c 7d Ad] [9h]
DirkDirty: bets $1.25
realoli234: raises $1.75 to $3
DirkDirty: folds 
Uncalled bet ($1.75) returned to realoli234
realoli234 collected $4.65 from pot
realoli234: doesn't show hand 
*** SUMMARY ***
Total pot $4.85 | Rake $0.20 
Board [5s 6c 7d Ad 9h]
Seat 1: realoli234 collected ($4.65)
Seat 2: Alameda22 (button) folded before Flop (didn't bet)
Seat 3: rafaelrrpo (small blind) folded before Flop
Seat 4: schiz (big blind) folded before Flop
Seat 5: bolm folded before Flop (didn't bet)
Seat 6: elijahscott folded before Flop (didn't bet)
Seat 7: panhandle101 folded before Flop (didn't bet)
Seat 8: tasaun03 folded before Flop (didn't bet)
Seat 9: DirkDirty folded on the River



PokerStars Game #19837961389:  Hold'em No Limit ($0.10/$0.25) - 2008/08/23 - 14:00:53 (ET)
Table 'Vanadis IV' 9-max Seat #3 is the button
Seat 1: realoli234 ($7.70 in chips) 
Seat 2: Alameda22 ($26.35 in chips) 
Seat 3: rafaelrrpo ($4.30 in chips) 
Seat 4: schiz ($24.05 in chips) 
Seat 5: GusHansenA7 ($25 in chips) 
Seat 6: elijahscott ($18.95 in chips) 
Seat 7: panhandle101 ($24.75 in chips) 
Seat 8: tasaun03 ($25.25 in chips) 
Seat 9: DirkDirty ($46.55 in chips) 
schiz: posts small blind $0.10
GusHansenA7: posts big blind $0.25
*** HOLE CARDS ***
Dealt to Alameda22 [4h Kd]
elijahscott: folds 
panhandle101: folds 
tasaun03: folds 
elijahscott leaves the table
DirkDirty: folds 
realoli234: folds 
Alameda22: folds 
rafaelrrpo: folds 
schiz: folds 
Uncalled bet ($0.15) returned to GusHansenA7
GusHansenA7 collected $0.20 from pot
GusHansenA7: doesn't show hand 
*** SUMMARY ***
Total pot $0.20 | Rake $0 
Seat 1: realoli234 folded before Flop (didn't bet)
Seat 2: Alameda22 folded before Flop (didn't bet)
Seat 3: rafaelrrpo (button) folded before Flop (didn't bet)
Seat 4: schiz (small blind) folded before Flop
Seat 5: GusHansenA7 (big blind) collected ($0.20)
Seat 6: elijahscott folded before Flop (didn't bet)
Seat 7: panhandle101 folded before Flop (didn't bet)
Seat 8: tasaun03 folded before Flop (didn't bet)
Seat 9: DirkDirty folded before Flop (didn't bet)



PokerStars Game #19837973313:  Hold'em No Limit ($0.10/$0.25) - 2008/08/23 - 14:01:23 (ET)
Table 'Vanadis IV' 9-max Seat #4 is the button
Seat 1: realoli234 ($7.70 in chips) 
Seat 2: Alameda22 ($26.35 in chips) 
Seat 3: rafaelrrpo ($4.30 in chips) 
Seat 4: schiz ($23.95 in chips) 
Seat 5: GusHansenA7 ($25.10 in chips) 
Seat 7: panhandle101 ($24.75 in chips) 
Seat 8: tasaun03 ($25.25 in chips) 
Seat 9: DirkDirty ($46.55 in chips) 
GusHansenA7: posts small blind $0.10
panhandle101: posts big blind $0.25
*** HOLE CARDS ***
Dealt to Alameda22 [3s 7c]
tasaun03: calls $0.25
ExPrEzzIoNz joins the table at seat #6 
DirkDirty: folds 
realoli234: folds 
Alameda22: folds 
rafaelrrpo: folds 
schiz: folds 
GusHansenA7: folds 
panhandle101: checks 
*** FLOP *** [2c 6c 5h]
panhandle101: checks 
tasaun03: bets $1
panhandle101: folds 
Uncalled bet ($1) returned to tasaun03
tasaun03 collected $0.60 from pot
tasaun03: doesn't show hand 
*** SUMMARY ***
Total pot $0.60 | Rake $0 
Board [2c 6c 5h]
Seat 1: realoli234 folded before Flop (didn't bet)
Seat 2: Alameda22 folded before Flop (didn't bet)
Seat 3: rafaelrrpo folded before Flop (didn't bet)
Seat 4: schiz (button) folded before Flop (didn't bet)
Seat 5: GusHansenA7 (small blind) folded before Flop
Seat 7: panhandle101 (big blind) folded on the Flop
Seat 8: tasaun03 collected ($0.60)
Seat 9: DirkDirty folded before Flop (didn't bet)



PokerStars Game #19837989368:  Hold'em No Limit ($0.10/$0.25) - 2008/08/23 - 14:02:03 (ET)
Table 'Vanadis IV' 9-max Seat #5 is the button
Seat 1: realoli234 ($7.70 in chips) 
Seat 2: Alameda22 ($26.35 in chips) 
Seat 3: rafaelrrpo ($4.30 in chips) 
Seat 4: schiz ($23.95 in chips) 
Seat 5: GusHansenA7 ($25 in chips) 
Seat 7: panhandle101 ($24.50 in chips) 
Seat 8: tasaun03 ($25.60 in chips) 
Seat 9: DirkDirty ($46.55 in chips) 
ExPrEzzIoNz will be allowed to play after the button
panhandle101: posts small blind $0.10
tasaun03: posts big blind $0.25
*** HOLE CARDS ***
Dealt to Alameda22 [5s 2c]
DirkDirty: folds 
realoli234: folds 
Alameda22: folds 
rafaelrrpo: folds 
schiz: folds 
GusHansenA7: folds 
panhandle101: calls $0.15
tasaun03: checks 
*** FLOP *** [4c Tc Ac]
panhandle101: checks 
tasaun03: bets $0.75
panhandle101: folds 
Uncalled bet ($0.75) returned to tasaun03
tasaun03 collected $0.50 from pot
tasaun03: doesn't show hand 
*** SUMMARY ***
Total pot $0.50 | Rake $0 
Board [4c Tc Ac]
Seat 1: realoli234 folded before Flop (didn't bet)
Seat 2: Alameda22 folded before Flop (didn't bet)
Seat 3: rafaelrrpo folded before Flop (didn't bet)
Seat 4: schiz folded before Flop (didn't bet)
Seat 5: GusHansenA7 (button) folded before Flop (didn't bet)
Seat 7: panhandle101 (small blind) folded on the Flop
Seat 8: tasaun03 (big blind) collected ($0.50)
Seat 9: DirkDirty folded before Flop (didn't bet)



PokerStars Game #19838001425:  Hold'em No Limit ($0.10/$0.25) - 2008/08/23 - 14:02:34 (ET)
Table 'Vanadis IV' 9-max Seat #7 is the button
Seat 1: realoli234 ($7.70 in chips) 
Seat 2: Alameda22 ($26.35 in chips) 
Seat 3: rafaelrrpo ($4.30 in chips) 
Seat 4: schiz ($23.95 in chips) 
Seat 5: GusHansenA7 ($25 in chips) 
Seat 6: ExPrEzzIoNz ($5 in chips) 
Seat 7: panhandle101 ($24.25 in chips) 
Seat 8: tasaun03 ($25.85 in chips) 
Seat 9: DirkDirty ($46.55 in chips) 
tasaun03: posts small blind $0.10
DirkDirty: posts big blind $0.25
ExPrEzzIoNz: posts big blind $0.25
*** HOLE CARDS ***
Dealt to Alameda22 [5c Qd]
realoli234: folds 
Alameda22: folds 
rafaelrrpo: folds 
schiz: folds 
GusHansenA7: folds 
ExPrEzzIoNz: checks 
DirkDirty said, "NOW'"
tasaun03 said, "no next 1"
panhandle101: folds 
tasaun03: calls $0.15
tasaun03 said, "KK no good"
DirkDirty said, "sissy ... ;-)"
DirkDirty: raises $4.75 to $5
ExPrEzzIoNz: calls $4.75 and is all-in
tasaun03: folds 
*** FLOP *** [5h As Ks]
*** TURN *** [5h As Ks] [5s]
*** RIVER *** [5h As Ks 5s] [5d]
*** SHOW DOWN ***
DirkDirty: shows [Ah Kc] (a full house, Fives full of Aces)
ExPrEzzIoNz: mucks hand 
DirkDirty collected $9.75 from pot
*** SUMMARY ***
Total pot $10.25 | Rake $0.50 
Board [5h As Ks 5s 5d]
Seat 1: realoli234 folded before Flop (didn't bet)
Seat 2: Alameda22 folded before Flop (didn't bet)
Seat 3: rafaelrrpo folded before Flop (didn't bet)
Seat 4: schiz folded before Flop (didn't bet)
Seat 5: GusHansenA7 folded before Flop (didn't bet)
Seat 6: ExPrEzzIoNz mucked [Qs Th]
Seat 7: panhandle101 (button) folded before Flop (didn't bet)
Seat 8: tasaun03 (small blind) folded before Flop
Seat 9: DirkDirty (big blind) showed [Ah Kc] and won ($9.75) with a full house, Fives full of Aces



PokerStars Game #19838033857:  Hold'em No Limit ($0.10/$0.25) - 2008/08/23 - 14:03:58 (ET)
Table 'Vanadis IV' 9-max Seat #8 is the button
Seat 2: Alameda22 ($26.35 in chips) 
Seat 3: rafaelrrpo ($4.30 in chips) 
Seat 4: schiz ($23.95 in chips) 
Seat 5: GusHansenA7 ($25 in chips) 
Seat 7: panhandle101 ($24.25 in chips) 
Seat 8: tasaun03 ($25.60 in chips) 
Seat 9: DirkDirty ($51.30 in chips) 
DirkDirty: posts small blind $0.10
realoli234: is sitting out 
Alameda22: posts big blind $0.25
*** HOLE CARDS ***
Dealt to Alameda22 [Kh 5c]
realoli234 leaves the table
ExPrEzzIoNz leaves the table
rafaelrrpo: folds 
schiz: folds 
GusHansenA7: folds 
DirkDirty said, "now?"
panhandle101: raises $0.75 to $1
tasaun03 said, "i said next 1"
tasaun03: folds 
DirkDirty: folds 
Alameda22: folds 
Uncalled bet ($0.75) returned to panhandle101
panhandle101 collected $0.60 from pot
panhandle101: doesn't show hand 
*** SUMMARY ***
Total pot $0.60 | Rake $0 
Seat 2: Alameda22 (big blind) folded before Flop
Seat 3: rafaelrrpo folded before Flop (didn't bet)
Seat 4: schiz folded before Flop (didn't bet)
Seat 5: GusHansenA7 folded before Flop (didn't bet)
Seat 7: panhandle101 collected ($0.60)
Seat 8: tasaun03 (button) folded before Flop (didn't bet)
Seat 9: DirkDirty (small blind) folded before Flop



PokerStars Game #19838050183:  Hold'em No Limit ($0.10/$0.25) - 2008/08/23 - 14:04:40 (ET)
Table 'Vanadis IV' 9-max Seat #9 is the button
Seat 2: Alameda22 ($26.10 in chips) 
Seat 3: rafaelrrpo ($4.30 in chips) 
Seat 4: schiz ($23.95 in chips) 
Seat 5: GusHansenA7 ($25 in chips) 
Seat 7: panhandle101 ($24.60 in chips) 
Seat 8: tasaun03 ($25.60 in chips) 
Seat 9: DirkDirty ($51.20 in chips) 
Alameda22: posts small blind $0.10
rafaelrrpo: posts big blind $0.25
*** HOLE CARDS ***
Dealt to Alameda22 [5s 2h]
schiz: folds 
GusHansenA7: folds 
panhandle101: folds 
tasaun03: calls $0.25
DirkDirty: folds 
Alameda22: folds 
rafaelrrpo: checks 
*** FLOP *** [6h 4c 6d]
rafaelrrpo: bets $0.40
tasaun03: raises $2.10 to $2.50
tasaun03 said, "*****"
tasaun03 said, "p ussy"
rafaelrrpo: folds 
Uncalled bet ($2.10) returned to tasaun03
tasaun03 collected $1.35 from pot
tasaun03: shows [9c 5d] (a pair of Sixes)
*** SUMMARY ***
Total pot $1.40 | Rake $0.05 
Board [6h 4c 6d]
Seat 2: Alameda22 (small blind) folded before Flop
Seat 3: rafaelrrpo (big blind) folded on the Flop
Seat 4: schiz folded before Flop (didn't bet)
Seat 5: GusHansenA7 folded before Flop (didn't bet)
Seat 7: panhandle101 folded before Flop (didn't bet)
Seat 8: tasaun03 collected ($1.35)
Seat 9: DirkDirty (button) folded before Flop (didn't bet)



PokerStars Game #19838082728:  Hold'em No Limit ($0.10/$0.25) - 2008/08/23 - 14:06:06 (ET)
Table 'Vanadis IV' 9-max Seat #2 is the button
Seat 2: Alameda22 ($26 in chips) 
Seat 3: rafaelrrpo ($3.65 in chips) 
Seat 4: schiz ($23.95 in chips) 
Seat 5: GusHansenA7 ($25 in chips) 
Seat 7: panhandle101 ($24.60 in chips) 
Seat 8: tasaun03 ($26.30 in chips) 
Seat 9: DirkDirty ($51.20 in chips) 
rafaelrrpo: posts small blind $0.10
schiz: posts big blind $0.25
*** HOLE CARDS ***
Dealt to Alameda22 [6c 8d]
GusHansenA7: folds 
panhandle101: folds 
tasaun03: folds 
DirkDirty: raises $0.50 to $0.75
Alameda22: folds 
rafaelrrpo: folds 
schiz: folds 
Uncalled bet ($0.50) returned to DirkDirty
DirkDirty collected $0.60 from pot
DirkDirty: doesn't show hand 
*** SUMMARY ***
Total pot $0.60 | Rake $0 
Seat 2: Alameda22 (button) folded before Flop (didn't bet)
Seat 3: rafaelrrpo (small blind) folded before Flop
Seat 4: schiz (big blind) folded before Flop
Seat 5: GusHansenA7 folded before Flop (didn't bet)
Seat 7: panhandle101 folded before Flop (didn't bet)
Seat 8: tasaun03 folded before Flop (didn't bet)
Seat 9: DirkDirty collected ($0.60)



PokerStars Game #19838092340:  Hold'em No Limit ($0.10/$0.25) - 2008/08/23 - 14:06:31 (ET)
Table 'Vanadis IV' 9-max Seat #3 is the button
Seat 2: Alameda22 ($26 in chips) 
Seat 3: rafaelrrpo ($4.90 in chips) 
Seat 4: schiz ($23.70 in chips) 
Seat 5: GusHansenA7 ($25 in chips) 
Seat 7: panhandle101 ($24.60 in chips) 
Seat 8: tasaun03 ($26.30 in chips) 
Seat 9: DirkDirty ($51.55 in chips) 
schiz: posts small blind $0.10
GusHansenA7: posts big blind $0.25
*** HOLE CARDS ***
Dealt to Alameda22 [2d Jh]
panhandle101: folds 
tasaun03: folds 
DirkDirty: folds 
Alameda22: folds 
rafaelrrpo: raises $0.75 to $1
schiz: folds 
GusHansenA7: folds 
Uncalled bet ($0.75) returned to rafaelrrpo
rafaelrrpo collected $0.60 from pot
rafaelrrpo: doesn't show hand 
*** SUMMARY ***
Total pot $0.60 | Rake $0 
Seat 2: Alameda22 folded before Flop (didn't bet)
Seat 3: rafaelrrpo (button) collected ($0.60)
Seat 4: schiz (small blind) folded before Flop
Seat 5: GusHansenA7 (big blind) folded before Flop
Seat 7: panhandle101 folded before Flop (didn't bet)
Seat 8: tasaun03 folded before Flop (didn't bet)
Seat 9: DirkDirty folded before Flop (didn't bet)



PokerStars Game #19838103449:  Hold'em No Limit ($0.10/$0.25) - 2008/08/23 - 14:07:01 (ET)
Table 'Vanadis IV' 9-max Seat #4 is the button
Seat 2: Alameda22 ($26 in chips) 
Seat 3: rafaelrrpo ($5.25 in chips) 
Seat 4: schiz ($23.60 in chips) 
Seat 5: GusHansenA7 ($24.75 in chips) 
Seat 7: panhandle101 ($24.60 in chips) 
Seat 8: tasaun03 ($26.30 in chips) 
Seat 9: DirkDirty ($51.55 in chips) 
olwind joins the table at seat #6 
GusHansenA7: posts small blind $0.10
panhandle101: posts big blind $0.25
*** HOLE CARDS ***
Dealt to Alameda22 [Ts Qd]
tasaun03: calls $0.25
DirkDirty: folds 
Alameda22: folds 
rafaelrrpo: folds 
schiz: folds 
GusHansenA7: raises $1 to $1.25
panhandle101: folds 
tasaun03: raises $4.50 to $5.75
GusHansenA7: raises $19 to $24.75 and is all-in
tasaun03: calls $19
kanskje87 joins the table at seat #1 
*** FLOP *** [2s 9d Kd]
*** TURN *** [2s 9d Kd] [Tc]
DirkDirty said, "NO"
*** RIVER *** [2s 9d Kd Tc] [Ah]
*** SHOW DOWN ***
GusHansenA7: shows [Ac As] (three of a kind, Aces)
tasaun03: shows [Ad Kc] (two pair, Aces and Kings)
GusHansenA7 collected $47.30 from pot
*** SUMMARY ***
Total pot $49.75 | Rake $2.45 
Board [2s 9d Kd Tc Ah]
Seat 2: Alameda22 folded before Flop (didn't bet)
Seat 3: rafaelrrpo folded before Flop (didn't bet)
Seat 4: schiz (button) folded before Flop (didn't bet)
Seat 5: GusHansenA7 (small blind) showed [Ac As] and won ($47.30) with three of a kind, Aces
Seat 7: panhandle101 (big blind) folded before Flop
Seat 8: tasaun03 showed [Ad Kc] and lost with two pair, Aces and Kings
Seat 9: DirkDirty folded before Flop (didn't bet)



PokerStars Game #19838125470:  Hold'em No Limit ($0.10/$0.25) - 2008/08/23 - 14:07:58 (ET)
Table 'Vanadis IV' 9-max Seat #5 is the button
Seat 2: Alameda22 ($26 in chips) 
Seat 3: rafaelrrpo ($5.25 in chips) 
Seat 4: schiz ($23.60 in chips) 
Seat 5: GusHansenA7 ($47.30 in chips) 
Seat 7: panhandle101 ($24.35 in chips) 
Seat 9: DirkDirty ($51.55 in chips) 
olwind will be allowed to play after the button
panhandle101: posts small blind $0.10
tasaun03 said, "ouch"
tasaun03: is sitting out 
tasaun03 leaves the table
DirkDirty: posts big blind $0.25
kanskje87: sits out 
*** HOLE CARDS ***
Dealt to Alameda22 [8c 5h]
DirkDirty said, "RELOAD!"
Alameda22: folds 
rafaelrrpo: folds 
DirkDirty said, "fish killer!"
schiz: folds 
GusHansenA7: raises $0.75 to $1
panhandle101: folds 
DirkDirty: folds 
Uncalled bet ($0.75) returned to GusHansenA7
GusHansenA7 collected $0.60 from pot
GusHansenA7: doesn't show hand 
*** SUMMARY ***
Total pot $0.60 | Rake $0 
Seat 2: Alameda22 folded before Flop (didn't bet)
Seat 3: rafaelrrpo folded before Flop (didn't bet)
Seat 4: schiz folded before Flop (didn't bet)
Seat 5: GusHansenA7 (button) collected ($0.60)
Seat 7: panhandle101 (small blind) folded before Flop
Seat 9: DirkDirty (big blind) folded before Flop



PokerStars Game #19838142614:  Hold'em No Limit ($0.10/$0.25) - 2008/08/23 - 14:08:43 (ET)
Table 'Vanadis IV' 9-max Seat #7 is the button
Seat 1: kanskje87 ($25 in chips) 
Seat 2: Alameda22 ($26 in chips) 
Seat 3: rafaelrrpo ($5.25 in chips) 
Seat 4: schiz ($23.60 in chips) 
Seat 5: GusHansenA7 ($47.65 in chips) 
Seat 6: olwind ($5 in chips) 
Seat 7: panhandle101 ($24.25 in chips) 
Seat 9: DirkDirty ($51.30 in chips) 
DirkDirty: posts small blind $0.10
kanskje87: posts big blind $0.25
olwind: posts big blind $0.25
*** HOLE CARDS ***
Dealt to Alameda22 [Kc 4s]
Alameda22: folds 
rafaelrrpo: raises $0.75 to $1
schiz: folds 
GusHansenA7: folds 
olwind: folds 
panhandle101: folds 
DirkDirty: folds 
kanskje87: folds 
Uncalled bet ($0.75) returned to rafaelrrpo
rafaelrrpo collected $0.85 from pot
rafaelrrpo: doesn't show hand 
*** SUMMARY ***
Total pot $0.85 | Rake $0 
Seat 1: kanskje87 (big blind) folded before Flop
Seat 2: Alameda22 folded before Flop (didn't bet)
Seat 3: rafaelrrpo collected ($0.85)
Seat 4: schiz folded before Flop (didn't bet)
Seat 5: GusHansenA7 folded before Flop (didn't bet)
Seat 6: olwind folded before Flop
Seat 7: panhandle101 (button) folded before Flop (didn't bet)
Seat 9: DirkDirty (small blind) folded before Flop



PokerStars Game #19838154868:  Hold'em No Limit ($0.10/$0.25) - 2008/08/23 - 14:09:16 (ET)
Table 'Vanadis IV' 9-max Seat #9 is the button
Seat 1: kanskje87 ($24.75 in chips) 
Seat 2: Alameda22 ($26 in chips) 
Seat 3: rafaelrrpo ($5.85 in chips) 
Seat 4: schiz ($23.60 in chips) 
Seat 5: GusHansenA7 ($47.65 in chips) 
Seat 6: olwind ($4.75 in chips) 
Seat 7: panhandle101 ($24.25 in chips) 
Seat 9: DirkDirty ($51.20 in chips) 
kanskje87: posts small blind $0.10
Alameda22: posts big blind $0.25
*** HOLE CARDS ***
Dealt to Alameda22 [2c 4s]
Bayernscout joins the table at seat #8 
rafaelrrpo: folds 
schiz: folds 
GusHansenA7: raises $0.75 to $1
olwind: folds 
panhandle101: folds 
DirkDirty: folds 
kanskje87: folds 
Alameda22: folds 
Uncalled bet ($0.75) returned to GusHansenA7
GusHansenA7 collected $0.60 from pot
GusHansenA7: doesn't show hand 
*** SUMMARY ***
Total pot $0.60 | Rake $0 
Seat 1: kanskje87 (small blind) folded before Flop
Seat 2: Alameda22 (big blind) folded before Flop
Seat 3: rafaelrrpo folded before Flop (didn't bet)
Seat 4: schiz folded before Flop (didn't bet)
Seat 5: GusHansenA7 collected ($0.60)
Seat 6: olwind folded before Flop (didn't bet)
Seat 7: panhandle101 folded before Flop (didn't bet)
Seat 9: DirkDirty (button) folded before Flop (didn't bet)



PokerStars Game #19838174967:  Hold'em No Limit ($0.10/$0.25) - 2008/08/23 - 14:10:08 (ET)
Table 'Vanadis IV' 9-max Seat #1 is the button
Seat 1: kanskje87 ($24.65 in chips) 
Seat 2: Alameda22 ($25.75 in chips) 
Seat 3: rafaelrrpo ($5.85 in chips) 
Seat 4: schiz ($23.60 in chips) 
Seat 5: GusHansenA7 ($48 in chips) 
Seat 6: olwind ($4.75 in chips) 
Seat 7: panhandle101 ($24.25 in chips) 
Seat 8: Bayernscout ($6.75 in chips) 
Seat 9: DirkDirty ($51.20 in chips) 
Alameda22: posts small blind $0.10
rafaelrrpo: posts big blind $0.25
Bayernscout: posts big blind $0.25
*** HOLE CARDS ***
Dealt to Alameda22 [6h Ks]
schiz: folds 
GusHansenA7: folds 
olwind: folds 
panhandle101: calls $0.25
Bayernscout: checks 
DirkDirty: folds 
kanskje87: folds 
Alameda22: folds 
rafaelrrpo: raises $1.25 to $1.50
panhandle101: calls $1.25
Bayernscout: folds 
*** FLOP *** [5d Ts 4s]
rafaelrrpo: bets $2
panhandle101: raises $20.75 to $22.75 and is all-in
rafaelrrpo: folds 
Uncalled bet ($20.75) returned to panhandle101
panhandle101 collected $7 from pot
panhandle101: doesn't show hand 
*** SUMMARY ***
Total pot $7.35 | Rake $0.35 
Board [5d Ts 4s]
Seat 1: kanskje87 (button) folded before Flop (didn't bet)
Seat 2: Alameda22 (small blind) folded before Flop
Seat 3: rafaelrrpo (big blind) folded on the Flop
Seat 4: schiz folded before Flop (didn't bet)
Seat 5: GusHansenA7 folded before Flop (didn't bet)
Seat 6: olwind folded before Flop (didn't bet)
Seat 7: panhandle101 collected ($7)
Seat 8: Bayernscout folded before Flop
Seat 9: DirkDirty folded before Flop (didn't bet)



PokerStars Game #19838200484:  Hold'em No Limit ($0.10/$0.25) - 2008/08/23 - 14:11:15 (ET)
Table 'Vanadis IV' 9-max Seat #2 is the button
Seat 1: kanskje87 ($24.65 in chips) 
Seat 2: Alameda22 ($25.65 in chips) 
Seat 3: rafaelrrpo ($2.35 in chips) 
Seat 4: schiz ($23.60 in chips) 
Seat 5: GusHansenA7 ($48 in chips) 
Seat 6: olwind ($4.75 in chips) 
Seat 7: panhandle101 ($27.75 in chips) 
Seat 8: Bayernscout ($6.50 in chips) 
Seat 9: DirkDirty ($51.20 in chips) 
panhandle101 said, "33"
rafaelrrpo: posts small blind $0.10
schiz: posts big blind $0.25
*** HOLE CARDS ***
Dealt to Alameda22 [3d Ks]
GusHansenA7: folds 
panhandle101 said, "AK?"
olwind: folds 
panhandle101: folds 
Bayernscout: folds 
DirkDirty: folds 
kanskje87: folds 
Alameda22: folds 
rafaelrrpo: raises $0.75 to $1
schiz: folds 
Uncalled bet ($0.75) returned to rafaelrrpo
rafaelrrpo collected $0.50 from pot
*** SUMMARY ***
Total pot $0.50 | Rake $0 
Seat 1: kanskje87 folded before Flop (didn't bet)
Seat 2: Alameda22 (button) folded before Flop (didn't bet)
Seat 3: rafaelrrpo (small blind) collected ($0.50)
Seat 4: schiz (big blind) folded before Flop
Seat 5: GusHansenA7 folded before Flop (didn't bet)
Seat 6: olwind folded before Flop (didn't bet)
Seat 7: panhandle101 folded before Flop (didn't bet)
Seat 8: Bayernscout folded before Flop (didn't bet)
Seat 9: DirkDirty folded before Flop (didn't bet)



PokerStars Game #19838217402:  Hold'em No Limit ($0.10/$0.25) - 2008/08/23 - 14:12:00 (ET)
Table 'Vanadis IV' 9-max Seat #3 is the button
Seat 1: kanskje87 ($24.65 in chips) 
Seat 2: Alameda22 ($25.65 in chips) 
Seat 3: rafaelrrpo ($5.35 in chips) 
Seat 4: schiz ($23.35 in chips) 
Seat 5: GusHansenA7 ($48 in chips) 
Seat 6: olwind ($4.75 in chips) 
Seat 7: panhandle101 ($27.75 in chips) 
Seat 8: Bayernscout ($6.50 in chips) 
Seat 9: DirkDirty ($51.20 in chips) 
schiz: posts small blind $0.10
GusHansenA7: posts big blind $0.25
*** HOLE CARDS ***
Dealt to Alameda22 [4h Th]
olwind: folds 
panhandle101: folds 
Bayernscout: folds 
DirkDirty: raises $0.75 to $1
kanskje87: folds 
Alameda22: folds 
rafaelrrpo: folds 
schiz: folds 
GusHansenA7: folds 
Uncalled bet ($0.75) returned to DirkDirty
DirkDirty collected $0.60 from pot
DirkDirty: doesn't show hand 
*** SUMMARY ***
Total pot $0.60 | Rake $0 
Seat 1: kanskje87 folded before Flop (didn't bet)
Seat 2: Alameda22 folded before Flop (didn't bet)
Seat 3: rafaelrrpo (button) folded before Flop (didn't bet)
Seat 4: schiz (small blind) folded before Flop
Seat 5: GusHansenA7 (big blind) folded before Flop
Seat 6: olwind folded before Flop (didn't bet)
Seat 7: panhandle101 folded before Flop (didn't bet)
Seat 8: Bayernscout folded before Flop (didn't bet)
Seat 9: DirkDirty collected ($0.60)



PokerStars Game #19838234373:  Hold'em No Limit ($0.10/$0.25) - 2008/08/23 - 14:12:44 (ET)
Table 'Vanadis IV' 9-max Seat #4 is the button
Seat 1: kanskje87 ($24.65 in chips) 
Seat 2: Alameda22 ($25.65 in chips) 
Seat 3: rafaelrrpo ($5.35 in chips) 
Seat 4: schiz ($23.25 in chips) 
Seat 5: GusHansenA7 ($47.75 in chips) 
Seat 6: olwind ($4.75 in chips) 
Seat 7: panhandle101 ($27.75 in chips) 
Seat 8: Bayernscout ($6.50 in chips) 
Seat 9: DirkDirty ($51.55 in chips) 
GusHansenA7: posts small blind $0.10
olwind: posts big blind $0.25
*** HOLE CARDS ***
Dealt to Alameda22 [5c 9h]
panhandle101: folds 
Bayernscout: folds 
DirkDirty: folds 
kanskje87: folds 
Alameda22: folds 
rafaelrrpo: folds 
schiz: folds 
GusHansenA7: folds 
Uncalled bet ($0.15) returned to olwind
olwind collected $0.20 from pot
*** SUMMARY ***
Total pot $0.20 | Rake $0 
Seat 1: kanskje87 folded before Flop (didn't bet)
Seat 2: Alameda22 folded before Flop (didn't bet)
Seat 3: rafaelrrpo folded before Flop (didn't bet)
Seat 4: schiz (button) folded before Flop (didn't bet)
Seat 5: GusHansenA7 (small blind) folded before Flop
Seat 6: olwind (big blind) collected ($0.20)
Seat 7: panhandle101 folded before Flop (didn't bet)
Seat 8: Bayernscout folded before Flop (didn't bet)
Seat 9: DirkDirty folded before Flop (didn't bet)



PokerStars Game #19838251433:  Hold'em No Limit ($0.10/$0.25) - 2008/08/23 - 14:13:29 (ET)
Table 'Vanadis IV' 9-max Seat #5 is the button
Seat 1: kanskje87 ($24.65 in chips) 
Seat 2: Alameda22 ($25.65 in chips) 
Seat 3: rafaelrrpo ($5.35 in chips) 
Seat 4: schiz ($23.25 in chips) 
Seat 5: GusHansenA7 ($47.65 in chips) 
Seat 6: olwind ($4.85 in chips) 
Seat 7: panhandle101 ($27.75 in chips) 
Seat 8: Bayernscout ($6.50 in chips) 
Seat 9: DirkDirty ($51.55 in chips) 
olwind: posts small blind $0.10
panhandle101: posts big blind $0.25
*** HOLE CARDS ***
Dealt to Alameda22 [9s Jh]
Bayernscout: folds 
DirkDirty: folds 
kanskje87: folds 
Alameda22: folds 
rafaelrrpo: folds 
schiz: folds 
GusHansenA7: folds 
olwind: folds 
Uncalled bet ($0.15) returned to panhandle101
panhandle101 collected $0.20 from pot
panhandle101: doesn't show hand 
*** SUMMARY ***
Total pot $0.20 | Rake $0 
Seat 1: kanskje87 folded before Flop (didn't bet)
Seat 2: Alameda22 folded before Flop (didn't bet)
Seat 3: rafaelrrpo folded before Flop (didn't bet)
Seat 4: schiz folded before Flop (didn't bet)
Seat 5: GusHansenA7 (button) folded before Flop (didn't bet)
Seat 6: olwind (small blind) folded before Flop
Seat 7: panhandle101 (big blind) collected ($0.20)
Seat 8: Bayernscout folded before Flop (didn't bet)
Seat 9: DirkDirty folded before Flop (didn't bet)



PokerStars Game #19838265581:  Hold'em No Limit ($0.10/$0.25) - 2008/08/23 - 14:14:06 (ET)
Table 'Vanadis IV' 9-max Seat #6 is the button
Seat 1: kanskje87 ($24.65 in chips) 
Seat 2: Alameda22 ($25.65 in chips) 
Seat 3: rafaelrrpo ($5.35 in chips) 
Seat 4: schiz ($25 in chips) 
Seat 5: GusHansenA7 ($47.65 in chips) 
Seat 6: olwind ($4.75 in chips) 
Seat 7: panhandle101 ($27.85 in chips) 
Seat 8: Bayernscout ($6.50 in chips) 
Seat 9: DirkDirty ($51.55 in chips) 
panhandle101: posts small blind $0.10
Bayernscout: posts big blind $0.25
*** HOLE CARDS ***
Dealt to Alameda22 [3s Jc]
DirkDirty: calls $0.25
kanskje87: folds 
Alameda22: folds 
rafaelrrpo: folds 
schiz: folds 
GusHansenA7: folds 
olwind: calls $0.25
panhandle101: calls $0.15
Bayernscout: checks 
*** FLOP *** [Jh Qs 4c]
panhandle101: checks 
Bayernscout: checks 
DirkDirty: checks 
olwind: bets $1.25
panhandle101: folds 
Bayernscout: folds 
DirkDirty: folds 
Uncalled bet ($1.25) returned to olwind
olwind collected $0.95 from pot
*** SUMMARY ***
Total pot $1 | Rake $0.05 
Board [Jh Qs 4c]
Seat 1: kanskje87 folded before Flop (didn't bet)
Seat 2: Alameda22 folded before Flop (didn't bet)
Seat 3: rafaelrrpo folded before Flop (didn't bet)
Seat 4: schiz folded before Flop (didn't bet)
Seat 5: GusHansenA7 folded before Flop (didn't bet)
Seat 6: olwind (button) collected ($0.95)
Seat 7: panhandle101 (small blind) folded on the Flop
Seat 8: Bayernscout (big blind) folded on the Flop
Seat 9: DirkDirty folded on the Flop



PokerStars Game #19838285276:  Hold'em No Limit ($0.10/$0.25) - 2008/08/23 - 14:14:59 (ET)
Table 'Vanadis IV' 9-max Seat #7 is the button
Seat 1: kanskje87 ($24.65 in chips) 
Seat 2: Alameda22 ($25.65 in chips) 
Seat 3: rafaelrrpo ($5.35 in chips) 
Seat 4: schiz ($25 in chips) 
Seat 5: GusHansenA7 ($47.65 in chips) 
Seat 6: olwind ($5.45 in chips) 
Seat 7: panhandle101 ($27.60 in chips) 
Seat 8: Bayernscout ($6.25 in chips) 
Bayernscout: posts small blind $0.10
DirkDirty: is sitting out 
kanskje87: posts big blind $0.25
*** HOLE CARDS ***
Dealt to Alameda22 [4h 6d]
Alameda22: folds 
rafaelrrpo: folds 
rafaelrrpo is sitting out
schiz: folds 
GusHansenA7: folds 
olwind: folds 
panhandle101: folds 
Bayernscout: folds 
Uncalled bet ($0.15) returned to kanskje87
kanskje87 collected $0.20 from pot
kanskje87: doesn't show hand 
*** SUMMARY ***
Total pot $0.20 | Rake $0 
Seat 1: kanskje87 (big blind) collected ($0.20)
Seat 2: Alameda22 folded before Flop (didn't bet)
Seat 3: rafaelrrpo folded before Flop (didn't bet)
Seat 4: schiz folded before Flop (didn't bet)
Seat 5: GusHansenA7 folded before Flop (didn't bet)
Seat 6: olwind folded before Flop (didn't bet)
Seat 7: panhandle101 (button) folded before Flop (didn't bet)
Seat 8: Bayernscout (small blind) folded before Flop



PokerStars Game #19838297075:  Hold'em No Limit ($0.10/$0.25) - 2008/08/23 - 14:15:28 (ET)
Table 'Vanadis IV' 9-max Seat #8 is the button
Seat 1: kanskje87 ($24.75 in chips) 
Seat 2: Alameda22 ($25.65 in chips) 
Seat 4: schiz ($25 in chips) 
Seat 5: GusHansenA7 ($47.65 in chips) 
Seat 6: olwind ($5.45 in chips) 
Seat 7: panhandle101 ($27.60 in chips) 
Seat 8: Bayernscout ($6.15 in chips) 
kanskje87: posts small blind $0.10
Alameda22: posts big blind $0.25
*** HOLE CARDS ***
Dealt to Alameda22 [8d Qd]
schiz: folds 
GusHansenA7: folds 
olwind: folds 
panhandle101: folds 
Bayernscout: folds 
kanskje87: folds 
Uncalled bet ($0.15) returned to Alameda22
Alameda22 collected $0.20 from pot
Alameda22: doesn't show hand 
*** SUMMARY ***
Total pot $0.20 | Rake $0 
Seat 1: kanskje87 (small blind) folded before Flop
Seat 2: Alameda22 (big blind) collected ($0.20)
Seat 4: schiz folded before Flop (didn't bet)
Seat 5: GusHansenA7 folded before Flop (didn't bet)
Seat 6: olwind folded before Flop (didn't bet)
Seat 7: panhandle101 folded before Flop (didn't bet)
Seat 8: Bayernscout (button) folded before Flop (didn't bet)



PokerStars Game #19838312058:  Hold'em No Limit ($0.10/$0.25) - 2008/08/23 - 14:16:07 (ET)
Table 'Vanadis IV' 9-max Seat #1 is the button
Seat 1: kanskje87 ($24.65 in chips) 
Seat 2: Alameda22 ($25.75 in chips) 
Seat 4: schiz ($25 in chips) 
Seat 5: GusHansenA7 ($47.65 in chips) 
Seat 6: olwind ($5.45 in chips) 
Seat 7: panhandle101 ($27.60 in chips) 
Seat 8: Bayernscout ($6.15 in chips) 
Alameda22: posts small blind $0.10
schiz: posts big blind $0.25
*** HOLE CARDS ***
Dealt to Alameda22 [3s 4s]
GusHansenA7: folds 
olwind: raises $0.50 to $0.75
panhandle101: folds 
Bayernscout: calls $0.75
kanskje87: folds 
Alameda22: folds 
schiz: folds 
*** FLOP *** [Kd 7h 6h]
olwind: checks 
Bayernscout: bets $2
olwind: folds 
Uncalled bet ($2) returned to Bayernscout
Bayernscout collected $1.80 from pot
*** SUMMARY ***
Total pot $1.85 | Rake $0.05 
Board [Kd 7h 6h]
Seat 1: kanskje87 (button) folded before Flop (didn't bet)
Seat 2: Alameda22 (small blind) folded before Flop
Seat 4: schiz (big blind) folded before Flop
Seat 5: GusHansenA7 folded before Flop (didn't bet)
Seat 6: olwind folded on the Flop
Seat 7: panhandle101 folded before Flop (didn't bet)
Seat 8: Bayernscout collected ($1.80)



PokerStars Game #19838335761:  Hold'em No Limit ($0.10/$0.25) - 2008/08/23 - 14:17:08 (ET)
Table 'Vanadis IV' 9-max Seat #2 is the button
Seat 1: kanskje87 ($24.65 in chips) 
Seat 2: Alameda22 ($25.65 in chips) 
Seat 4: schiz ($24.75 in chips) 
Seat 5: GusHansenA7 ($47.65 in chips) 
Seat 6: olwind ($4.70 in chips) 
Seat 7: panhandle101 ($27.60 in chips) 
Seat 8: Bayernscout ($7.20 in chips) 
schiz: posts small blind $0.10
GusHansenA7: posts big blind $0.25
*** HOLE CARDS ***
Dealt to Alameda22 [Jh Jc]
olwind: folds 
panhandle101: folds 
Bayernscout: folds 
kanskje87: folds 
Alameda22: raises $0.50 to $0.75
schiz: folds 
GusHansenA7: folds 
Uncalled bet ($0.50) returned to Alameda22
Alameda22 collected $0.60 from pot
Alameda22: doesn't show hand 
*** SUMMARY ***
Total pot $0.60 | Rake $0 
Seat 1: kanskje87 folded before Flop (didn't bet)
Seat 2: Alameda22 (button) collected ($0.60)
Seat 4: schiz (small blind) folded before Flop
Seat 5: GusHansenA7 (big blind) folded before Flop
Seat 6: olwind folded before Flop (didn't bet)
Seat 7: panhandle101 folded before Flop (didn't bet)
Seat 8: Bayernscout folded before Flop (didn't bet)



PokerStars Game #19838347710:  Hold'em No Limit ($0.10/$0.25) - 2008/08/23 - 14:17:39 (ET)
Table 'Vanadis IV' 9-max Seat #4 is the button
Seat 1: kanskje87 ($24.65 in chips) 
Seat 2: Alameda22 ($26 in chips) 
Seat 4: schiz ($24.65 in chips) 
Seat 5: GusHansenA7 ($47.40 in chips) 
Seat 6: olwind ($4.70 in chips) 
Seat 7: panhandle101 ($27.60 in chips) 
Seat 8: Bayernscout ($7.20 in chips) 
GusHansenA7: posts small blind $0.10
olwind: posts big blind $0.25
*** HOLE CARDS ***
Dealt to Alameda22 [Ad 8s]
panhandle101: folds 
Bayernscout: folds 
kanskje87: folds 
Alameda22: folds 
schiz: raises $0.50 to $0.75
GusHansenA7: raises $1.75 to $2.50
olwind: folds 
schiz: folds 
Uncalled bet ($1.75) returned to GusHansenA7
GusHansenA7 collected $1.75 from pot
GusHansenA7: doesn't show hand 
*** SUMMARY ***
Total pot $1.75 | Rake $0 
Seat 1: kanskje87 folded before Flop (didn't bet)
Seat 2: Alameda22 folded before Flop (didn't bet)
Seat 4: schiz (button) folded before Flop
Seat 5: GusHansenA7 (small blind) collected ($1.75)
Seat 6: olwind (big blind) folded before Flop
Seat 7: panhandle101 folded before Flop (didn't bet)
Seat 8: Bayernscout folded before Flop (didn't bet)



PokerStars Game #19838365402:  Hold'em No Limit ($0.10/$0.25) - 2008/08/23 - 14:18:25 (ET)
Table 'Vanadis IV' 9-max Seat #5 is the button
Seat 1: kanskje87 ($24.65 in chips) 
Seat 2: Alameda22 ($26 in chips) 
Seat 4: schiz ($25 in chips) 
Seat 5: GusHansenA7 ($48.40 in chips) 
Seat 6: olwind ($4.45 in chips) 
Seat 8: Bayernscout ($7.20 in chips) 
olwind: posts small blind $0.10
panhandle101: is sitting out 
panhandle101 leaves the table
Bayernscout: posts big blind $0.25
*** HOLE CARDS ***
Dealt to Alameda22 [Kc Ts]
kanskje87: folds 
Alameda22: folds 
schiz: raises $0.50 to $0.75
GusHansenA7: folds 
olwind: folds 
Bayernscout: folds 
Uncalled bet ($0.50) returned to schiz
Bayernscout leaves the table
schiz collected $0.60 from pot
schiz: doesn't show hand 
*** SUMMARY ***
Total pot $0.60 | Rake $0 
Seat 1: kanskje87 folded before Flop (didn't bet)
Seat 2: Alameda22 folded before Flop (didn't bet)
Seat 4: schiz collected ($0.60)
Seat 5: GusHansenA7 (button) folded before Flop (didn't bet)
Seat 6: olwind (small blind) folded before Flop
Seat 8: Bayernscout (big blind) folded before Flop



PokerStars Game #19838381931:  Hold'em No Limit ($0.10/$0.25) - 2008/08/23 - 14:19:08 (ET)
Table 'Vanadis IV' 9-max Seat #6 is the button
Seat 1: kanskje87 ($24.65 in chips) 
Seat 2: Alameda22 ($26 in chips) 
Seat 4: schiz ($25.35 in chips) 
Seat 5: GusHansenA7 ($48.40 in chips) 
Seat 6: olwind ($4.35 in chips) 
kanskje87: posts small blind $0.10
Alameda22: posts big blind $0.25
*** HOLE CARDS ***
Dealt to Alameda22 [2h 4s]
schiz: folds 
GusHansenA7: folds 
TheDealmker joins the table at seat #7 
olwind: calls $0.25
kanskje87: folds 
Alameda22: checks 
*** FLOP *** [5h Jd 2s]
Alameda22: checks 
olwind: checks 
*** TURN *** [5h Jd 2s] [8c]
Alameda22: checks 
olwind: bets $0.25
Alameda22: folds 
Uncalled bet ($0.25) returned to olwind
olwind collected $0.60 from pot
*** SUMMARY ***
Total pot $0.60 | Rake $0 
Board [5h Jd 2s 8c]
Seat 1: kanskje87 (small blind) folded before Flop
Seat 2: Alameda22 (big blind) folded on the Turn
Seat 4: schiz folded before Flop (didn't bet)
Seat 5: GusHansenA7 folded before Flop (didn't bet)
Seat 6: olwind (button) collected ($0.60)



PokerStars Game #19838402217:  Hold'em No Limit ($0.10/$0.25) - 2008/08/23 - 14:20:02 (ET)
Table 'Vanadis IV' 9-max Seat #1 is the button
Seat 1: kanskje87 ($24.55 in chips) 
Seat 2: Alameda22 ($25.75 in chips) 
Seat 4: schiz ($25.35 in chips) 
Seat 5: GusHansenA7 ($48.40 in chips) 
Seat 6: olwind ($4.70 in chips) 
Seat 7: TheDealmker ($10 in chips) 
Alameda22: posts small blind $0.10
schiz: posts big blind $0.25
TheDealmker: posts big blind $0.25
*** HOLE CARDS ***
Dealt to Alameda22 [6s 6h]
GusHansenA7: folds 
olwind: folds 
TheDealmker: checks 
kanskje87: folds 
Alameda22: calls $0.15
schiz: checks 
*** FLOP *** [9s Kc 2h]
Alameda22: checks 
schiz: checks 
TheDealmker: bets $0.25
Alameda22: folds 
schiz: folds 
Uncalled bet ($0.25) returned to TheDealmker
TheDealmker collected $0.75 from pot
TheDealmker: doesn't show hand 
*** SUMMARY ***
Total pot $0.75 | Rake $0 
Board [9s Kc 2h]
Seat 1: kanskje87 (button) folded before Flop (didn't bet)
Seat 2: Alameda22 (small blind) folded on the Flop
Seat 4: schiz (big blind) folded on the Flop
Seat 5: GusHansenA7 folded before Flop (didn't bet)
Seat 6: olwind folded before Flop (didn't bet)
Seat 7: TheDealmker collected ($0.75)



PokerStars Game #19838422549:  Hold'em No Limit ($0.10/$0.25) - 2008/08/23 - 14:20:55 (ET)
Table 'Vanadis IV' 9-max Seat #2 is the button
Seat 1: kanskje87 ($24.55 in chips) 
Seat 2: Alameda22 ($25.50 in chips) 
Seat 4: schiz ($25.10 in chips) 
Seat 5: GusHansenA7 ($48.40 in chips) 
Seat 6: olwind ($4.70 in chips) 
Seat 7: TheDealmker ($10.50 in chips) 
schiz: posts small blind $0.10
GusHansenA7: posts big blind $0.25
*** HOLE CARDS ***
Dealt to Alameda22 [7s Ks]
olwind: calls $0.25
TheDealmker: folds 
kanskje87: folds 
lastboss84 joins the table at seat #8 
Alameda22: folds 
schiz: folds 
GusHansenA7: checks 
*** FLOP *** [Th 6h 2c]
GusHansenA7: bets $0.50
olwind: calls $0.50
*** TURN *** [Th 6h 2c] [3c]
GusHansenA7: bets $1
olwind: folds 
Uncalled bet ($1) returned to GusHansenA7
GusHansenA7 collected $1.55 from pot
GusHansenA7: doesn't show hand 
*** SUMMARY ***
Total pot $1.60 | Rake $0.05 
Board [Th 6h 2c 3c]
Seat 1: kanskje87 folded before Flop (didn't bet)
Seat 2: Alameda22 (button) folded before Flop (didn't bet)
Seat 4: schiz (small blind) folded before Flop
Seat 5: GusHansenA7 (big blind) collected ($1.55)
Seat 6: olwind folded on the Turn
Seat 7: TheDealmker folded before Flop (didn't bet)



PokerStars Game #19838444439:  Hold'em No Limit ($0.10/$0.25) - 2008/08/23 - 14:21:52 (ET)
Table 'Vanadis IV' 9-max Seat #4 is the button
Seat 1: kanskje87 ($24.55 in chips) 
Seat 2: Alameda22 ($25.50 in chips) 
Seat 4: schiz ($25 in chips) 
Seat 5: GusHansenA7 ($49.20 in chips) 
Seat 6: olwind ($3.95 in chips) 
Seat 7: TheDealmker ($10.50 in chips) 
GusHansenA7: posts small blind $0.10
olwind: posts big blind $0.25
lastboss84 has timed out
lastboss84: is sitting out 
*** HOLE CARDS ***
Dealt to Alameda22 [Ah 5d]
lastboss84 has returned
TheDealmker: folds 
kanskje87: folds 
Alameda22: folds 
schiz: folds 
GusHansenA7: folds 
Uncalled bet ($0.15) returned to olwind
olwind collected $0.20 from pot
*** SUMMARY ***
Total pot $0.20 | Rake $0 
Seat 1: kanskje87 folded before Flop (didn't bet)
Seat 2: Alameda22 folded before Flop (didn't bet)
Seat 4: schiz (button) folded before Flop (didn't bet)
Seat 5: GusHansenA7 (small blind) folded before Flop
Seat 6: olwind (big blind) collected ($0.20)
Seat 7: TheDealmker folded before Flop (didn't bet)



PokerStars Game #19838472189:  Hold'em No Limit ($0.10/$0.25) - 2008/08/23 - 14:23:04 (ET)
Table 'Vanadis IV' 9-max Seat #5 is the button
Seat 1: kanskje87 ($24.55 in chips) 
Seat 2: Alameda22 ($25.50 in chips) 
Seat 4: schiz ($25 in chips) 
Seat 5: GusHansenA7 ($49.10 in chips) 
Seat 6: olwind ($4.05 in chips) 
Seat 7: TheDealmker ($10.50 in chips) 
olwind: posts small blind $0.10
TheDealmker: posts big blind $0.25
lastboss84: sits out 
*** HOLE CARDS ***
Dealt to Alameda22 [9h Kc]
kanskje87: folds 
Alameda22: folds 
schiz: folds 
GusHansenA7: folds 
olwind: raises $0.50 to $0.75
TheDealmker: calls $0.50
*** FLOP *** [2h 5c 7d]
olwind: bets $1
TheDealmker: folds 
Uncalled bet ($1) returned to olwind
olwind collected $1.45 from pot
*** SUMMARY ***
Total pot $1.50 | Rake $0.05 
Board [2h 5c 7d]
Seat 1: kanskje87 folded before Flop (didn't bet)
Seat 2: Alameda22 folded before Flop (didn't bet)
Seat 4: schiz folded before Flop (didn't bet)
Seat 5: GusHansenA7 (button) folded before Flop (didn't bet)
Seat 6: olwind (small blind) collected ($1.45)
Seat 7: TheDealmker (big blind) folded on the Flop



PokerStars Game #19838489420:  Hold'em No Limit ($0.10/$0.25) - 2008/08/23 - 14:23:49 (ET)
Table 'Vanadis IV' 9-max Seat #6 is the button
Seat 1: kanskje87 ($24.55 in chips) 
Seat 2: Alameda22 ($25.50 in chips) 
Seat 4: schiz ($25 in chips) 
Seat 5: GusHansenA7 ($49.10 in chips) 
Seat 6: olwind ($4.75 in chips) 
Seat 7: TheDealmker ($9.75 in chips) 
Seat 8: lastboss84 ($8 in chips) 
TheDealmker: posts small blind $0.10
lastboss84: posts big blind $0.25
*** HOLE CARDS ***
Dealt to Alameda22 [3c Kd]
kanskje87: folds 
Alameda22: folds 
schiz: folds 
GusHansenA7: folds 
olwind: calls $0.25
TheDealmker: folds 
lastboss84: checks 
*** FLOP *** [6h Kh 9c]
lastboss84: checks 
olwind: bets $0.75
lastboss84: folds 
Uncalled bet ($0.75) returned to olwind
olwind collected $0.60 from pot
*** SUMMARY ***
Total pot $0.60 | Rake $0 
Board [6h Kh 9c]
Seat 1: kanskje87 folded before Flop (didn't bet)
Seat 2: Alameda22 folded before Flop (didn't bet)
Seat 4: schiz folded before Flop (didn't bet)
Seat 5: GusHansenA7 folded before Flop (didn't bet)
Seat 6: olwind (button) collected ($0.60)
Seat 7: TheDealmker (small blind) folded before Flop
Seat 8: lastboss84 (big blind) folded on the Flop



PokerStars Game #19838519236:  Hold'em No Limit ($0.10/$0.25) - 2008/08/23 - 14:25:06 (ET)
Table 'Vanadis IV' 9-max Seat #7 is the button
Seat 1: kanskje87 ($24.55 in chips) 
Seat 2: Alameda22 ($25.50 in chips) 
Seat 4: schiz ($25 in chips) 
Seat 5: GusHansenA7 ($49.10 in chips) 
Seat 6: olwind ($5.10 in chips) 
Seat 7: TheDealmker ($9.65 in chips) 
Seat 8: lastboss84 ($7.75 in chips) 
lastboss84: posts small blind $0.10
kanskje87: posts big blind $0.25
*** HOLE CARDS ***
Dealt to Alameda22 [Jc 7c]
Alameda22: folds 
schiz: folds 
GusHansenA7: folds 
olwind: calls $0.25
TheDealmker: folds 
lastboss84: folds 
kanskje87: checks 
*** FLOP *** [Js Jd 5c]
kanskje87: checks 
olwind: checks 
*** TURN *** [Js Jd 5c] [Jh]
kanskje87: checks 
olwind: bets $0.50
kanskje87: folds 
Uncalled bet ($0.50) returned to olwind
olwind collected $0.60 from pot
*** SUMMARY ***
Total pot $0.60 | Rake $0 
Board [Js Jd 5c Jh]
Seat 1: kanskje87 (big blind) folded on the Turn
Seat 2: Alameda22 folded before Flop (didn't bet)
Seat 4: schiz folded before Flop (didn't bet)
Seat 5: GusHansenA7 folded before Flop (didn't bet)
Seat 6: olwind collected ($0.60)
Seat 7: TheDealmker (button) folded before Flop (didn't bet)
Seat 8: lastboss84 (small blind) folded before Flop



PokerStars Game #19838544034:  Hold'em No Limit ($0.10/$0.25) - 2008/08/23 - 14:26:10 (ET)
Table 'Vanadis IV' 9-max Seat #8 is the button
Seat 1: kanskje87 ($24.30 in chips) 
Seat 2: Alameda22 ($25.50 in chips) 
Seat 4: schiz ($25 in chips) 
Seat 5: GusHansenA7 ($49.10 in chips) 
Seat 6: olwind ($5.45 in chips) 
Seat 7: TheDealmker ($9.65 in chips) 
Seat 8: lastboss84 ($7.65 in chips) 
kanskje87: posts small blind $0.10
Alameda22: posts big blind $0.25
*** HOLE CARDS ***
Dealt to Alameda22 [Ts 7h]
schiz: folds 
GusHansenA7: folds 
olwind: folds 
TheDealmker: folds 
lastboss84: folds 
kanskje87: calls $0.15
Alameda22: checks 
*** FLOP *** [Tc 6c 2c]
kanskje87: bets $0.50
Alameda22: calls $0.50
*** TURN *** [Tc 6c 2c] [9s]
kanskje87: bets $0.75
Alameda22: calls $0.75
*** RIVER *** [Tc 6c 2c 9s] [4c]
kanskje87: checks 
Alameda22: checks 
*** SHOW DOWN ***
kanskje87: shows [Jc Qd] (a flush, Jack high)
Alameda22: mucks hand 
kanskje87 collected $2.90 from pot
*** SUMMARY ***
Total pot $3 | Rake $0.10 
Board [Tc 6c 2c 9s 4c]
Seat 1: kanskje87 (small blind) showed [Jc Qd] and won ($2.90) with a flush, Jack high
Seat 2: Alameda22 (big blind) mucked [Ts 7h]
Seat 4: schiz folded before Flop (didn't bet)
Seat 5: GusHansenA7 folded before Flop (didn't bet)
Seat 6: olwind folded before Flop (didn't bet)
Seat 7: TheDealmker folded before Flop (didn't bet)
Seat 8: lastboss84 (button) folded before Flop (didn't bet)



PokerStars Game #19838564500:  Hold'em No Limit ($0.10/$0.25) - 2008/08/23 - 14:27:04 (ET)
Table 'Vanadis IV' 9-max Seat #1 is the button
Seat 1: kanskje87 ($25.70 in chips) 
Seat 2: Alameda22 ($24 in chips) 
Seat 4: schiz ($25 in chips) 
Seat 5: GusHansenA7 ($49.10 in chips) 
Seat 6: olwind ($5.45 in chips) 
Seat 7: TheDealmker ($9.65 in chips) 
Seat 8: lastboss84 ($7.65 in chips) 
Alameda22: posts small blind $0.10
schiz: posts big blind $0.25
*** HOLE CARDS ***
Dealt to Alameda22 [Jh 6d]
GusHansenA7: folds 
olwind: folds 
TheDealmker: folds 
lastboss84: folds 
kanskje87: calls $0.25
Alameda22: folds 
schiz: checks 
*** FLOP *** [2d Ks 5d]
schiz: checks 
kanskje87: checks 
*** TURN *** [2d Ks 5d] [Jc]
schiz: checks 
kanskje87: checks 
*** RIVER *** [2d Ks 5d Jc] [Tc]
schiz: bets $1
kanskje87: folds 
Uncalled bet ($1) returned to schiz
schiz collected $0.60 from pot
schiz: doesn't show hand 
*** SUMMARY ***
Total pot $0.60 | Rake $0 
Board [2d Ks 5d Jc Tc]
Seat 1: kanskje87 (button) folded on the River
Seat 2: Alameda22 (small blind) folded before Flop
Seat 4: schiz (big blind) collected ($0.60)
Seat 5: GusHansenA7 folded before Flop (didn't bet)
Seat 6: olwind folded before Flop (didn't bet)
Seat 7: TheDealmker folded before Flop (didn't bet)
Seat 8: lastboss84 folded before Flop (didn't bet)



PokerStars Game #19838589648:  Hold'em No Limit ($0.10/$0.25) - 2008/08/23 - 14:28:10 (ET)
Table 'Vanadis IV' 9-max Seat #2 is the button
Seat 1: kanskje87 ($25.45 in chips) 
Seat 2: Alameda22 ($23.90 in chips) 
Seat 4: schiz ($25.35 in chips) 
Seat 5: GusHansenA7 ($49.10 in chips) 
Seat 6: olwind ($5.45 in chips) 
Seat 7: TheDealmker ($9.65 in chips) 
Seat 8: lastboss84 ($7.65 in chips) 
schiz: posts small blind $0.10
GusHansenA7: posts big blind $0.25
*** HOLE CARDS ***
Dealt to Alameda22 [Jd Qc]
olwind: folds 
TheDealmker: folds 
lastboss84: folds 
kanskje87: folds 
Alameda22: folds 
schiz: folds 
Uncalled bet ($0.15) returned to GusHansenA7
GusHansenA7 collected $0.20 from pot
GusHansenA7: doesn't show hand 
*** SUMMARY ***
Total pot $0.20 | Rake $0 
Seat 1: kanskje87 folded before Flop (didn't bet)
Seat 2: Alameda22 (button) folded before Flop (didn't bet)
Seat 4: schiz (small blind) folded before Flop
Seat 5: GusHansenA7 (big blind) collected ($0.20)
Seat 6: olwind folded before Flop (didn't bet)
Seat 7: TheDealmker folded before Flop (didn't bet)
Seat 8: lastboss84 folded before Flop (didn't bet)



PokerStars Game #19838599311:  Hold'em No Limit ($0.10/$0.25) - 2008/08/23 - 14:28:35 (ET)
Table 'Vanadis IV' 9-max Seat #4 is the button
Seat 1: kanskje87 ($25.45 in chips) 
Seat 2: Alameda22 ($23.90 in chips) 
Seat 4: schiz ($25.25 in chips) 
Seat 5: GusHansenA7 ($49.20 in chips) 
Seat 6: olwind ($5.45 in chips) 
Seat 7: TheDealmker ($9.65 in chips) 
Seat 8: lastboss84 ($7.65 in chips) 
GusHansenA7: posts small blind $0.10
olwind: posts big blind $0.25
*** HOLE CARDS ***
Dealt to Alameda22 [Jc 2s]
TheDealmker: calls $0.25
lastboss84: folds 
kanskje87: folds 
Alameda22: folds 
schiz: folds 
GusHansenA7: folds 
olwind: checks 
*** FLOP *** [Ts 8s 2c]
olwind: bets $0.75
TheDealmker: folds 
Uncalled bet ($0.75) returned to olwind
olwind collected $0.60 from pot
*** SUMMARY ***
Total pot $0.60 | Rake $0 
Board [Ts 8s 2c]
Seat 1: kanskje87 folded before Flop (didn't bet)
Seat 2: Alameda22 folded before Flop (didn't bet)
Seat 4: schiz (button) folded before Flop (didn't bet)
Seat 5: GusHansenA7 (small blind) folded before Flop
Seat 6: olwind (big blind) collected ($0.60)
Seat 7: TheDealmker folded on the Flop
Seat 8: lastboss84 folded before Flop (didn't bet)



PokerStars Game #19838618054:  Hold'em No Limit ($0.10/$0.25) - 2008/08/23 - 14:29:25 (ET)
Table 'Vanadis IV' 9-max Seat #5 is the button
Seat 1: kanskje87 ($25.45 in chips) 
Seat 2: Alameda22 ($23.90 in chips) 
Seat 4: schiz ($25.25 in chips) 
Seat 5: GusHansenA7 ($49.10 in chips) 
Seat 6: olwind ($5.80 in chips) 
Seat 7: TheDealmker ($9.40 in chips) 
Seat 8: lastboss84 ($7.65 in chips) 
olwind: posts small blind $0.10
TheDealmker: posts big blind $0.25
*** HOLE CARDS ***
Dealt to Alameda22 [9h 3h]
lastboss84: folds 
kanskje87: folds 
kanskje87 is sitting out
Alameda22: folds 
schiz: folds 
GusHansenA7: folds 
olwind: calls $0.15
TheDealmker: checks 
*** FLOP *** [5d 4s 8c]
olwind: checks 
TheDealmker: checks 
*** TURN *** [5d 4s 8c] [Td]
olwind: bets $0.75
TheDealmker: calls $0.75
*** RIVER *** [5d 4s 8c Td] [8s]
olwind: bets $1
TheDealmker: folds 
Uncalled bet ($1) returned to olwind
olwind collected $1.90 from pot
kanskje87 leaves the table
*** SUMMARY ***
Total pot $2 | Rake $0.10 
Board [5d 4s 8c Td 8s]
Seat 1: kanskje87 folded before Flop (didn't bet)
Seat 2: Alameda22 folded before Flop (didn't bet)
Seat 4: schiz folded before Flop (didn't bet)
Seat 5: GusHansenA7 (button) folded before Flop (didn't bet)
Seat 6: olwind (small blind) collected ($1.90)
Seat 7: TheDealmker (big blind) folded on the River
Seat 8: lastboss84 folded before Flop (didn't bet)



PokerStars Game #19838643496:  Hold'em No Limit ($0.10/$0.25) - 2008/08/23 - 14:30:31 (ET)
Table 'Vanadis IV' 9-max Seat #6 is the button
Seat 2: Alameda22 ($23.90 in chips) 
Seat 4: schiz ($25.25 in chips) 
Seat 5: GusHansenA7 ($49.10 in chips) 
Seat 6: olwind ($6.70 in chips) 
Seat 7: TheDealmker ($8.40 in chips) 
Seat 8: lastboss84 ($7.65 in chips) 
TheDealmker: posts small blind $0.10
lastboss84: posts big blind $0.25
*** HOLE CARDS ***
Dealt to Alameda22 [9d 7c]
willyo979 joins the table at seat #1 
Alameda22: folds 
schiz: folds 
GusHansenA7: folds 
olwind: folds 
TheDealmker: calls $0.15
lastboss84: checks 
*** FLOP *** [Ah 2h 9c]
TheDealmker: checks 
lastboss84: checks 
*** TURN *** [Ah 2h 9c] [5d]
TheDealmker: checks 
lastboss84: bets $0.50
TheDealmker: folds 
Uncalled bet ($0.50) returned to lastboss84
lastboss84 collected $0.50 from pot
*** SUMMARY ***
Total pot $0.50 | Rake $0 
Board [Ah 2h 9c 5d]
Seat 2: Alameda22 folded before Flop (didn't bet)
Seat 4: schiz folded before Flop (didn't bet)
Seat 5: GusHansenA7 folded before Flop (didn't bet)
Seat 6: olwind (button) folded before Flop (didn't bet)
Seat 7: TheDealmker (small blind) folded on the Turn
Seat 8: lastboss84 (big blind) collected ($0.50)



PokerStars Game #19838669494:  Hold'em No Limit ($0.10/$0.25) - 2008/08/23 - 14:31:38 (ET)
Table 'Vanadis IV' 9-max Seat #7 is the button
Seat 1: willyo979 ($25 in chips) 
Seat 2: Alameda22 ($23.90 in chips) 
Seat 4: schiz ($25.25 in chips) 
Seat 5: GusHansenA7 ($49.10 in chips) 
Seat 6: olwind ($6.70 in chips) 
Seat 7: TheDealmker ($8.15 in chips) 
Seat 8: lastboss84 ($7.90 in chips) 
lastboss84: posts small blind $0.10
willyo979: posts big blind $0.25
*** HOLE CARDS ***
Dealt to Alameda22 [7d 2d]
Alameda22: folds 
schiz: folds 
GusHansenA7: folds 
olwind: folds 
TheDealmker: calls $0.25
lastboss84: folds 
willyo979: checks 
*** FLOP *** [Jh 6s 3s]
willyo979: checks 
TheDealmker: checks 
*** TURN *** [Jh 6s 3s] [8d]
willyo979: bets $0.25
rafaelrrpo has returned
TheDealmker: folds 
Uncalled bet ($0.25) returned to willyo979
willyo979 collected $0.60 from pot
willyo979: doesn't show hand 
*** SUMMARY ***
Total pot $0.60 | Rake $0 
Board [Jh 6s 3s 8d]
Seat 1: willyo979 (big blind) collected ($0.60)
Seat 2: Alameda22 folded before Flop (didn't bet)
Seat 4: schiz folded before Flop (didn't bet)
Seat 5: GusHansenA7 folded before Flop (didn't bet)
Seat 6: olwind folded before Flop (didn't bet)
Seat 7: TheDealmker (button) folded on the Turn
Seat 8: lastboss84 (small blind) folded before Flop



PokerStars Game #19838686400:  Hold'em No Limit ($0.10/$0.25) - 2008/08/23 - 14:32:23 (ET)
Table 'Vanadis IV' 9-max Seat #8 is the button
Seat 1: willyo979 ($25.35 in chips) 
Seat 2: Alameda22 ($23.90 in chips) 
Seat 4: schiz ($25.25 in chips) 
Seat 5: GusHansenA7 ($49.10 in chips) 
Seat 6: olwind ($6.70 in chips) 
Seat 7: TheDealmker ($7.90 in chips) 
Seat 8: lastboss84 ($7.80 in chips) 
DirkDirty was removed from the table for failing to post
willyo979: posts small blind $0.10
Alameda22: posts big blind $0.25
rafaelrrpo: sits out 
*** HOLE CARDS ***
Dealt to Alameda22 [3d 4s]
schiz: folds 
GusHansenA7: folds 
olwind: folds 
olwind leaves the table
TheDealmker: calls $0.25
lastboss84: folds 
willyo979: calls $0.15
Alameda22: checks 
*** FLOP *** [Qd 9s 7d]
willyo979: checks 
amtguy joins the table at seat #9 
Alameda22: checks 
TheDealmker: checks 
*** TURN *** [Qd 9s 7d] [Ts]
amtguy is sitting out
willyo979: checks 
Alameda22: checks 
TheDealmker: bets $0.50
willyo979: calls $0.50
Alameda22: folds 
*** RIVER *** [Qd 9s 7d Ts] [6s]
willyo979: checks 
TheDealmker: bets $1
willyo979: folds 
Uncalled bet ($1) returned to TheDealmker
TheDealmker collected $1.70 from pot
TheDealmker: doesn't show hand 
*** SUMMARY ***
Total pot $1.75 | Rake $0.05 
Board [Qd 9s 7d Ts 6s]
Seat 1: willyo979 (small blind) folded on the River
Seat 2: Alameda22 (big blind) folded on the Turn
Seat 4: schiz folded before Flop (didn't bet)
Seat 5: GusHansenA7 folded before Flop (didn't bet)
Seat 6: olwind folded before Flop (didn't bet)
Seat 7: TheDealmker collected ($1.70)
Seat 8: lastboss84 (button) folded before Flop (didn't bet)



PokerStars Game #19838712873:  Hold'em No Limit ($0.10/$0.25) - 2008/08/23 - 14:33:33 (ET)
Table 'Vanadis IV' 9-max Seat #1 is the button
Seat 1: willyo979 ($24.60 in chips) 
Seat 2: Alameda22 ($23.65 in chips) 
Seat 3: rafaelrrpo ($5.35 in chips) 
Seat 4: schiz ($25.25 in chips) 
Seat 5: GusHansenA7 ($49.10 in chips) 
Seat 7: TheDealmker ($8.85 in chips) 
Seat 8: lastboss84 ($7.80 in chips) 
Alameda22: posts small blind $0.10
rafaelrrpo: posts big blind $0.25
*** HOLE CARDS ***
Dealt to Alameda22 [8d 6s]
schiz: folds 
GusHansenA7: folds 
TheDealmker: folds 
lastboss84: folds 
willyo979: folds 
Alameda22: folds 
Uncalled bet ($0.15) returned to rafaelrrpo
rafaelrrpo collected $0.20 from pot
rafaelrrpo: doesn't show hand 
*** SUMMARY ***
Total pot $0.20 | Rake $0 
Seat 1: willyo979 (button) folded before Flop (didn't bet)
Seat 2: Alameda22 (small blind) folded before Flop
Seat 3: rafaelrrpo (big blind) collected ($0.20)
Seat 4: schiz folded before Flop (didn't bet)
Seat 5: GusHansenA7 folded before Flop (didn't bet)
Seat 7: TheDealmker folded before Flop (didn't bet)
Seat 8: lastboss84 folded before Flop (didn't bet)



PokerStars Game #19838732165:  Hold'em No Limit ($0.10/$0.25) - 2008/08/23 - 14:34:24 (ET)
Table 'Vanadis IV' 9-max Seat #2 is the button
Seat 1: willyo979 ($24.60 in chips) 
Seat 2: Alameda22 ($23.55 in chips) 
Seat 3: rafaelrrpo ($5.45 in chips) 
Seat 4: schiz ($25.25 in chips) 
Seat 5: GusHansenA7 ($49.10 in chips) 
Seat 7: TheDealmker ($8.85 in chips) 
Seat 8: lastboss84 ($7.80 in chips) 
rafaelrrpo: posts small blind $0.10
schiz: posts big blind $0.25
*** HOLE CARDS ***
Dealt to Alameda22 [Qh Ah]
GusHansenA7: folds 
TheDealmker: folds 
lastboss84: folds 
willyo979: raises $0.25 to $0.50
Alameda22: raises $1.50 to $2
rafaelrrpo: folds 
schiz: folds 
willyo979: calls $1.50
*** FLOP *** [Ac Js As]
willyo979: checks 
Alameda22: bets $2.75
willyo979: folds 
Uncalled bet ($2.75) returned to Alameda22
Alameda22 collected $4.15 from pot
Alameda22: doesn't show hand 
*** SUMMARY ***
Total pot $4.35 | Rake $0.20 
Board [Ac Js As]
Seat 1: willyo979 folded on the Flop
Seat 2: Alameda22 (button) collected ($4.15)
Seat 3: rafaelrrpo (small blind) folded before Flop
Seat 4: schiz (big blind) folded before Flop
Seat 5: GusHansenA7 folded before Flop (didn't bet)
Seat 7: TheDealmker folded before Flop (didn't bet)
Seat 8: lastboss84 folded before Flop (didn't bet)



PokerStars Game #19838754026:  Hold'em No Limit ($0.10/$0.25) - 2008/08/23 - 14:35:21 (ET)
Table 'Vanadis IV' 9-max Seat #3 is the button
Seat 1: willyo979 ($22.60 in chips) 
Seat 2: Alameda22 ($25.70 in chips) 
Seat 3: rafaelrrpo ($5.35 in chips) 
Seat 4: schiz ($25 in chips) 
Seat 5: GusHansenA7 ($49.10 in chips) 
Seat 7: TheDealmker ($8.85 in chips) 
Seat 8: lastboss84 ($7.80 in chips) 
schiz: posts small blind $0.10
GusHansenA7: posts big blind $0.25
*** HOLE CARDS ***
Dealt to Alameda22 [3s 8h]
amtguy has returned
TheDealmker: calls $0.25
lastboss84: folds 
willyo979: raises $0.75 to $1
Alameda22: folds 
rafaelrrpo: folds 
schiz: folds 
yjqian23 joins the table at seat #6 
GusHansenA7: folds 
TheDealmker: calls $0.75
*** FLOP *** [Tc 3c 7d]
TheDealmker: checks 
willyo979: bets $2
TheDealmker: folds 
Uncalled bet ($2) returned to willyo979
willyo979 collected $2.25 from pot
willyo979: doesn't show hand 
*** SUMMARY ***
Total pot $2.35 | Rake $0.10 
Board [Tc 3c 7d]
Seat 1: willyo979 collected ($2.25)
Seat 2: Alameda22 folded before Flop (didn't bet)
Seat 3: rafaelrrpo (button) folded before Flop (didn't bet)
Seat 4: schiz (small blind) folded before Flop
Seat 5: GusHansenA7 (big blind) folded before Flop
Seat 7: TheDealmker folded on the Flop
Seat 8: lastboss84 folded before Flop (didn't bet)



PokerStars Game #19838770477:  Hold'em No Limit ($0.10/$0.25) - 2008/08/23 - 14:36:05 (ET)
Table 'Vanadis IV' 9-max Seat #4 is the button
Seat 1: willyo979 ($23.85 in chips) 
Seat 2: Alameda22 ($25.70 in chips) 
Seat 3: rafaelrrpo ($5.35 in chips) 
Seat 4: schiz ($24.90 in chips) 
Seat 5: GusHansenA7 ($48.85 in chips) 
Seat 6: yjqian23 ($25 in chips) 
Seat 7: TheDealmker ($7.85 in chips) 
Seat 8: lastboss84 ($7.80 in chips) 
Seat 9: amtguy ($5 in chips) 
GusHansenA7: posts small blind $0.10
yjqian23: posts big blind $0.25
amtguy: posts big blind $0.25
*** HOLE CARDS ***
Dealt to Alameda22 [Th Qc]
TheDealmker: folds 
lastboss84: folds 
amtguy: checks 
willyo979: folds 
Alameda22: folds 
rafaelrrpo: folds 
schiz: calls $0.25
GusHansenA7: folds 
yjqian23: checks 
*** FLOP *** [Tc Jd 5h]
yjqian23: checks 
amtguy: checks 
schiz: checks 
*** TURN *** [Tc Jd 5h] [Jc]
yjqian23: bets $0.25
amtguy: folds 
schiz: folds 
Uncalled bet ($0.25) returned to yjqian23
yjqian23 collected $0.85 from pot
yjqian23: doesn't show hand 
*** SUMMARY ***
Total pot $0.85 | Rake $0 
Board [Tc Jd 5h Jc]
Seat 1: willyo979 folded before Flop (didn't bet)
Seat 2: Alameda22 folded before Flop (didn't bet)
Seat 3: rafaelrrpo folded before Flop (didn't bet)
Seat 4: schiz (button) folded on the Turn
Seat 5: GusHansenA7 (small blind) folded before Flop
Seat 6: yjqian23 (big blind) collected ($0.85)
Seat 7: TheDealmker folded before Flop (didn't bet)
Seat 8: lastboss84 folded before Flop (didn't bet)
Seat 9: amtguy folded on the Turn



PokerStars Game #19838801820:  Hold'em No Limit ($0.10/$0.25) - 2008/08/23 - 14:37:29 (ET)
Table 'Vanadis IV' 9-max Seat #5 is the button
Seat 1: willyo979 ($23.85 in chips) 
Seat 2: Alameda22 ($25.70 in chips) 
Seat 3: rafaelrrpo ($5.35 in chips) 
Seat 4: schiz ($24.65 in chips) 
Seat 5: GusHansenA7 ($48.75 in chips) 
Seat 6: yjqian23 ($25.60 in chips) 
Seat 7: TheDealmker ($7.85 in chips) 
Seat 8: lastboss84 ($7.80 in chips) 
Seat 9: amtguy ($4.75 in chips) 
yjqian23: posts small blind $0.10
TheDealmker: posts big blind $0.25
*** HOLE CARDS ***
Dealt to Alameda22 [9c 3h]
lastboss84: folds 
amtguy: folds 
willyo979: calls $0.25
Alameda22: folds 
rafaelrrpo: folds 
schiz: folds 
GusHansenA7: folds 
yjqian23: folds 
TheDealmker: raises $0.25 to $0.50
willyo979: calls $0.25
*** FLOP *** [Td Th 4s]
TheDealmker: checks 
willyo979: checks 
*** TURN *** [Td Th 4s] [Js]
TheDealmker: checks 
willyo979: bets $0.75
TheDealmker: folds 
Uncalled bet ($0.75) returned to willyo979
willyo979 collected $1.05 from pot
willyo979: doesn't show hand 
*** SUMMARY ***
Total pot $1.10 | Rake $0.05 
Board [Td Th 4s Js]
Seat 1: willyo979 collected ($1.05)
Seat 2: Alameda22 folded before Flop (didn't bet)
Seat 3: rafaelrrpo folded before Flop (didn't bet)
Seat 4: schiz folded before Flop (didn't bet)
Seat 5: GusHansenA7 (button) folded before Flop (didn't bet)
Seat 6: yjqian23 (small blind) folded before Flop
Seat 7: TheDealmker (big blind) folded on the Turn
Seat 8: lastboss84 folded before Flop (didn't bet)
Seat 9: amtguy folded before Flop (didn't bet)



PokerStars Game #19838828777:  Hold'em No Limit ($0.10/$0.25) - 2008/08/23 - 14:38:40 (ET)
Table 'Vanadis IV' 9-max Seat #6 is the button
Seat 1: willyo979 ($24.40 in chips) 
Seat 2: Alameda22 ($25.70 in chips) 
Seat 3: rafaelrrpo ($5.35 in chips) 
Seat 4: schiz ($24.65 in chips) 
Seat 5: GusHansenA7 ($48.75 in chips) 
Seat 6: yjqian23 ($25.50 in chips) 
Seat 7: TheDealmker ($7.35 in chips) 
Seat 8: lastboss84 ($7.80 in chips) 
Seat 9: amtguy ($4.75 in chips) 
TheDealmker: posts small blind $0.10
lastboss84: posts big blind $0.25
*** HOLE CARDS ***
Dealt to Alameda22 [Tc Ac]
amtguy: folds 
willyo979: calls $0.25
Alameda22: folds 
rafaelrrpo: folds 
schiz: raises $0.50 to $0.75
GusHansenA7: folds 
yjqian23: folds 
TheDealmker: folds 
lastboss84: folds 
willyo979: calls $0.50
*** FLOP *** [Kd Ks Kc]
willyo979: checks 
schiz: bets $0.50
willyo979: folds 
Uncalled bet ($0.50) returned to schiz
schiz collected $1.80 from pot
schiz: doesn't show hand 
*** SUMMARY ***
Total pot $1.85 | Rake $0.05 
Board [Kd Ks Kc]
Seat 1: willyo979 folded on the Flop
Seat 2: Alameda22 folded before Flop (didn't bet)
Seat 3: rafaelrrpo folded before Flop (didn't bet)
Seat 4: schiz collected ($1.80)
Seat 5: GusHansenA7 folded before Flop (didn't bet)
Seat 6: yjqian23 (button) folded before Flop (didn't bet)
Seat 7: TheDealmker (small blind) folded before Flop
Seat 8: lastboss84 (big blind) folded before Flop
Seat 9: amtguy folded before Flop (didn't bet)



PokerStars Game #19838845546:  Hold'em No Limit ($0.10/$0.25) - 2008/08/23 - 14:39:25 (ET)
Table 'Vanadis IV' 9-max Seat #7 is the button
Seat 1: willyo979 ($23.65 in chips) 
Seat 2: Alameda22 ($25.70 in chips) 
Seat 3: rafaelrrpo ($5.35 in chips) 
Seat 4: schiz ($25.70 in chips) 
Seat 5: GusHansenA7 ($48.75 in chips) 
Seat 6: yjqian23 ($25.50 in chips) 
Seat 7: TheDealmker ($7.25 in chips) 
Seat 8: lastboss84 ($7.55 in chips) 
Seat 9: amtguy ($4.75 in chips) 
lastboss84: posts small blind $0.10
amtguy: posts big blind $0.25
*** HOLE CARDS ***
Dealt to Alameda22 [4h Td]
willyo979: calls $0.25
Alameda22: folds 
rafaelrrpo: folds 
schiz: folds 
GusHansenA7: folds 
yjqian23: folds 
TheDealmker: folds 
lastboss84: calls $0.15
amtguy: checks 
*** FLOP *** [Ac Qh 2d]
lastboss84: checks 
amtguy: checks 
willyo979: bets $0.25
lastboss84: folds 
amtguy: folds 
Uncalled bet ($0.25) returned to willyo979
willyo979 collected $0.75 from pot
willyo979: doesn't show hand 
*** SUMMARY ***
Total pot $0.75 | Rake $0 
Board [Ac Qh 2d]
Seat 1: willyo979 collected ($0.75)
Seat 2: Alameda22 folded before Flop (didn't bet)
Seat 3: rafaelrrpo folded before Flop (didn't bet)
Seat 4: schiz folded before Flop (didn't bet)
Seat 5: GusHansenA7 folded before Flop (didn't bet)
Seat 6: yjqian23 folded before Flop (didn't bet)
Seat 7: TheDealmker (button) folded before Flop (didn't bet)
Seat 8: lastboss84 (small blind) folded on the Flop
Seat 9: amtguy (big blind) folded on the Flop



PokerStars Game #19838862326:  Hold'em No Limit ($0.10/$0.25) - 2008/08/23 - 14:40:09 (ET)
Table 'Vanadis IV' 9-max Seat #8 is the button
Seat 1: willyo979 ($24.15 in chips) 
Seat 2: Alameda22 ($25.70 in chips) 
Seat 3: rafaelrrpo ($5.35 in chips) 
Seat 4: schiz ($25.70 in chips) 
Seat 5: GusHansenA7 ($48.75 in chips) 
Seat 6: yjqian23 ($25.50 in chips) 
Seat 7: TheDealmker ($7.25 in chips) 
Seat 8: lastboss84 ($7.30 in chips) 
Seat 9: amtguy ($4.50 in chips) 
amtguy: posts small blind $0.10
willyo979: posts big blind $0.25
*** HOLE CARDS ***
Dealt to Alameda22 [Qc 4d]
Alameda22: folds 
rafaelrrpo: folds 
schiz: folds 
GusHansenA7: folds 
yjqian23: calls $0.25
TheDealmker: raises $0.25 to $0.50
lastboss84: folds 
amtguy: folds 
willyo979: calls $0.25
yjqian23: calls $0.25
*** FLOP *** [8d Ts 8h]
willyo979: checks 
yjqian23: bets $0.25
TheDealmker: calls $0.25
willyo979: calls $0.25
*** TURN *** [8d Ts 8h] [2d]
willyo979: checks 
yjqian23: checks 
TheDealmker: checks 
*** RIVER *** [8d Ts 8h 2d] [7d]
willyo979: bets $1.25
yjqian23: raises $3.75 to $5
TheDealmker: raises $1.50 to $6.50 and is all-in
willyo979: folds 
yjqian23: calls $1.50
*** SHOW DOWN ***
TheDealmker: shows [Jc Jh] (two pair, Jacks and Eights)
yjqian23: shows [Ad Jd] (a flush, Ace high)
yjqian23 collected $15.80 from pot
*** SUMMARY ***
Total pot $16.60 | Rake $0.80 
Board [8d Ts 8h 2d 7d]
Seat 1: willyo979 (big blind) folded on the River
Seat 2: Alameda22 folded before Flop (didn't bet)
Seat 3: rafaelrrpo folded before Flop (didn't bet)
Seat 4: schiz folded before Flop (didn't bet)
Seat 5: GusHansenA7 folded before Flop (didn't bet)
Seat 6: yjqian23 showed [Ad Jd] and won ($15.80) with a flush, Ace high
Seat 7: TheDealmker showed [Jc Jh] and lost with two pair, Jacks and Eights
Seat 8: lastboss84 (button) folded before Flop (didn't bet)
Seat 9: amtguy (small blind) folded before Flop



PokerStars Game #19838905450:  Hold'em No Limit ($0.10/$0.25) - 2008/08/23 - 14:42:01 (ET)
Table 'Vanadis IV' 9-max Seat #9 is the button
Seat 1: willyo979 ($22.15 in chips) 
Seat 2: Alameda22 ($25.70 in chips) 
Seat 3: rafaelrrpo ($5.35 in chips) 
Seat 4: schiz ($25.70 in chips) 
Seat 5: GusHansenA7 ($48.75 in chips) 
Seat 6: yjqian23 ($34.05 in chips) 
Seat 8: lastboss84 ($7.30 in chips) 
Seat 9: amtguy ($4.40 in chips) 
willyo979: posts small blind $0.10
Alameda22: posts big blind $0.25
*** HOLE CARDS ***
Dealt to Alameda22 [5h 6c]
TheDealmker leaves the table
rafaelrrpo: folds 
schiz: folds 
GusHansenA7: folds 
yjqian23: folds 
lastboss84: folds 
amtguy: folds 
willyo979: calls $0.15
Alameda22: checks 
*** FLOP *** [9d Td 9h]
willyo979: checks 
Alameda22: checks 
*** TURN *** [9d Td 9h] [8h]
willyo979: checks 
Alameda22: checks 
*** RIVER *** [9d Td 9h 8h] [Jc]
willyo979: bets $0.25
Alameda22: folds 
Uncalled bet ($0.25) returned to willyo979
willyo979 collected $0.50 from pot
willyo979: doesn't show hand 
*** SUMMARY ***
Total pot $0.50 | Rake $0 
Board [9d Td 9h 8h Jc]
Seat 1: willyo979 (small blind) collected ($0.50)
Seat 2: Alameda22 (big blind) folded on the River
Seat 3: rafaelrrpo folded before Flop (didn't bet)
Seat 4: schiz folded before Flop (didn't bet)
Seat 5: GusHansenA7 folded before Flop (didn't bet)
Seat 6: yjqian23 folded before Flop (didn't bet)
Seat 8: lastboss84 folded before Flop (didn't bet)
Seat 9: amtguy (button) folded before Flop (didn't bet)



PokerStars Game #19838928366:  Hold'em No Limit ($0.10/$0.25) - 2008/08/23 - 14:43:00 (ET)
Table 'Vanadis IV' 9-max Seat #1 is the button
Seat 1: willyo979 ($22.40 in chips) 
Seat 2: Alameda22 ($25.45 in chips) 
Seat 3: rafaelrrpo ($5.35 in chips) 
Seat 4: schiz ($25.70 in chips) 
Seat 5: GusHansenA7 ($48.75 in chips) 
Seat 6: yjqian23 ($34.05 in chips) 
Seat 8: lastboss84 ($7.30 in chips) 
Seat 9: amtguy ($4.40 in chips) 
Alameda22: posts small blind $0.10
rafaelrrpo: posts big blind $0.25
*** HOLE CARDS ***
Dealt to Alameda22 [5h 6h]
schiz: folds 
GusHansenA7: folds 
yjqian23: folds 
lastboss84: raises $1.25 to $1.50
amtguy: calls $1.50
willyo979: folds 
Alameda22: folds 
rafaelrrpo: folds 
*** FLOP *** [Th Jc Td]
lastboss84: bets $3
amtguy: calls $2.90 and is all-in
Uncalled bet ($0.10) returned to lastboss84
*** TURN *** [Th Jc Td] [8h]
*** RIVER *** [Th Jc Td 8h] [4c]
*** SHOW DOWN ***
lastboss84: shows [Qh Qc] (two pair, Queens and Tens)
amtguy: mucks hand 
lastboss84 collected $8.70 from pot
*** SUMMARY ***
Total pot $9.15 | Rake $0.45 
Board [Th Jc Td 8h 4c]
Seat 1: willyo979 (button) folded before Flop (didn't bet)
Seat 2: Alameda22 (small blind) folded before Flop
Seat 3: rafaelrrpo (big blind) folded before Flop
Seat 4: schiz folded before Flop (didn't bet)
Seat 5: GusHansenA7 folded before Flop (didn't bet)
Seat 6: yjqian23 folded before Flop (didn't bet)
Seat 8: lastboss84 showed [Qh Qc] and won ($8.70) with two pair, Queens and Tens
Seat 9: amtguy mucked [Kh Ac]



PokerStars Game #19838950752:  Hold'em No Limit ($0.10/$0.25) - 2008/08/23 - 14:43:58 (ET)
Table 'Vanadis IV' 9-max Seat #2 is the button
Seat 1: willyo979 ($22.40 in chips) 
Seat 2: Alameda22 ($25.35 in chips) 
Seat 3: rafaelrrpo ($5.10 in chips) 
Seat 4: schiz ($25.70 in chips) 
Seat 5: GusHansenA7 ($48.75 in chips) 
Seat 6: yjqian23 ($34.05 in chips) 
Seat 8: lastboss84 ($11.60 in chips) 
rafaelrrpo: posts small blind $0.10
schiz: posts big blind $0.25
*** HOLE CARDS ***
Dealt to Alameda22 [9h 3c]
GusHansenA7: folds 
yjqian23: folds 
lastboss84: folds 
willyo979: calls $0.25
Alameda22: folds 
rafaelrrpo: folds 
Frontkicker joins the table at seat #7 
Frontkicker is sitting out
amtguy has returned
schiz: checks 
*** FLOP *** [Ad 3s Qs]
schiz: checks 
willyo979: bets $0.25
schiz: folds 
Uncalled bet ($0.25) returned to willyo979
willyo979 collected $0.60 from pot
willyo979: doesn't show hand 
*** SUMMARY ***
Total pot $0.60 | Rake $0 
Board [Ad 3s Qs]
Seat 1: willyo979 collected ($0.60)
Seat 2: Alameda22 (button) folded before Flop (didn't bet)
Seat 3: rafaelrrpo (small blind) folded before Flop
Seat 4: schiz (big blind) folded on the Flop
Seat 5: GusHansenA7 folded before Flop (didn't bet)
Seat 6: yjqian23 folded before Flop (didn't bet)
Seat 8: lastboss84 folded before Flop (didn't bet)



PokerStars Game #19838967446:  Hold'em No Limit ($0.10/$0.25) - 2008/08/23 - 14:44:42 (ET)
Table 'Vanadis IV' 9-max Seat #3 is the button
Seat 1: willyo979 ($22.75 in chips) 
Seat 2: Alameda22 ($25.35 in chips) 
Seat 3: rafaelrrpo ($5 in chips) 
Seat 4: schiz ($25.45 in chips) 
Seat 5: GusHansenA7 ($48.75 in chips) 
Seat 6: yjqian23 ($34.05 in chips) 
Seat 8: lastboss84 ($11.60 in chips) 
Seat 9: amtguy ($5 in chips) 
schiz: posts small blind $0.10
GusHansenA7: posts big blind $0.25
*** HOLE CARDS ***
Dealt to Alameda22 [8c Th]
yjqian23: calls $0.25
lastboss84: folds 
amtguy: folds 
willyo979: folds 
Frontkicker has returned
Alameda22: folds 
rafaelrrpo: folds 
schiz: folds 
GusHansenA7: checks 
*** FLOP *** [7s Kc Ah]
GusHansenA7: checks 
yjqian23: bets $0.25
GusHansenA7: folds 
Uncalled bet ($0.25) returned to yjqian23
yjqian23 collected $0.60 from pot
yjqian23: doesn't show hand 
*** SUMMARY ***
Total pot $0.60 | Rake $0 
Board [7s Kc Ah]
Seat 1: willyo979 folded before Flop (didn't bet)
Seat 2: Alameda22 folded before Flop (didn't bet)
Seat 3: rafaelrrpo (button) folded before Flop (didn't bet)
Seat 4: schiz (small blind) folded before Flop
Seat 5: GusHansenA7 (big blind) folded on the Flop
Seat 6: yjqian23 collected ($0.60)
Seat 8: lastboss84 folded before Flop (didn't bet)
Seat 9: amtguy folded before Flop (didn't bet)



PokerStars Game #19838986098:  Hold'em No Limit ($0.10/$0.25) - 2008/08/23 - 14:45:30 (ET)
Table 'Vanadis IV' 9-max Seat #4 is the button
Seat 1: willyo979 ($22.75 in chips) 
Seat 2: Alameda22 ($25.35 in chips) 
Seat 3: rafaelrrpo ($5 in chips) 
Seat 4: schiz ($25.35 in chips) 
Seat 5: GusHansenA7 ($48.50 in chips) 
Seat 7: Frontkicker ($25 in chips) 
Seat 8: lastboss84 ($11.60 in chips) 
Seat 9: amtguy ($5 in chips) 
GusHansenA7: posts small blind $0.10
yjqian23: is sitting out 
yjqian23 leaves the table
Frontkicker: posts big blind $0.25
*** HOLE CARDS ***
Dealt to Alameda22 [As 2c]
lastboss84: folds 
amtguy: folds 
willyo979: calls $0.25
Alameda22: folds 
rafaelrrpo: folds 
schiz: folds 
GusHansenA7: folds 
Frontkicker: checks 
*** FLOP *** [Qd 9s Kc]
Frontkicker: checks 
willyo979: checks 
*** TURN *** [Qd 9s Kc] [6c]
Frontkicker: checks 
willyo979: bets $1
Frontkicker: folds 
Uncalled bet ($1) returned to willyo979
willyo979 collected $0.60 from pot
willyo979: doesn't show hand 
*** SUMMARY ***
Total pot $0.60 | Rake $0 
Board [Qd 9s Kc 6c]
Seat 1: willyo979 collected ($0.60)
Seat 2: Alameda22 folded before Flop (didn't bet)
Seat 3: rafaelrrpo folded before Flop (didn't bet)
Seat 4: schiz (button) folded before Flop (didn't bet)
Seat 5: GusHansenA7 (small blind) folded before Flop
Seat 7: Frontkicker (big blind) folded on the Turn
Seat 8: lastboss84 folded before Flop (didn't bet)
Seat 9: amtguy folded before Flop (didn't bet)



PokerStars Game #19839008857:  Hold'em No Limit ($0.10/$0.25) - 2008/08/23 - 14:46:26 (ET)
Table 'Vanadis IV' 9-max Seat #5 is the button
Seat 1: willyo979 ($23.10 in chips) 
Seat 2: Alameda22 ($25.35 in chips) 
Seat 3: rafaelrrpo ($5 in chips) 
Seat 4: schiz ($25.35 in chips) 
Seat 5: GusHansenA7 ($48.40 in chips) 
Seat 7: Frontkicker ($24.75 in chips) 
Seat 8: lastboss84 ($11.60 in chips) 
Seat 9: amtguy ($5 in chips) 
Frontkicker: posts small blind $0.10
lastboss84: posts big blind $0.25
*** HOLE CARDS ***
Dealt to Alameda22 [Js 9s]
amtguy: folds 
willyo979: calls $0.25
Alameda22: folds 
rafaelrrpo: folds 
schiz: folds 
GusHansenA7: folds 
Frontkicker: folds 
lastboss84: checks 
*** FLOP *** [Kc 6d 3h]
lastboss84: checks 
willyo979: bets $0.25
lastboss84: folds 
Uncalled bet ($0.25) returned to willyo979
willyo979 collected $0.60 from pot
willyo979: doesn't show hand 
*** SUMMARY ***
Total pot $0.60 | Rake $0 
Board [Kc 6d 3h]
Seat 1: willyo979 collected ($0.60)
Seat 2: Alameda22 folded before Flop (didn't bet)
Seat 3: rafaelrrpo folded before Flop (didn't bet)
Seat 4: schiz folded before Flop (didn't bet)
Seat 5: GusHansenA7 (button) folded before Flop (didn't bet)
Seat 7: Frontkicker (small blind) folded before Flop
Seat 8: lastboss84 (big blind) folded on the Flop
Seat 9: amtguy folded before Flop (didn't bet)



PokerStars Game #19839022150:  Hold'em No Limit ($0.10/$0.25) - 2008/08/23 - 14:47:00 (ET)
Table 'Vanadis IV' 9-max Seat #7 is the button
Seat 1: willyo979 ($23.45 in chips) 
Seat 2: Alameda22 ($25.35 in chips) 
Seat 3: rafaelrrpo ($5 in chips) 
Seat 4: schiz ($25.35 in chips) 
Seat 5: GusHansenA7 ($48.40 in chips) 
Seat 7: Frontkicker ($24.65 in chips) 
Seat 8: lastboss84 ($11.35 in chips) 
Seat 9: amtguy ($5 in chips) 
lastboss84: posts small blind $0.10
amtguy: posts big blind $0.25
*** HOLE CARDS ***
Dealt to Alameda22 [3d 7s]
willyo979: folds 
Alameda22: folds 
rafaelrrpo: folds 
schiz: folds 
GusHansenA7: folds 
Frontkicker: raises $0.75 to $1
lastboss84: folds 
amtguy: folds 
Uncalled bet ($0.75) returned to Frontkicker
Frontkicker collected $0.60 from pot
Frontkicker: doesn't show hand 
juscelio joins the table at seat #6 
*** SUMMARY ***
Total pot $0.60 | Rake $0 
Seat 1: willyo979 folded before Flop (didn't bet)
Seat 2: Alameda22 folded before Flop (didn't bet)
Seat 3: rafaelrrpo folded before Flop (didn't bet)
Seat 4: schiz folded before Flop (didn't bet)
Seat 5: GusHansenA7 folded before Flop (didn't bet)
Seat 7: Frontkicker (button) collected ($0.60)
Seat 8: lastboss84 (small blind) folded before Flop
Seat 9: amtguy (big blind) folded before Flop



PokerStars Game #19839035021:  Hold'em No Limit ($0.10/$0.25) - 2008/08/23 - 14:47:32 (ET)
Table 'Vanadis IV' 9-max Seat #8 is the button
Seat 1: willyo979 ($23.45 in chips) 
Seat 2: Alameda22 ($25.35 in chips) 
Seat 3: rafaelrrpo ($5 in chips) 
Seat 4: schiz ($25.35 in chips) 
Seat 5: GusHansenA7 ($48.40 in chips) 
Seat 6: juscelio ($5 in chips) 
Seat 7: Frontkicker ($25 in chips) 
Seat 8: lastboss84 ($11.25 in chips) 
Seat 9: amtguy ($4.75 in chips) 
amtguy: posts small blind $0.10
willyo979: posts big blind $0.25
juscelio: posts big blind $0.25
*** HOLE CARDS ***
Dealt to Alameda22 [2s 5d]
Alameda22: folds 
rafaelrrpo: folds 
schiz: folds 
GusHansenA7: folds 
juscelio: checks 
Frontkicker: folds 
lastboss84: calls $0.25
amtguy: calls $0.15
willyo979: checks 
*** FLOP *** [Ad 7d Kh]
amtguy: checks 
willyo979: checks 
juscelio: bets $0.25
lastboss84: folds 
amtguy: folds 
willyo979: folds 
Uncalled bet ($0.25) returned to juscelio
lastboss84 leaves the table
juscelio collected $0.95 from pot
juscelio: doesn't show hand 
*** SUMMARY ***
Total pot $1 | Rake $0.05 
Board [Ad 7d Kh]
Seat 1: willyo979 (big blind) folded on the Flop
Seat 2: Alameda22 folded before Flop (didn't bet)
Seat 3: rafaelrrpo folded before Flop (didn't bet)
Seat 4: schiz folded before Flop (didn't bet)
Seat 5: GusHansenA7 folded before Flop (didn't bet)
Seat 6: juscelio collected ($0.95)
Seat 7: Frontkicker folded before Flop (didn't bet)
Seat 8: lastboss84 (button) folded on the Flop
Seat 9: amtguy (small blind) folded on the Flop



PokerStars Game #19839061039:  Hold'em No Limit ($0.10/$0.25) - 2008/08/23 - 14:48:37 (ET)
Table 'Vanadis IV' 9-max Seat #9 is the button
Seat 1: willyo979 ($23.20 in chips) 
Seat 2: Alameda22 ($25.35 in chips) 
Seat 3: rafaelrrpo ($5 in chips) 
Seat 4: schiz ($25.35 in chips) 
Seat 5: GusHansenA7 ($48.40 in chips) 
Seat 6: juscelio ($5.70 in chips) 
Seat 7: Frontkicker ($25 in chips) 
Seat 9: amtguy ($4.50 in chips) 
willyo979: posts small blind $0.10
Alameda22: posts big blind $0.25
*** HOLE CARDS ***
Dealt to Alameda22 [3s 9h]
rafaelrrpo: folds 
schiz: folds 
GusHansenA7: folds 
juscelio: calls $0.25
Frontkicker: folds 
amtguy: folds 
willyo979: calls $0.15
Alameda22: checks 
*** FLOP *** [3h Td 7c]
willyo979: checks 
Alameda22: checks 
juscelio: checks 
*** TURN *** [3h Td 7c] [6h]
willyo979: checks 
Alameda22: checks 
juscelio: checks 
*** RIVER *** [3h Td 7c 6h] [4c]
willyo979: bets $0.75
Alameda22: folds 
juscelio: folds 
Uncalled bet ($0.75) returned to willyo979
willyo979 collected $0.75 from pot
willyo979: doesn't show hand 
*** SUMMARY ***
Total pot $0.75 | Rake $0 
Board [3h Td 7c 6h 4c]
Seat 1: willyo979 (small blind) collected ($0.75)
Seat 2: Alameda22 (big blind) folded on the River
Seat 3: rafaelrrpo folded before Flop (didn't bet)
Seat 4: schiz folded before Flop (didn't bet)
Seat 5: GusHansenA7 folded before Flop (didn't bet)
Seat 6: juscelio folded on the River
Seat 7: Frontkicker folded before Flop (didn't bet)
Seat 9: amtguy (button) folded before Flop (didn't bet)



PokerStars Game #19839092964:  Hold'em No Limit ($0.10/$0.25) - 2008/08/23 - 14:49:56 (ET)
Table 'Vanadis IV' 9-max Seat #1 is the button
Seat 1: willyo979 ($23.70 in chips) 
Seat 2: Alameda22 ($25.10 in chips) 
Seat 3: rafaelrrpo ($5 in chips) 
Seat 4: schiz ($25.35 in chips) 
Seat 5: GusHansenA7 ($48.40 in chips) 
Seat 6: juscelio ($5.45 in chips) 
Seat 7: Frontkicker ($25 in chips) 
Seat 9: amtguy ($4.50 in chips) 
Alameda22: posts small blind $0.10
rafaelrrpo: posts big blind $0.25
*** HOLE CARDS ***
Dealt to Alameda22 [8h 5c]
schiz: folds 
GusHansenA7: raises $0.75 to $1
juscelio: folds 
Frontkicker: folds 
amtguy: folds 
willyo979: folds 
Alameda22: folds 
rafaelrrpo: folds 
Uncalled bet ($0.75) returned to GusHansenA7
GusHansenA7 collected $0.60 from pot
GusHansenA7: doesn't show hand 
*** SUMMARY ***
Total pot $0.60 | Rake $0 
Seat 1: willyo979 (button) folded before Flop (didn't bet)
Seat 2: Alameda22 (small blind) folded before Flop
Seat 3: rafaelrrpo (big blind) folded before Flop
Seat 4: schiz folded before Flop (didn't bet)
Seat 5: GusHansenA7 collected ($0.60)
Seat 6: juscelio folded before Flop (didn't bet)
Seat 7: Frontkicker folded before Flop (didn't bet)
Seat 9: amtguy folded before Flop (didn't bet)



PokerStars Game #19839105198:  Hold'em No Limit ($0.10/$0.25) - 2008/08/23 - 14:50:27 (ET)
Table 'Vanadis IV' 9-max Seat #2 is the button
Seat 1: willyo979 ($23.70 in chips) 
Seat 2: Alameda22 ($25 in chips) 
Seat 3: rafaelrrpo ($4.75 in chips) 
Seat 4: schiz ($25.35 in chips) 
Seat 5: GusHansenA7 ($48.75 in chips) 
Seat 6: juscelio ($5.45 in chips) 
Seat 7: Frontkicker ($25 in chips) 
Seat 9: amtguy ($4.50 in chips) 
rafaelrrpo: posts small blind $0.10
schiz: posts big blind $0.25
*** HOLE CARDS ***
Dealt to Alameda22 [3c Th]
GusHansenA7: calls $0.25
juscelio: folds 
Frontkicker: folds 
amtguy: folds 
willyo979: raises $0.25 to $0.50
Alameda22: folds 
rafaelrrpo: folds 
schiz: folds 
GusHansenA7: calls $0.25
*** FLOP *** [Jh 9s Ah]
GusHansenA7: checks 
willyo979: bets $0.75
GusHansenA7: folds 
Uncalled bet ($0.75) returned to willyo979
willyo979 collected $1.30 from pot
willyo979: shows [As Js] (two pair, Aces and Jacks)
*** SUMMARY ***
Total pot $1.35 | Rake $0.05 
Board [Jh 9s Ah]
Seat 1: willyo979 collected ($1.30)
Seat 2: Alameda22 (button) folded before Flop (didn't bet)
Seat 3: rafaelrrpo (small blind) folded before Flop
Seat 4: schiz (big blind) folded before Flop
Seat 5: GusHansenA7 folded on the Flop
Seat 6: juscelio folded before Flop (didn't bet)
Seat 7: Frontkicker folded before Flop (didn't bet)
Seat 9: amtguy folded before Flop (didn't bet)



PokerStars Game #19839124955:  Hold'em No Limit ($0.10/$0.25) - 2008/08/23 - 14:51:17 (ET)
Table 'Vanadis IV' 9-max Seat #3 is the button
Seat 1: willyo979 ($24.50 in chips) 
Seat 2: Alameda22 ($25 in chips) 
Seat 3: rafaelrrpo ($4.65 in chips) 
Seat 4: schiz ($25.10 in chips) 
Seat 5: GusHansenA7 ($48.25 in chips) 
Seat 6: juscelio ($5.45 in chips) 
Seat 7: Frontkicker ($25 in chips) 
Seat 9: amtguy ($4.50 in chips) 
schiz: posts small blind $0.10
GusHansenA7: posts big blind $0.25
*** HOLE CARDS ***
Dealt to Alameda22 [Ks 5s]
juscelio: raises $0.50 to $0.75
Frontkicker: folds 
amtguy: folds 
willyo979: folds 
Alameda22: folds 
rafaelrrpo: folds 
schiz: folds 
GusHansenA7: folds 
Uncalled bet ($0.50) returned to juscelio
juscelio collected $0.60 from pot
juscelio: doesn't show hand 
*** SUMMARY ***
Total pot $0.60 | Rake $0 
Seat 1: willyo979 folded before Flop (didn't bet)
Seat 2: Alameda22 folded before Flop (didn't bet)
Seat 3: rafaelrrpo (button) folded before Flop (didn't bet)
Seat 4: schiz (small blind) folded before Flop
Seat 5: GusHansenA7 (big blind) folded before Flop
Seat 6: juscelio collected ($0.60)
Seat 7: Frontkicker folded before Flop (didn't bet)
Seat 9: amtguy folded before Flop (didn't bet)



PokerStars Game #19839139907:  Hold'em No Limit ($0.10/$0.25) - 2008/08/23 - 14:51:53 (ET)
Table 'Vanadis IV' 9-max Seat #4 is the button
Seat 1: willyo979 ($24.50 in chips) 
Seat 2: Alameda22 ($25 in chips) 
Seat 3: rafaelrrpo ($4.65 in chips) 
Seat 4: schiz ($25 in chips) 
Seat 5: GusHansenA7 ($48 in chips) 
Seat 6: juscelio ($5.80 in chips) 
Seat 7: Frontkicker ($25 in chips) 
Seat 9: amtguy ($4.50 in chips) 
GusHansenA7: posts small blind $0.10
juscelio: posts big blind $0.25
*** HOLE CARDS ***
Dealt to Alameda22 [3d Qd]
Frontkicker: folds 
amtguy: folds 
willyo979: calls $0.25
Alameda22: folds 
rafaelrrpo: raises $1 to $1.25
schiz: folds 
GusHansenA7: folds 
juscelio: folds 
willyo979: calls $1
*** FLOP *** [4h 5h 3c]
willyo979: checks 
rafaelrrpo: bets $3.40 and is all-in
willyo979: calls $3.40
*** TURN *** [4h 5h 3c] [Jd]
*** RIVER *** [4h 5h 3c Jd] [6h]
*** SHOW DOWN ***
willyo979: shows [6d 5s] (two pair, Sixes and Fives)
rafaelrrpo: shows [7c 7h] (a straight, Three to Seven)
rafaelrrpo collected $9.20 from pot
*** SUMMARY ***
Total pot $9.65 | Rake $0.45 
Board [4h 5h 3c Jd 6h]
Seat 1: willyo979 showed [6d 5s] and lost with two pair, Sixes and Fives
Seat 2: Alameda22 folded before Flop (didn't bet)
Seat 3: rafaelrrpo showed [7c 7h] and won ($9.20) with a straight, Three to Seven
Seat 4: schiz (button) folded before Flop (didn't bet)
Seat 5: GusHansenA7 (small blind) folded before Flop
Seat 6: juscelio (big blind) folded before Flop
Seat 7: Frontkicker folded before Flop (didn't bet)
Seat 9: amtguy folded before Flop (didn't bet)



PokerStars Game #19839166921:  Hold'em No Limit ($0.10/$0.25) - 2008/08/23 - 14:53:02 (ET)
Table 'Vanadis IV' 9-max Seat #5 is the button
Seat 1: willyo979 ($19.85 in chips) 
Seat 2: Alameda22 ($25 in chips) 
Seat 3: rafaelrrpo ($9.20 in chips) 
Seat 4: schiz ($25 in chips) 
Seat 5: GusHansenA7 ($47.90 in chips) 
Seat 6: juscelio ($5.55 in chips) 
Seat 7: Frontkicker ($25 in chips) 
Seat 9: amtguy ($4.50 in chips) 
juscelio: posts small blind $0.10
Frontkicker: posts big blind $0.25
*** HOLE CARDS ***
Dealt to Alameda22 [8h 5s]
amtguy: folds 
willyo979: folds 
willyo979 leaves the table
Alameda22: folds 
rafaelrrpo: folds 
schiz: raises $0.50 to $0.75
GusHansenA7: folds 
juscelio: folds 
Frontkicker: folds 
Uncalled bet ($0.50) returned to schiz
schiz collected $0.60 from pot
schiz: doesn't show hand 
*** SUMMARY ***
Total pot $0.60 | Rake $0 
Seat 1: willyo979 folded before Flop (didn't bet)
Seat 2: Alameda22 folded before Flop (didn't bet)
Seat 3: rafaelrrpo folded before Flop (didn't bet)
Seat 4: schiz collected ($0.60)
Seat 5: GusHansenA7 (button) folded before Flop (didn't bet)
Seat 6: juscelio (small blind) folded before Flop
Seat 7: Frontkicker (big blind) folded before Flop
Seat 9: amtguy folded before Flop (didn't bet)



PokerStars Game #19839184483:  Hold'em No Limit ($0.10/$0.25) - 2008/08/23 - 14:53:45 (ET)
Table 'Vanadis IV' 9-max Seat #6 is the button
Seat 2: Alameda22 ($25 in chips) 
Seat 3: rafaelrrpo ($9.20 in chips) 
Seat 4: schiz ($25.35 in chips) 
Seat 5: GusHansenA7 ($47.90 in chips) 
Seat 6: juscelio ($5.45 in chips) 
Seat 7: Frontkicker ($24.75 in chips) 
Seat 9: amtguy ($4.50 in chips) 
Frontkicker: posts small blind $0.10
amtguy: posts big blind $0.25
*** HOLE CARDS ***
Dealt to Alameda22 [Kh Kd]
Alameda22: raises $0.50 to $0.75
rafaelrrpo: folds 
schiz: folds 
GusHansenA7: folds 
juscelio: folds 
rafaelrrpo leaves the table
Frontkicker: folds 
amtguy: folds 
Uncalled bet ($0.50) returned to Alameda22
Alameda22 collected $0.60 from pot
Alameda22: doesn't show hand 
*** SUMMARY ***
Total pot $0.60 | Rake $0 
Seat 2: Alameda22 collected ($0.60)
Seat 3: rafaelrrpo folded before Flop (didn't bet)
Seat 4: schiz folded before Flop (didn't bet)
Seat 5: GusHansenA7 folded before Flop (didn't bet)
Seat 6: juscelio (button) folded before Flop (didn't bet)
Seat 7: Frontkicker (small blind) folded before Flop
Seat 9: amtguy (big blind) folded before Flop



PokerStars Game #19839192647:  Hold'em No Limit ($0.10/$0.25) - 2008/08/23 - 14:54:06 (ET)
Table 'Vanadis IV' 9-max Seat #7 is the button
Seat 2: Alameda22 ($25.35 in chips) 
Seat 4: schiz ($25.35 in chips) 
Seat 5: GusHansenA7 ($47.90 in chips) 
Seat 6: juscelio ($5.45 in chips) 
Seat 7: Frontkicker ($24.65 in chips) 
Seat 9: amtguy ($4.25 in chips) 
amtguy: posts small blind $0.10
Alameda22: posts big blind $0.25
*** HOLE CARDS ***
Dealt to Alameda22 [Kc 2c]
schiz: folds 
GusHansenA7: folds 
juscelio: folds 
Frontkicker: raises $0.75 to $1
amtguy: folds 
Alameda22: folds 
Uncalled bet ($0.75) returned to Frontkicker
Frontkicker collected $0.60 from pot
Frontkicker: doesn't show hand 
*** SUMMARY ***
Total pot $0.60 | Rake $0 
Seat 2: Alameda22 (big blind) folded before Flop
Seat 4: schiz folded before Flop (didn't bet)
Seat 5: GusHansenA7 folded before Flop (didn't bet)
Seat 6: juscelio folded before Flop (didn't bet)
Seat 7: Frontkicker (button) collected ($0.60)
Seat 9: amtguy (small blind) folded before Flop



PokerStars Game #19839203145:  Hold'em No Limit ($0.10/$0.25) - 2008/08/23 - 14:54:32 (ET)
Table 'Vanadis IV' 9-max Seat #9 is the button
Seat 2: Alameda22 ($25.10 in chips) 
Seat 5: GusHansenA7 ($47.90 in chips) 
Seat 6: juscelio ($5.45 in chips) 
Seat 7: Frontkicker ($25 in chips) 
Seat 9: amtguy ($4.15 in chips) 
Alameda22: posts small blind $0.10
schiz: is sitting out 
GusHansenA7: posts big blind $0.25
*** HOLE CARDS ***
Dealt to Alameda22 [4h Kc]
schiz leaves the table
juscelio: folds 
Frontkicker: folds 
juscelio leaves the table
amtguy: folds 
Alameda22: folds 
Uncalled bet ($0.15) returned to GusHansenA7
GusHansenA7 collected $0.20 from pot
GusHansenA7: doesn't show hand 
GusHansenA7 leaves the table
*** SUMMARY ***
Total pot $0.20 | Rake $0 
Seat 2: Alameda22 (small blind) folded before Flop
Seat 5: GusHansenA7 (big blind) collected ($0.20)
Seat 6: juscelio folded before Flop (didn't bet)
Seat 7: Frontkicker folded before Flop (didn't bet)
Seat 9: amtguy (button) folded before Flop (didn't bet)



PokerStars Game #19839212440:  Hold'em No Limit ($0.10/$0.25) - 2008/08/23 - 14:54:56 (ET)
Table 'Vanadis IV' 9-max Seat #2 is the button
Seat 2: Alameda22 ($25 in chips) 
Seat 7: Frontkicker ($25 in chips) 
Seat 9: amtguy ($4.15 in chips) 
Frontkicker: posts small blind $0.10
amtguy: posts big blind $0.25
*** HOLE CARDS ***
Dealt to Alameda22 [Jd Js]
Alameda22: raises $0.50 to $0.75
Frontkicker: folds 
Shilizous666 joins the table at seat #5 
amtguy: folds 
Uncalled bet ($0.50) returned to Alameda22
Frontkicker leaves the table
Alameda22 collected $0.60 from pot
*** SUMMARY ***
Total pot $0.60 | Rake $0 
Seat 2: Alameda22 (button) collected ($0.60)
Seat 7: Frontkicker (small blind) folded before Flop
Seat 9: amtguy (big blind) folded before Flop



