PokerStars Game #19837709524:  Hold'em No Limit ($0.10/$0.25) - 2008/08/23 - 13:50:06 (ET)
Table 'Mebsuta V' 9-max Seat #9 is the button
Seat 1: tropi2705 ($11.90 in chips) 
Seat 2: strghtrazr ($10.70 in chips) 
Seat 3: asking63 ($17.55 in chips) 
Seat 4: bogus zocker ($7 in chips) 
Seat 5: SemperFool ($18.10 in chips) 
Seat 6: cardcooker66 ($3.90 in chips) 
Seat 7: Th3 ZodiAc ($33.10 in chips) 
Seat 8: Alameda22 ($25 in chips) 
Seat 9: snjdon ($20.25 in chips) 
tropi2705: posts small blind $0.10
strghtrazr: posts big blind $0.25
Alameda22: posts big blind $0.25
*** HOLE CARDS ***
Dealt to Alameda22 [Qh 9c]
asking63: folds 
bogus zocker: folds 
asking63 leaves the table
SemperFool: folds 
cardcooker66: folds 
Th3 ZodiAc: folds 
rafaelrrpo joins the table at seat #3 
Alameda22: checks 
snjdon: folds 
tropi2705: calls $0.15
strghtrazr: checks 
*** FLOP *** [2s 4h 6s]
tropi2705: checks 
strghtrazr: checks 
Alameda22: checks 
*** TURN *** [2s 4h 6s] [Qs]
tropi2705: checks 
strghtrazr: checks 
Alameda22: bets $0.50
tropi2705: folds 
strghtrazr: folds 
Uncalled bet ($0.50) returned to Alameda22
Alameda22 collected $0.75 from pot
Alameda22: doesn't show hand 
*** SUMMARY ***
Total pot $0.75 | Rake $0 
Board [2s 4h 6s Qs]
Seat 1: tropi2705 (small blind) folded on the Turn
Seat 2: strghtrazr (big blind) folded on the Turn
Seat 3: asking63 folded before Flop (didn't bet)
Seat 4: bogus zocker folded before Flop (didn't bet)
Seat 5: SemperFool folded before Flop (didn't bet)
Seat 6: cardcooker66 folded before Flop (didn't bet)
Seat 7: Th3 ZodiAc folded before Flop (didn't bet)
Seat 8: Alameda22 collected ($0.75)
Seat 9: snjdon (button) folded before Flop (didn't bet)



PokerStars Game #19837737903:  Hold'em No Limit ($0.10/$0.25) - 2008/08/23 - 13:51:17 (ET)
Table 'Mebsuta V' 9-max Seat #1 is the button
Seat 1: tropi2705 ($11.65 in chips) 
Seat 2: strghtrazr ($10.45 in chips) 
Seat 3: rafaelrrpo ($5 in chips) 
Seat 4: bogus zocker ($7 in chips) 
Seat 5: SemperFool ($18.10 in chips) 
Seat 6: cardcooker66 ($3.90 in chips) 
Seat 7: Th3 ZodiAc ($33.10 in chips) 
Seat 8: Alameda22 ($25.50 in chips) 
Seat 9: snjdon ($20.25 in chips) 
strghtrazr: posts small blind $0.10
rafaelrrpo: posts big blind $0.25
*** HOLE CARDS ***
Dealt to Alameda22 [3d Ac]
bogus zocker: folds 
SemperFool: folds 
cardcooker66: folds 
Th3 ZodiAc: folds 
Alameda22: folds 
snjdon: calls $0.25
tropi2705: calls $0.25
strghtrazr: folds 
rafaelrrpo: checks 
*** FLOP *** [Ah 8s 6h]
rafaelrrpo: checks 
snjdon: bets $0.25
tropi2705: calls $0.25
rafaelrrpo: folds 
*** TURN *** [Ah 8s 6h] [Kc]
snjdon: checks 
tropi2705: checks 
*** RIVER *** [Ah 8s 6h Kc] [3c]
snjdon: checks 
tropi2705: checks 
*** SHOW DOWN ***
snjdon: shows [Kh Qs] (a pair of Kings)
tropi2705: mucks hand 
snjdon collected $1.30 from pot
*** SUMMARY ***
Total pot $1.35 | Rake $0.05 
Board [Ah 8s 6h Kc 3c]
Seat 1: tropi2705 (button) mucked [Th 8h]
Seat 2: strghtrazr (small blind) folded before Flop
Seat 3: rafaelrrpo (big blind) folded on the Flop
Seat 4: bogus zocker folded before Flop (didn't bet)
Seat 5: SemperFool folded before Flop (didn't bet)
Seat 6: cardcooker66 folded before Flop (didn't bet)
Seat 7: Th3 ZodiAc folded before Flop (didn't bet)
Seat 8: Alameda22 folded before Flop (didn't bet)
Seat 9: snjdon showed [Kh Qs] and won ($1.30) with a pair of Kings



PokerStars Game #19837763655:  Hold'em No Limit ($0.10/$0.25) - 2008/08/23 - 13:52:22 (ET)
Table 'Mebsuta V' 9-max Seat #2 is the button
Seat 1: tropi2705 ($11.15 in chips) 
Seat 2: strghtrazr ($10.35 in chips) 
Seat 3: rafaelrrpo ($4.75 in chips) 
Seat 4: bogus zocker ($7 in chips) 
Seat 5: SemperFool ($18.10 in chips) 
Seat 6: cardcooker66 ($3.90 in chips) 
Seat 7: Th3 ZodiAc ($33.10 in chips) 
Seat 8: Alameda22 ($25.50 in chips) 
Seat 9: snjdon ($21.05 in chips) 
rafaelrrpo: posts small blind $0.10
bogus zocker: posts big blind $0.25
*** HOLE CARDS ***
Dealt to Alameda22 [7s Qs]
SemperFool: folds 
cardcooker66: folds 
Th3 ZodiAc: folds 
Alameda22: folds 
snjdon: folds 
tropi2705: folds 
strghtrazr: folds 
rafaelrrpo: raises $0.75 to $1
bogus zocker: folds 
Uncalled bet ($0.75) returned to rafaelrrpo
rafaelrrpo collected $0.50 from pot
rafaelrrpo: doesn't show hand 
*** SUMMARY ***
Total pot $0.50 | Rake $0 
Seat 1: tropi2705 folded before Flop (didn't bet)
Seat 2: strghtrazr (button) folded before Flop (didn't bet)
Seat 3: rafaelrrpo (small blind) collected ($0.50)
Seat 4: bogus zocker (big blind) folded before Flop
Seat 5: SemperFool folded before Flop (didn't bet)
Seat 6: cardcooker66 folded before Flop (didn't bet)
Seat 7: Th3 ZodiAc folded before Flop (didn't bet)
Seat 8: Alameda22 folded before Flop (didn't bet)
Seat 9: snjdon folded before Flop (didn't bet)



PokerStars Game #19837783290:  Hold'em No Limit ($0.10/$0.25) - 2008/08/23 - 13:53:12 (ET)
Table 'Mebsuta V' 9-max Seat #3 is the button
Seat 1: tropi2705 ($11.15 in chips) 
Seat 2: strghtrazr ($10.35 in chips) 
Seat 3: rafaelrrpo ($5 in chips) 
Seat 4: bogus zocker ($6.75 in chips) 
Seat 5: SemperFool ($18.10 in chips) 
Seat 6: cardcooker66 ($3.90 in chips) 
Seat 7: Th3 ZodiAc ($33.10 in chips) 
Seat 8: Alameda22 ($25.50 in chips) 
Seat 9: snjdon ($21.05 in chips) 
bogus zocker: posts small blind $0.10
SemperFool: posts big blind $0.25
*** HOLE CARDS ***
Dealt to Alameda22 [7c 4d]
cardcooker66: folds 
Th3 ZodiAc: folds 
Alameda22: folds 
snjdon: folds 
tropi2705: folds 
strghtrazr: folds 
strghtrazr leaves the table
rafaelrrpo: raises $0.75 to $1
bogus zocker: folds 
SemperFool: folds 
Uncalled bet ($0.75) returned to rafaelrrpo
rafaelrrpo collected $0.60 from pot
rafaelrrpo: doesn't show hand 
*** SUMMARY ***
Total pot $0.60 | Rake $0 
Seat 1: tropi2705 folded before Flop (didn't bet)
Seat 2: strghtrazr folded before Flop (didn't bet)
Seat 3: rafaelrrpo (button) collected ($0.60)
Seat 4: bogus zocker (small blind) folded before Flop
Seat 5: SemperFool (big blind) folded before Flop
Seat 6: cardcooker66 folded before Flop (didn't bet)
Seat 7: Th3 ZodiAc folded before Flop (didn't bet)
Seat 8: Alameda22 folded before Flop (didn't bet)
Seat 9: snjdon folded before Flop (didn't bet)



PokerStars Game #19837799713:  Hold'em No Limit ($0.10/$0.25) - 2008/08/23 - 13:53:53 (ET)
Table 'Mebsuta V' 9-max Seat #4 is the button
Seat 1: tropi2705 ($11.15 in chips) 
Seat 3: rafaelrrpo ($5.35 in chips) 
Seat 4: bogus zocker ($6.65 in chips) 
Seat 5: SemperFool ($17.85 in chips) 
Seat 6: cardcooker66 ($3.90 in chips) 
Seat 7: Th3 ZodiAc ($33.10 in chips) 
Seat 8: Alameda22 ($25.50 in chips) 
Seat 9: snjdon ($21.05 in chips) 
SemperFool: posts small blind $0.10
cardcooker66: posts big blind $0.25
*** HOLE CARDS ***
Dealt to Alameda22 [8h 3c]
Th3 ZodiAc: folds 
Th3 ZodiAc is sitting out
Alameda22: folds 
snjdon: folds 
tropi2705: folds 
rafaelrrpo: folds 
bogus zocker: raises $0.25 to $0.50
SemperFool: calls $0.40
cardcooker66: calls $0.25
*** FLOP *** [5h Kc 5c]
SemperFool: checks 
cardcooker66: checks 
bogus zocker: checks 
*** TURN *** [5h Kc 5c] [Td]
SemperFool: checks 
cardcooker66: checks 
bogus zocker: bets $0.50
SemperFool: folds 
cardcooker66: folds 
Uncalled bet ($0.50) returned to bogus zocker
bogus zocker collected $1.45 from pot
bogus zocker: doesn't show hand 
*** SUMMARY ***
Total pot $1.50 | Rake $0.05 
Board [5h Kc 5c Td]
Seat 1: tropi2705 folded before Flop (didn't bet)
Seat 3: rafaelrrpo folded before Flop (didn't bet)
Seat 4: bogus zocker (button) collected ($1.45)
Seat 5: SemperFool (small blind) folded on the Turn
Seat 6: cardcooker66 (big blind) folded on the Turn
Seat 7: Th3 ZodiAc folded before Flop (didn't bet)
Seat 8: Alameda22 folded before Flop (didn't bet)
Seat 9: snjdon folded before Flop (didn't bet)



PokerStars Game #19837829473:  Hold'em No Limit ($0.10/$0.25) - 2008/08/23 - 13:55:10 (ET)
Table 'Mebsuta V' 9-max Seat #5 is the button
Seat 1: tropi2705 ($11.15 in chips) 
Seat 3: rafaelrrpo ($5.35 in chips) 
Seat 4: bogus zocker ($7.60 in chips) 
Seat 5: SemperFool ($17.35 in chips) 
Seat 6: cardcooker66 ($3.40 in chips) 
Seat 8: Alameda22 ($25.50 in chips) 
Seat 9: snjdon ($21.05 in chips) 
cardcooker66: posts small blind $0.10
Alameda22: posts big blind $0.25
*** HOLE CARDS ***
Dealt to Alameda22 [3c 5h]
snjdon: folds 
tropi2705: folds 
rafaelrrpo: folds 
bogus zocker: folds 
SemperFool: folds 
cardcooker66: calls $0.15
Alameda22: checks 
*** FLOP *** [7s 4h Jh]
cardcooker66: checks 
Alameda22: checks 
*** TURN *** [7s 4h Jh] [Jd]
cardcooker66: checks 
Alameda22: checks 
*** RIVER *** [7s 4h Jh Jd] [6c]
cardcooker66: checks 
Alameda22: bets $0.50
cardcooker66: folds 
Uncalled bet ($0.50) returned to Alameda22
Alameda22 collected $0.50 from pot
Alameda22: doesn't show hand 
*** SUMMARY ***
Total pot $0.50 | Rake $0 
Board [7s 4h Jh Jd 6c]
Seat 1: tropi2705 folded before Flop (didn't bet)
Seat 3: rafaelrrpo folded before Flop (didn't bet)
Seat 4: bogus zocker folded before Flop (didn't bet)
Seat 5: SemperFool (button) folded before Flop (didn't bet)
Seat 6: cardcooker66 (small blind) folded on the River
Seat 8: Alameda22 (big blind) collected ($0.50)
Seat 9: snjdon folded before Flop (didn't bet)



PokerStars Game #19837856906:  Hold'em No Limit ($0.10/$0.25) - 2008/08/23 - 13:56:21 (ET)
Table 'Mebsuta V' 9-max Seat #6 is the button
Seat 1: tropi2705 ($11.15 in chips) 
Seat 3: rafaelrrpo ($5.35 in chips) 
Seat 4: bogus zocker ($7.60 in chips) 
Seat 5: SemperFool ($17.35 in chips) 
Seat 6: cardcooker66 ($3.15 in chips) 
Seat 8: Alameda22 ($25.75 in chips) 
Seat 9: snjdon ($21.05 in chips) 
Alameda22: posts small blind $0.10
snjdon: posts big blind $0.25
*** HOLE CARDS ***
Dealt to Alameda22 [Jh Qc]
tropi2705: folds 
rafaelrrpo: folds 
bogus zocker: folds 
SemperFool: folds 
cardcooker66: folds 
Alameda22: folds 
Uncalled bet ($0.15) returned to snjdon
snjdon collected $0.20 from pot
snjdon: shows [2c 9s] (high card Nine)
*** SUMMARY ***
Total pot $0.20 | Rake $0 
Seat 1: tropi2705 folded before Flop (didn't bet)
Seat 3: rafaelrrpo folded before Flop (didn't bet)
Seat 4: bogus zocker folded before Flop (didn't bet)
Seat 5: SemperFool folded before Flop (didn't bet)
Seat 6: cardcooker66 (button) folded before Flop (didn't bet)
Seat 8: Alameda22 (small blind) folded before Flop
Seat 9: snjdon (big blind) collected ($0.20)



PokerStars Game #19837867659:  Hold'em No Limit ($0.10/$0.25) - 2008/08/23 - 13:56:49 (ET)
Table 'Mebsuta V' 9-max Seat #8 is the button
Seat 3: rafaelrrpo ($5.35 in chips) 
Seat 4: bogus zocker ($7.60 in chips) 
Seat 5: SemperFool ($17.35 in chips) 
Seat 6: cardcooker66 ($3.15 in chips) 
Seat 8: Alameda22 ($25.65 in chips) 
Seat 9: snjdon ($21.15 in chips) 
snjdon: posts small blind $0.10
tropi2705 has timed out
tropi2705: is sitting out 
rafaelrrpo: posts big blind $0.25
*** HOLE CARDS ***
Dealt to Alameda22 [5s 3h]
bogus zocker: folds 
SemperFool: folds 
SemperFool leaves the table
cardcooker66: folds 
Alameda22: folds 
snjdon: calls $0.15
tropi2705 has returned
rafaelrrpo: raises $0.75 to $1
snjdon: calls $0.75
*** FLOP *** [6d 4h Kd]
snjdon: checks 
rafaelrrpo: bets $1.20
snjdon: calls $1.20
*** TURN *** [6d 4h Kd] [Ts]
snjdon: checks 
rafaelrrpo: checks 
*** RIVER *** [6d 4h Kd Ts] [Qc]
snjdon: checks 
rafaelrrpo: checks 
*** SHOW DOWN ***
snjdon: shows [Ad 7d] (high card Ace)
rafaelrrpo: mucks hand 
snjdon collected $4.20 from pot
*** SUMMARY ***
Total pot $4.40 | Rake $0.20 
Board [6d 4h Kd Ts Qc]
Seat 3: rafaelrrpo (big blind) mucked [5c As]
Seat 4: bogus zocker folded before Flop (didn't bet)
Seat 5: SemperFool folded before Flop (didn't bet)
Seat 6: cardcooker66 folded before Flop (didn't bet)
Seat 8: Alameda22 (button) folded before Flop (didn't bet)
Seat 9: snjdon (small blind) showed [Ad 7d] and won ($4.20) with high card Ace



PokerStars Game #19837911983:  Hold'em No Limit ($0.10/$0.25) - 2008/08/23 - 13:58:44 (ET)
Table 'Mebsuta V' 9-max Seat #9 is the button
Seat 3: rafaelrrpo ($5 in chips) 
Seat 4: bogus zocker ($7.60 in chips) 
Seat 6: cardcooker66 ($3.15 in chips) 
Seat 8: Alameda22 ($25.65 in chips) 
Seat 9: snjdon ($23.15 in chips) 
tropi2705 will be allowed to play after the button
rafaelrrpo: posts small blind $0.10
bogus zocker: posts big blind $0.25
*** HOLE CARDS ***
Dealt to Alameda22 [8c 3c]
cardcooker66: calls $0.25
Alameda22: folds 
snjdon: calls $0.25
rafaelrrpo: folds 
bogus zocker: checks 
*** FLOP *** [4c Tc 9d]
bogus zocker: checks 
cardcooker66: checks 
snjdon: checks 
*** TURN *** [4c Tc 9d] [5s]
bogus zocker: checks 
cardcooker66: checks 
snjdon: checks 
*** RIVER *** [4c Tc 9d 5s] [Td]
bogus zocker: checks 
cardcooker66: checks 
snjdon: checks 
*** SHOW DOWN ***
bogus zocker: shows [Ac 7c] (a pair of Tens)
cardcooker66: mucks hand 
snjdon: shows [Ad 8d] (a pair of Tens - Ace+Nine+Eight kicker)
snjdon collected $0.85 from pot
*** SUMMARY ***
Total pot $0.85 | Rake $0 
Board [4c Tc 9d 5s Td]
Seat 3: rafaelrrpo (small blind) folded before Flop
Seat 4: bogus zocker (big blind) showed [Ac 7c] and lost with a pair of Tens
Seat 6: cardcooker66 mucked [Jd Qs]
Seat 8: Alameda22 folded before Flop (didn't bet)
Seat 9: snjdon (button) showed [Ad 8d] and won ($0.85) with a pair of Tens



PokerStars Game #19837930879:  Hold'em No Limit ($0.10/$0.25) - 2008/08/23 - 13:59:34 (ET)
Table 'Mebsuta V' 9-max Seat #3 is the button
Seat 1: tropi2705 ($11.15 in chips) 
Seat 3: rafaelrrpo ($4.90 in chips) 
Seat 4: bogus zocker ($7.35 in chips) 
Seat 6: cardcooker66 ($2.90 in chips) 
Seat 8: Alameda22 ($25.65 in chips) 
Seat 9: snjdon ($23.75 in chips) 
bogus zocker: posts small blind $0.10
cardcooker66: posts big blind $0.25
tropi2705: posts small & big blinds $0.35
*** HOLE CARDS ***
Dealt to Alameda22 [6h 7s]
Alameda22: folds 
snjdon: folds 
tropi2705: checks 
rafaelrrpo: folds 
bogus zocker: folds 
cardcooker66: checks 
*** FLOP *** [4c Th 4s]
cardcooker66: checks 
tropi2705: checks 
*** TURN *** [4c Th 4s] [5d]
cardcooker66: checks 
tropi2705: checks 
*** RIVER *** [4c Th 4s 5d] [Js]
cardcooker66: bets $0.50
tropi2705: calls $0.50
*** SHOW DOWN ***
cardcooker66: shows [4d 2h] (three of a kind, Fours)
tropi2705: mucks hand 
cardcooker66 collected $1.65 from pot
*** SUMMARY ***
Total pot $1.70 | Rake $0.05 
Board [4c Th 4s 5d Js]
Seat 1: tropi2705 mucked [8d Td]
Seat 3: rafaelrrpo (button) folded before Flop (didn't bet)
Seat 4: bogus zocker (small blind) folded before Flop
Seat 6: cardcooker66 (big blind) showed [4d 2h] and won ($1.65) with three of a kind, Fours
Seat 8: Alameda22 folded before Flop (didn't bet)
Seat 9: snjdon folded before Flop (didn't bet)



PokerStars Game #19837946574:  Hold'em No Limit ($0.10/$0.25) - 2008/08/23 - 14:00:14 (ET)
Table 'Mebsuta V' 9-max Seat #4 is the button
Seat 1: tropi2705 ($10.30 in chips) 
Seat 3: rafaelrrpo ($4.90 in chips) 
Seat 4: bogus zocker ($7.25 in chips) 
Seat 6: cardcooker66 ($3.80 in chips) 
Seat 8: Alameda22 ($25.65 in chips) 
Seat 9: snjdon ($23.75 in chips) 
cardcooker66: posts small blind $0.10
Alameda22: posts big blind $0.25
*** HOLE CARDS ***
Dealt to Alameda22 [Ac Qs]
snjdon: folds 
tropi2705: folds 
rafaelrrpo: folds 
bogus zocker: folds 
cardcooker66: folds 
Uncalled bet ($0.15) returned to Alameda22
Alameda22 collected $0.20 from pot
Alameda22: doesn't show hand 
*** SUMMARY ***
Total pot $0.20 | Rake $0 
Seat 1: tropi2705 folded before Flop (didn't bet)
Seat 3: rafaelrrpo folded before Flop (didn't bet)
Seat 4: bogus zocker (button) folded before Flop (didn't bet)
Seat 6: cardcooker66 (small blind) folded before Flop
Seat 8: Alameda22 (big blind) collected ($0.20)
Seat 9: snjdon folded before Flop (didn't bet)



PokerStars Game #19837954011:  Hold'em No Limit ($0.10/$0.25) - 2008/08/23 - 14:00:33 (ET)
Table 'Mebsuta V' 9-max Seat #6 is the button
Seat 1: tropi2705 ($10.30 in chips) 
Seat 3: rafaelrrpo ($4.90 in chips) 
Seat 4: bogus zocker ($7.25 in chips) 
Seat 6: cardcooker66 ($3.70 in chips) 
Seat 8: Alameda22 ($25.75 in chips) 
Seat 9: snjdon ($23.75 in chips) 
Alameda22: posts small blind $0.10
snjdon: posts big blind $0.25
*** HOLE CARDS ***
Dealt to Alameda22 [Tc Jc]
Ralzakark joins the table at seat #5 
tropi2705: folds 
RoyalDynasty joins the table at seat #2 
rafaelrrpo: folds 
bogus zocker: folds 
cardcooker66: folds 
Alameda22: calls $0.15
snjdon: checks 
*** FLOP *** [9c Kd Td]
Alameda22: bets $0.25
snjdon: folds 
Uncalled bet ($0.25) returned to Alameda22
Alameda22 collected $0.50 from pot
Alameda22: doesn't show hand 
*** SUMMARY ***
Total pot $0.50 | Rake $0 
Board [9c Kd Td]
Seat 1: tropi2705 folded before Flop (didn't bet)
Seat 3: rafaelrrpo folded before Flop (didn't bet)
Seat 4: bogus zocker folded before Flop (didn't bet)
Seat 6: cardcooker66 (button) folded before Flop (didn't bet)
Seat 8: Alameda22 (small blind) collected ($0.50)
Seat 9: snjdon (big blind) folded on the Flop



PokerStars Game #19837970549:  Hold'em No Limit ($0.10/$0.25) - 2008/08/23 - 14:01:16 (ET)
Table 'Mebsuta V' 9-max Seat #8 is the button
Seat 1: tropi2705 ($10.30 in chips) 
Seat 3: rafaelrrpo ($4.90 in chips) 
Seat 4: bogus zocker ($7.25 in chips) 
Seat 5: Ralzakark ($15 in chips) 
Seat 6: cardcooker66 ($3.70 in chips) 
Seat 8: Alameda22 ($26 in chips) 
Seat 9: snjdon ($23.50 in chips) 
snjdon: posts small blind $0.10
tropi2705: posts big blind $0.25
RoyalDynasty: sits out 
Ralzakark: posts big blind $0.25
*** HOLE CARDS ***
Dealt to Alameda22 [6c 3h]
rafaelrrpo: folds 
bogus zocker: folds 
Ralzakark: checks 
cardcooker66: folds 
Alameda22: folds 
snjdon: folds 
tropi2705: checks 
*** FLOP *** [5c 5d 6d]
tropi2705: checks 
Ralzakark: bets $0.25
tropi2705: folds 
Uncalled bet ($0.25) returned to Ralzakark
Ralzakark collected $0.60 from pot
Ralzakark: doesn't show hand 
*** SUMMARY ***
Total pot $0.60 | Rake $0 
Board [5c 5d 6d]
Seat 1: tropi2705 (big blind) folded on the Flop
Seat 3: rafaelrrpo folded before Flop (didn't bet)
Seat 4: bogus zocker folded before Flop (didn't bet)
Seat 5: Ralzakark collected ($0.60)
Seat 6: cardcooker66 folded before Flop (didn't bet)
Seat 8: Alameda22 (button) folded before Flop (didn't bet)
Seat 9: snjdon (small blind) folded before Flop



PokerStars Game #19837986968:  Hold'em No Limit ($0.10/$0.25) - 2008/08/23 - 14:01:57 (ET)
Table 'Mebsuta V' 9-max Seat #9 is the button
Seat 1: tropi2705 ($10.05 in chips) 
Seat 2: RoyalDynasty ($8.90 in chips) 
Seat 3: rafaelrrpo ($4.90 in chips) 
Seat 4: bogus zocker ($7.25 in chips) 
Seat 5: Ralzakark ($15.35 in chips) 
Seat 6: cardcooker66 ($3.70 in chips) 
Seat 8: Alameda22 ($26 in chips) 
Seat 9: snjdon ($23.40 in chips) 
tropi2705: posts small blind $0.10
RoyalDynasty: posts big blind $0.25
*** HOLE CARDS ***
Dealt to Alameda22 [Ac 7d]
rafaelrrpo: folds 
bogus zocker: folds 
Ralzakark: folds 
cardcooker66: calls $0.25
Alameda22: folds 
snjdon: folds 
tropi2705: calls $0.15
RoyalDynasty: checks 
*** FLOP *** [Js 3c Qs]
tropi2705: checks 
RoyalDynasty: bets $0.25
cardcooker66: folds 
tropi2705: calls $0.25
*** TURN *** [Js 3c Qs] [2h]
tropi2705: checks 
RoyalDynasty: checks 
*** RIVER *** [Js 3c Qs 2h] [Kh]
tropi2705: checks 
RoyalDynasty: checks 
*** SHOW DOWN ***
tropi2705: shows [Qd As] (a pair of Queens)
RoyalDynasty: mucks hand 
tropi2705 collected $1.20 from pot
*** SUMMARY ***
Total pot $1.25 | Rake $0.05 
Board [Js 3c Qs 2h Kh]
Seat 1: tropi2705 (small blind) showed [Qd As] and won ($1.20) with a pair of Queens
Seat 2: RoyalDynasty (big blind) mucked [6c 3s]
Seat 3: rafaelrrpo folded before Flop (didn't bet)
Seat 4: bogus zocker folded before Flop (didn't bet)
Seat 5: Ralzakark folded before Flop (didn't bet)
Seat 6: cardcooker66 folded on the Flop
Seat 8: Alameda22 folded before Flop (didn't bet)
Seat 9: snjdon (button) folded before Flop (didn't bet)



PokerStars Game #19838007353:  Hold'em No Limit ($0.10/$0.25) - 2008/08/23 - 14:02:49 (ET)
Table 'Mebsuta V' 9-max Seat #1 is the button
Seat 1: tropi2705 ($10.75 in chips) 
Seat 2: RoyalDynasty ($8.40 in chips) 
Seat 3: rafaelrrpo ($4.90 in chips) 
Seat 4: bogus zocker ($7.25 in chips) 
Seat 5: Ralzakark ($15.35 in chips) 
Seat 6: cardcooker66 ($3.45 in chips) 
Seat 8: Alameda22 ($26 in chips) 
Seat 9: snjdon ($23.40 in chips) 
RoyalDynasty: posts small blind $0.10
rafaelrrpo: posts big blind $0.25
*** HOLE CARDS ***
Dealt to Alameda22 [4c 9h]
bogus zocker: folds 
Ralzakark: folds 
cardcooker66: calls $0.25
Alameda22: folds 
snjdon: folds 
tropi2705: folds 
RoyalDynasty: calls $0.15
rafaelrrpo: checks 
*** FLOP *** [6h Ad 6s]
RoyalDynasty: checks 
rafaelrrpo: checks 
cardcooker66: bets $0.75
RoyalDynasty: folds 
rafaelrrpo: folds 
Uncalled bet ($0.75) returned to cardcooker66
cardcooker66 collected $0.75 from pot
*** SUMMARY ***
Total pot $0.75 | Rake $0 
Board [6h Ad 6s]
Seat 1: tropi2705 (button) folded before Flop (didn't bet)
Seat 2: RoyalDynasty (small blind) folded on the Flop
Seat 3: rafaelrrpo (big blind) folded on the Flop
Seat 4: bogus zocker folded before Flop (didn't bet)
Seat 5: Ralzakark folded before Flop (didn't bet)
Seat 6: cardcooker66 collected ($0.75)
Seat 8: Alameda22 folded before Flop (didn't bet)
Seat 9: snjdon folded before Flop (didn't bet)



PokerStars Game #19838026421:  Hold'em No Limit ($0.10/$0.25) - 2008/08/23 - 14:03:38 (ET)
Table 'Mebsuta V' 9-max Seat #2 is the button
Seat 1: tropi2705 ($10.75 in chips) 
Seat 2: RoyalDynasty ($8.15 in chips) 
Seat 3: rafaelrrpo ($4.65 in chips) 
Seat 4: bogus zocker ($7.25 in chips) 
Seat 5: Ralzakark ($15.35 in chips) 
Seat 6: cardcooker66 ($3.95 in chips) 
Seat 8: Alameda22 ($26 in chips) 
Seat 9: snjdon ($23.40 in chips) 
rafaelrrpo: posts small blind $0.10
bogus zocker: posts big blind $0.25
*** HOLE CARDS ***
Dealt to Alameda22 [4h 2s]
Ralzakark: folds 
cardcooker66: folds 
Alameda22: folds 
snjdon: folds 
tropi2705: calls $0.25
RoyalDynasty: calls $0.25
rafaelrrpo: folds 
bogus zocker: checks 
*** FLOP *** [6c 5c 7d]
bogus zocker: checks 
tropi2705: checks 
RoyalDynasty: bets $0.50
bogus zocker: folds 
tropi2705: calls $0.50
*** TURN *** [6c 5c 7d] [As]
tropi2705: checks 
RoyalDynasty: bets $0.50
tropi2705: calls $0.50
*** RIVER *** [6c 5c 7d As] [Qd]
tropi2705: checks 
RoyalDynasty: checks 
*** SHOW DOWN ***
tropi2705: shows [8h Jh] (high card Ace)
RoyalDynasty: shows [Ks 7s] (a pair of Sevens)
RoyalDynasty collected $2.75 from pot
*** SUMMARY ***
Total pot $2.85 | Rake $0.10 
Board [6c 5c 7d As Qd]
Seat 1: tropi2705 showed [8h Jh] and lost with high card Ace
Seat 2: RoyalDynasty (button) showed [Ks 7s] and won ($2.75) with a pair of Sevens
Seat 3: rafaelrrpo (small blind) folded before Flop
Seat 4: bogus zocker (big blind) folded on the Flop
Seat 5: Ralzakark folded before Flop (didn't bet)
Seat 6: cardcooker66 folded before Flop (didn't bet)
Seat 8: Alameda22 folded before Flop (didn't bet)
Seat 9: snjdon folded before Flop (didn't bet)



PokerStars Game #19838053556:  Hold'em No Limit ($0.10/$0.25) - 2008/08/23 - 14:04:49 (ET)
Table 'Mebsuta V' 9-max Seat #3 is the button
Seat 1: tropi2705 ($9.50 in chips) 
Seat 2: RoyalDynasty ($9.65 in chips) 
Seat 3: rafaelrrpo ($4.55 in chips) 
Seat 4: bogus zocker ($7 in chips) 
Seat 5: Ralzakark ($15.35 in chips) 
Seat 6: cardcooker66 ($3.95 in chips) 
Seat 8: Alameda22 ($26 in chips) 
Seat 9: snjdon ($23.40 in chips) 
bogus zocker: posts small blind $0.10
Ralzakark: posts big blind $0.25
*** HOLE CARDS ***
Dealt to Alameda22 [Ad 8c]
cardcooker66: folds 
Alameda22: folds 
snjdon: folds 
tropi2705: folds 
RoyalDynasty: folds 
rafaelrrpo: raises $0.75 to $1
bogus zocker: calls $0.90
Ralzakark: folds 
*** FLOP *** [Jc 8h Tc]
bogus zocker: bets $0.50
rafaelrrpo: folds 
Uncalled bet ($0.50) returned to bogus zocker
bogus zocker collected $2.15 from pot
bogus zocker: doesn't show hand 
*** SUMMARY ***
Total pot $2.25 | Rake $0.10 
Board [Jc 8h Tc]
Seat 1: tropi2705 folded before Flop (didn't bet)
Seat 2: RoyalDynasty folded before Flop (didn't bet)
Seat 3: rafaelrrpo (button) folded on the Flop
Seat 4: bogus zocker (small blind) collected ($2.15)
Seat 5: Ralzakark (big blind) folded before Flop
Seat 6: cardcooker66 folded before Flop (didn't bet)
Seat 8: Alameda22 folded before Flop (didn't bet)
Seat 9: snjdon folded before Flop (didn't bet)



PokerStars Game #19838075229:  Hold'em No Limit ($0.10/$0.25) - 2008/08/23 - 14:05:46 (ET)
Table 'Mebsuta V' 9-max Seat #4 is the button
Seat 1: tropi2705 ($9.50 in chips) 
Seat 2: RoyalDynasty ($9.65 in chips) 
Seat 3: rafaelrrpo ($3.55 in chips) 
Seat 4: bogus zocker ($8.15 in chips) 
Seat 5: Ralzakark ($15.10 in chips) 
Seat 6: cardcooker66 ($3.95 in chips) 
Seat 8: Alameda22 ($26 in chips) 
Seat 9: snjdon ($23.40 in chips) 
Ralzakark: posts small blind $0.10
cardcooker66: posts big blind $0.25
*** HOLE CARDS ***
Dealt to Alameda22 [2d Ac]
Alameda22: folds 
snjdon: folds 
tropi2705: calls $0.25
RoyalDynasty: calls $0.25
rafaelrrpo: folds 
bogus zocker: folds 
Ralzakark: folds 
cardcooker66: checks 
*** FLOP *** [Kh 6d Ah]
cardcooker66: checks 
tropi2705: checks 
RoyalDynasty: checks 
*** TURN *** [Kh 6d Ah] [6h]
cardcooker66: checks 
tropi2705: checks 
RoyalDynasty: checks 
*** RIVER *** [Kh 6d Ah 6h] [Js]
cardcooker66: checks 
tropi2705: folds 
RoyalDynasty: checks 
*** SHOW DOWN ***
cardcooker66: shows [2h 8s] (a pair of Sixes)
RoyalDynasty: shows [Qs Jh] (two pair, Jacks and Sixes)
RoyalDynasty collected $0.85 from pot
*** SUMMARY ***
Total pot $0.85 | Rake $0 
Board [Kh 6d Ah 6h Js]
Seat 1: tropi2705 folded on the River
Seat 2: RoyalDynasty showed [Qs Jh] and won ($0.85) with two pair, Jacks and Sixes
Seat 3: rafaelrrpo folded before Flop (didn't bet)
Seat 4: bogus zocker (button) folded before Flop (didn't bet)
Seat 5: Ralzakark (small blind) folded before Flop
Seat 6: cardcooker66 (big blind) showed [2h 8s] and lost with a pair of Sixes
Seat 8: Alameda22 folded before Flop (didn't bet)
Seat 9: snjdon folded before Flop (didn't bet)



PokerStars Game #19838091768:  Hold'em No Limit ($0.10/$0.25) - 2008/08/23 - 14:06:29 (ET)
Table 'Mebsuta V' 9-max Seat #5 is the button
Seat 1: tropi2705 ($9.25 in chips) 
Seat 2: RoyalDynasty ($10.25 in chips) 
Seat 3: rafaelrrpo ($5 in chips) 
Seat 4: bogus zocker ($8.15 in chips) 
Seat 5: Ralzakark ($15 in chips) 
Seat 6: cardcooker66 ($3.70 in chips) 
Seat 8: Alameda22 ($26 in chips) 
Seat 9: snjdon ($23.40 in chips) 
cardcooker66: posts small blind $0.10
Alameda22: posts big blind $0.25
*** HOLE CARDS ***
Dealt to Alameda22 [Js Jh]
snjdon: folds 
tropi2705: calls $0.25
RoyalDynasty: folds 
rafaelrrpo: raises $1 to $1.25
bogus zocker: folds 
Ralzakark: folds 
cardcooker66: folds 
Alameda22: raises $2.25 to $3.50
tropi2705: folds 
rafaelrrpo: raises $1.50 to $5 and is all-in
Alameda22: calls $1.50
*** FLOP *** [Tc 2d 4s]
*** TURN *** [Tc 2d 4s] [8h]
*** RIVER *** [Tc 2d 4s 8h] [Qs]
*** SHOW DOWN ***
Alameda22: shows [Js Jh] (a pair of Jacks)
rafaelrrpo: shows [Kd Ks] (a pair of Kings)
rafaelrrpo collected $9.85 from pot
*** SUMMARY ***
Total pot $10.35 | Rake $0.50 
Board [Tc 2d 4s 8h Qs]
Seat 1: tropi2705 folded before Flop
Seat 2: RoyalDynasty folded before Flop (didn't bet)
Seat 3: rafaelrrpo showed [Kd Ks] and won ($9.85) with a pair of Kings
Seat 4: bogus zocker folded before Flop (didn't bet)
Seat 5: Ralzakark (button) folded before Flop (didn't bet)
Seat 6: cardcooker66 (small blind) folded before Flop
Seat 8: Alameda22 (big blind) showed [Js Jh] and lost with a pair of Jacks
Seat 9: snjdon folded before Flop (didn't bet)



PokerStars Game #19838112991:  Hold'em No Limit ($0.10/$0.25) - 2008/08/23 - 14:07:25 (ET)
Table 'Mebsuta V' 9-max Seat #6 is the button
Seat 1: tropi2705 ($9 in chips) 
Seat 2: RoyalDynasty ($10.25 in chips) 
Seat 3: rafaelrrpo ($9.85 in chips) 
Seat 4: bogus zocker ($8.15 in chips) 
Seat 5: Ralzakark ($15 in chips) 
Seat 6: cardcooker66 ($3.60 in chips) 
Seat 8: Alameda22 ($21 in chips) 
Seat 9: snjdon ($23.40 in chips) 
Alameda22: posts small blind $0.10
snjdon: posts big blind $0.25
*** HOLE CARDS ***
Dealt to Alameda22 [3c Tc]
tropi2705: folds 
RoyalDynasty: folds 
rafaelrrpo: folds 
bogus zocker: folds 
Ralzakark: folds 
cardcooker66: calls $0.25
Alameda22: folds 
snjdon: checks 
*** FLOP *** [7s 8c 6s]
snjdon: bets $0.25
cardcooker66: folds 
Uncalled bet ($0.25) returned to snjdon
snjdon collected $0.60 from pot
*** SUMMARY ***
Total pot $0.60 | Rake $0 
Board [7s 8c 6s]
Seat 1: tropi2705 folded before Flop (didn't bet)
Seat 2: RoyalDynasty folded before Flop (didn't bet)
Seat 3: rafaelrrpo folded before Flop (didn't bet)
Seat 4: bogus zocker folded before Flop (didn't bet)
Seat 5: Ralzakark folded before Flop (didn't bet)
Seat 6: cardcooker66 (button) folded on the Flop
Seat 8: Alameda22 (small blind) folded before Flop
Seat 9: snjdon (big blind) collected ($0.60)



PokerStars Game #19838125629:  Hold'em No Limit ($0.10/$0.25) - 2008/08/23 - 14:07:59 (ET)
Table 'Mebsuta V' 9-max Seat #8 is the button
Seat 1: tropi2705 ($9 in chips) 
Seat 2: RoyalDynasty ($10.25 in chips) 
Seat 3: rafaelrrpo ($9.85 in chips) 
Seat 4: bogus zocker ($8.15 in chips) 
Seat 5: Ralzakark ($15 in chips) 
Seat 6: cardcooker66 ($3.35 in chips) 
Seat 8: Alameda22 ($20.90 in chips) 
Seat 9: snjdon ($23.75 in chips) 
snjdon: posts small blind $0.10
tropi2705: posts big blind $0.25
*** HOLE CARDS ***
Dealt to Alameda22 [3d 4s]
RoyalDynasty: folds 
rafaelrrpo: folds 
bogus zocker: folds 
Ralzakark: folds 
cardcooker66: calls $0.25
Alameda22: folds 
snjdon: calls $0.15
tropi2705: checks 
*** FLOP *** [Ad Jd 7c]
snjdon: bets $0.25
tropi2705: calls $0.25
cardcooker66: calls $0.25
*** TURN *** [Ad Jd 7c] [Qs]
snjdon: bets $0.25
tropi2705: calls $0.25
cardcooker66: calls $0.25
*** RIVER *** [Ad Jd 7c Qs] [Qd]
snjdon: bets $0.25
tropi2705: raises $4.75 to $5
cardcooker66: folds 
snjdon: folds 
Uncalled bet ($4.75) returned to tropi2705
tropi2705 collected $2.65 from pot
tropi2705: doesn't show hand 
*** SUMMARY ***
Total pot $2.75 | Rake $0.10 
Board [Ad Jd 7c Qs Qd]
Seat 1: tropi2705 (big blind) collected ($2.65)
Seat 2: RoyalDynasty folded before Flop (didn't bet)
Seat 3: rafaelrrpo folded before Flop (didn't bet)
Seat 4: bogus zocker folded before Flop (didn't bet)
Seat 5: Ralzakark folded before Flop (didn't bet)
Seat 6: cardcooker66 folded on the River
Seat 8: Alameda22 (button) folded before Flop (didn't bet)
Seat 9: snjdon (small blind) folded on the River



PokerStars Game #19838154306:  Hold'em No Limit ($0.10/$0.25) - 2008/08/23 - 14:09:14 (ET)
Table 'Mebsuta V' 9-max Seat #9 is the button
Seat 1: tropi2705 ($10.65 in chips) 
Seat 2: RoyalDynasty ($10.25 in chips) 
Seat 3: rafaelrrpo ($9.85 in chips) 
Seat 4: bogus zocker ($8.15 in chips) 
Seat 5: Ralzakark ($15 in chips) 
Seat 6: cardcooker66 ($2.60 in chips) 
Seat 8: Alameda22 ($20.90 in chips) 
Seat 9: snjdon ($22.75 in chips) 
tropi2705: posts small blind $0.10
RoyalDynasty: posts big blind $0.25
*** HOLE CARDS ***
Dealt to Alameda22 [5h Jc]
rafaelrrpo: raises $0.75 to $1
bogus zocker: folds 
Ralzakark: folds 
cardcooker66: folds 
Alameda22: folds 
snjdon: folds 
tropi2705: folds 
RoyalDynasty: calls $0.75
*** FLOP *** [8d Ac 4h]
RoyalDynasty: bets $0.25
rafaelrrpo: raises $0.35 to $0.60
RoyalDynasty: calls $0.35
*** TURN *** [8d Ac 4h] [Tc]
RoyalDynasty: checks 
rafaelrrpo: bets $3.15
RoyalDynasty: folds 
Uncalled bet ($3.15) returned to rafaelrrpo
rafaelrrpo collected $3.15 from pot
rafaelrrpo: doesn't show hand 
*** SUMMARY ***
Total pot $3.30 | Rake $0.15 
Board [8d Ac 4h Tc]
Seat 1: tropi2705 (small blind) folded before Flop
Seat 2: RoyalDynasty (big blind) folded on the Turn
Seat 3: rafaelrrpo collected ($3.15)
Seat 4: bogus zocker folded before Flop (didn't bet)
Seat 5: Ralzakark folded before Flop (didn't bet)
Seat 6: cardcooker66 folded before Flop (didn't bet)
Seat 8: Alameda22 folded before Flop (didn't bet)
Seat 9: snjdon (button) folded before Flop (didn't bet)



PokerStars Game #19838178769:  Hold'em No Limit ($0.10/$0.25) - 2008/08/23 - 14:10:18 (ET)
Table 'Mebsuta V' 9-max Seat #1 is the button
Seat 1: tropi2705 ($10.55 in chips) 
Seat 2: RoyalDynasty ($8.65 in chips) 
Seat 4: bogus zocker ($8.15 in chips) 
Seat 5: Ralzakark ($15 in chips) 
Seat 6: cardcooker66 ($2.60 in chips) 
Seat 8: Alameda22 ($20.90 in chips) 
Seat 9: snjdon ($22.75 in chips) 
RoyalDynasty: posts small blind $0.10
rafaelrrpo: is sitting out 
rafaelrrpo leaves the table
bogus zocker: posts big blind $0.25
*** HOLE CARDS ***
Dealt to Alameda22 [Ac 4h]
Ralzakark: calls $0.25
cardcooker66: raises $0.75 to $1
Alameda22: folds 
snjdon: folds 
tropi2705: folds 
RoyalDynasty: folds 
bogus zocker: folds 
Ralzakark: calls $0.75
*** FLOP *** [2h 8s 6s]
Ralzakark: checks 
cardcooker66: bets $1.60 and is all-in
C Leitz joins the table at seat #3 
Ralzakark: folds 
Uncalled bet ($1.60) returned to cardcooker66
cardcooker66 collected $2.25 from pot
*** SUMMARY ***
Total pot $2.35 | Rake $0.10 
Board [2h 8s 6s]
Seat 1: tropi2705 (button) folded before Flop (didn't bet)
Seat 2: RoyalDynasty (small blind) folded before Flop
Seat 4: bogus zocker (big blind) folded before Flop
Seat 5: Ralzakark folded on the Flop
Seat 6: cardcooker66 collected ($2.25)
Seat 8: Alameda22 folded before Flop (didn't bet)
Seat 9: snjdon folded before Flop (didn't bet)



PokerStars Game #19838199574:  Hold'em No Limit ($0.10/$0.25) - 2008/08/23 - 14:11:13 (ET)
Table 'Mebsuta V' 9-max Seat #2 is the button
Seat 1: tropi2705 ($10.55 in chips) 
Seat 2: RoyalDynasty ($8.55 in chips) 
Seat 4: bogus zocker ($7.90 in chips) 
Seat 5: Ralzakark ($14 in chips) 
Seat 6: cardcooker66 ($3.85 in chips) 
Seat 8: Alameda22 ($20.90 in chips) 
Seat 9: snjdon ($22.75 in chips) 
C Leitz will be allowed to play after the button
bogus zocker: posts small blind $0.10
Ralzakark: posts big blind $0.25
*** HOLE CARDS ***
Dealt to Alameda22 [6h Jc]
cardcooker66: calls $0.25
Alameda22: folds 
snjdon: folds 
tropi2705: calls $0.25
RoyalDynasty: folds 
bogus zocker: folds 
Ralzakark: checks 
*** FLOP *** [9h 8d Ks]
Ralzakark: checks 
cardcooker66: checks 
tropi2705: checks 
*** TURN *** [9h 8d Ks] [5s]
Ralzakark: checks 
cardcooker66: checks 
tropi2705: checks 
*** RIVER *** [9h 8d Ks 5s] [6d]
Ralzakark: bets $0.25
cardcooker66: raises $1.25 to $1.50
tropi2705: folds 
Ralzakark: folds 
Uncalled bet ($1.25) returned to cardcooker66
cardcooker66 collected $1.30 from pot
*** SUMMARY ***
Total pot $1.35 | Rake $0.05 
Board [9h 8d Ks 5s 6d]
Seat 1: tropi2705 folded on the River
Seat 2: RoyalDynasty (button) folded before Flop (didn't bet)
Seat 4: bogus zocker (small blind) folded before Flop
Seat 5: Ralzakark (big blind) folded on the River
Seat 6: cardcooker66 collected ($1.30)
Seat 8: Alameda22 folded before Flop (didn't bet)
Seat 9: snjdon folded before Flop (didn't bet)



PokerStars Game #19838219245:  Hold'em No Limit ($0.10/$0.25) - 2008/08/23 - 14:12:04 (ET)
Table 'Mebsuta V' 9-max Seat #4 is the button
Seat 1: tropi2705 ($10.30 in chips) 
Seat 2: RoyalDynasty ($8.55 in chips) 
Seat 4: bogus zocker ($7.80 in chips) 
Seat 5: Ralzakark ($13.50 in chips) 
Seat 6: cardcooker66 ($4.65 in chips) 
Seat 8: Alameda22 ($20.90 in chips) 
Seat 9: snjdon ($22.75 in chips) 
Ralzakark: posts small blind $0.10
cardcooker66: posts big blind $0.25
C Leitz: sits out 
*** HOLE CARDS ***
Dealt to Alameda22 [4s 5c]
Alameda22: folds 
snjdon: folds 
tropi2705: folds 
RoyalDynasty: calls $0.25
bogus zocker: calls $0.25
Ralzakark: calls $0.15
cardcooker66: checks 
*** FLOP *** [6h 6d Qh]
Ralzakark: checks 
cardcooker66: checks 
RoyalDynasty: checks 
bogus zocker: checks 
*** TURN *** [6h 6d Qh] [7s]
Ralzakark: checks 
cardcooker66: checks 
RoyalDynasty: checks 
bogus zocker: checks 
*** RIVER *** [6h 6d Qh 7s] [9s]
Ralzakark: checks 
cardcooker66: checks 
RoyalDynasty: checks 
bogus zocker: checks 
*** SHOW DOWN ***
Ralzakark: shows [Kh 3d] (a pair of Sixes)
cardcooker66: shows [Ks Td] (a pair of Sixes - King+Queen+Ten kicker)
RoyalDynasty: shows [3c Ad] (a pair of Sixes - Ace kicker)
bogus zocker: shows [Kc Tc] (a pair of Sixes - lower kicker)
RoyalDynasty collected $0.95 from pot
*** SUMMARY ***
Total pot $1 | Rake $0.05 
Board [6h 6d Qh 7s 9s]
Seat 1: tropi2705 folded before Flop (didn't bet)
Seat 2: RoyalDynasty showed [3c Ad] and won ($0.95) with a pair of Sixes
Seat 4: bogus zocker (button) showed [Kc Tc] and lost with a pair of Sixes
Seat 5: Ralzakark (small blind) showed [Kh 3d] and lost with a pair of Sixes
Seat 6: cardcooker66 (big blind) showed [Ks Td] and lost with a pair of Sixes
Seat 8: Alameda22 folded before Flop (didn't bet)
Seat 9: snjdon folded before Flop (didn't bet)



PokerStars Game #19838240930:  Hold'em No Limit ($0.10/$0.25) - 2008/08/23 - 14:13:02 (ET)
Table 'Mebsuta V' 9-max Seat #5 is the button
Seat 1: tropi2705 ($10.30 in chips) 
Seat 2: RoyalDynasty ($9.25 in chips) 
Seat 4: bogus zocker ($7.55 in chips) 
Seat 5: Ralzakark ($13.25 in chips) 
Seat 6: cardcooker66 ($4.40 in chips) 
Seat 8: Alameda22 ($20.90 in chips) 
Seat 9: snjdon ($22.75 in chips) 
cardcooker66: posts small blind $0.10
Alameda22: posts big blind $0.25
C Leitz: sits out 
*** HOLE CARDS ***
Dealt to Alameda22 [2h 6h]
snjdon: folds 
tropi2705: folds 
RoyalDynasty: folds 
bogus zocker: folds 
Ralzakark: raises $0.25 to $0.50
cardcooker66: folds 
Alameda22: folds 
Uncalled bet ($0.25) returned to Ralzakark
Ralzakark collected $0.60 from pot
Ralzakark: doesn't show hand 
*** SUMMARY ***
Total pot $0.60 | Rake $0 
Seat 1: tropi2705 folded before Flop (didn't bet)
Seat 2: RoyalDynasty folded before Flop (didn't bet)
Seat 4: bogus zocker folded before Flop (didn't bet)
Seat 5: Ralzakark (button) collected ($0.60)
Seat 6: cardcooker66 (small blind) folded before Flop
Seat 8: Alameda22 (big blind) folded before Flop
Seat 9: snjdon folded before Flop (didn't bet)



PokerStars Game #19838249863:  Hold'em No Limit ($0.10/$0.25) - 2008/08/23 - 14:13:25 (ET)
Table 'Mebsuta V' 9-max Seat #6 is the button
Seat 1: tropi2705 ($10.30 in chips) 
Seat 2: RoyalDynasty ($9.25 in chips) 
Seat 4: bogus zocker ($7.55 in chips) 
Seat 5: Ralzakark ($13.60 in chips) 
Seat 6: cardcooker66 ($4.30 in chips) 
Seat 8: Alameda22 ($20.65 in chips) 
Seat 9: snjdon ($22.75 in chips) 
Th3 ZodiAc was removed from the table for failing to post
Alameda22: posts small blind $0.10
snjdon: posts big blind $0.25
C Leitz: sits out 
*** HOLE CARDS ***
Dealt to Alameda22 [4d Jh]
tropi2705: calls $0.25
RoyalDynasty: raises $0.25 to $0.50
bogus zocker: folds 
Ralzakark: calls $0.50
cardcooker66: folds 
Alameda22: folds 
snjdon: folds 
tropi2705: calls $0.25
*** FLOP *** [Kc 9s 5c]
tropi2705: checks 
RoyalDynasty: checks 
Ralzakark: checks 
*** TURN *** [Kc 9s 5c] [3c]
tropi2705: checks 
RoyalDynasty: bets $0.50
Ralzakark: folds 
tropi2705: folds 
Uncalled bet ($0.50) returned to RoyalDynasty
RoyalDynasty collected $1.80 from pot
RoyalDynasty: shows [5s 5h] (three of a kind, Fives)
*** SUMMARY ***
Total pot $1.85 | Rake $0.05 
Board [Kc 9s 5c 3c]
Seat 1: tropi2705 folded on the Turn
Seat 2: RoyalDynasty collected ($1.80)
Seat 4: bogus zocker folded before Flop (didn't bet)
Seat 5: Ralzakark folded on the Turn
Seat 6: cardcooker66 (button) folded before Flop (didn't bet)
Seat 8: Alameda22 (small blind) folded before Flop
Seat 9: snjdon (big blind) folded before Flop



PokerStars Game #19838266039:  Hold'em No Limit ($0.10/$0.25) - 2008/08/23 - 14:14:08 (ET)
Table 'Mebsuta V' 9-max Seat #8 is the button
Seat 1: tropi2705 ($9.80 in chips) 
Seat 2: RoyalDynasty ($10.55 in chips) 
Seat 4: bogus zocker ($7.55 in chips) 
Seat 5: Ralzakark ($13.10 in chips) 
Seat 6: cardcooker66 ($4.30 in chips) 
Seat 8: Alameda22 ($20.55 in chips) 
Seat 9: snjdon ($22.50 in chips) 
snjdon: posts small blind $0.10
tropi2705: posts big blind $0.25
C Leitz: sits out 
*** HOLE CARDS ***
Dealt to Alameda22 [3c Qc]
RoyalDynasty: calls $0.25
bogus zocker: folds 
Ralzakark: folds 
cardcooker66: folds 
Alameda22: folds 
snjdon: folds 
tropi2705: checks 
*** FLOP *** [Th 5d 9s]
RoyalDynasty said, "zzzzzzzzz"
yjqian23 joins the table at seat #7 
tropi2705: checks 
RoyalDynasty: bets $0.25
tropi2705: calls $0.25
*** TURN *** [Th 5d 9s] [Ah]
tropi2705: checks 
RoyalDynasty: bets $0.25
tropi2705: calls $0.25
*** RIVER *** [Th 5d 9s Ah] [As]
tropi2705: checks 
RoyalDynasty: bets $1
tropi2705: calls $1
*** SHOW DOWN ***
RoyalDynasty: shows [8h Ac] (three of a kind, Aces)
tropi2705: mucks hand 
RoyalDynasty collected $3.45 from pot
*** SUMMARY ***
Total pot $3.60 | Rake $0.15 
Board [Th 5d 9s Ah As]
Seat 1: tropi2705 (big blind) mucked [6c 5h]
Seat 2: RoyalDynasty showed [8h Ac] and won ($3.45) with three of a kind, Aces
Seat 4: bogus zocker folded before Flop (didn't bet)
Seat 5: Ralzakark folded before Flop (didn't bet)
Seat 6: cardcooker66 folded before Flop (didn't bet)
Seat 8: Alameda22 (button) folded before Flop (didn't bet)
Seat 9: snjdon (small blind) folded before Flop



PokerStars Game #19838304263:  Hold'em No Limit ($0.10/$0.25) - 2008/08/23 - 14:15:47 (ET)
Table 'Mebsuta V' 9-max Seat #9 is the button
Seat 1: tropi2705 ($8.05 in chips) 
Seat 2: RoyalDynasty ($12.25 in chips) 
Seat 4: bogus zocker ($7.55 in chips) 
Seat 5: Ralzakark ($13.10 in chips) 
Seat 6: cardcooker66 ($4.30 in chips) 
Seat 8: Alameda22 ($20.55 in chips) 
Seat 9: snjdon ($22.40 in chips) 
tropi2705: posts small blind $0.10
RoyalDynasty: posts big blind $0.25
C Leitz: sits out 
yjqian23: sits out 
*** HOLE CARDS ***
Dealt to Alameda22 [Qd 4c]
bogus zocker: folds 
Ralzakark: calls $0.25
cardcooker66: folds 
Alameda22: folds 
snjdon: calls $0.25
tropi2705: folds 
RoyalDynasty: checks 
*** FLOP *** [As Tc 2s]
RoyalDynasty: checks 
Ralzakark: checks 
snjdon: bets $0.25
RoyalDynasty: folds 
Ralzakark: calls $0.25
*** TURN *** [As Tc 2s] [Kc]
Ralzakark: checks 
snjdon: checks 
*** RIVER *** [As Tc 2s Kc] [4s]
Ralzakark: checks 
snjdon: checks 
*** SHOW DOWN ***
Ralzakark: shows [Qh 2h] (a pair of Deuces)
snjdon: shows [Jd Td] (a pair of Tens)
snjdon collected $1.30 from pot
*** SUMMARY ***
Total pot $1.35 | Rake $0.05 
Board [As Tc 2s Kc 4s]
Seat 1: tropi2705 (small blind) folded before Flop
Seat 2: RoyalDynasty (big blind) folded on the Flop
Seat 4: bogus zocker folded before Flop (didn't bet)
Seat 5: Ralzakark showed [Qh 2h] and lost with a pair of Deuces
Seat 6: cardcooker66 folded before Flop (didn't bet)
Seat 8: Alameda22 folded before Flop (didn't bet)
Seat 9: snjdon (button) showed [Jd Td] and won ($1.30) with a pair of Tens



PokerStars Game #19838334645:  Hold'em No Limit ($0.10/$0.25) - 2008/08/23 - 14:17:05 (ET)
Table 'Mebsuta V' 9-max Seat #1 is the button
Seat 1: tropi2705 ($7.95 in chips) 
Seat 2: RoyalDynasty ($12 in chips) 
Seat 3: C Leitz ($15 in chips) 
Seat 4: bogus zocker ($7.55 in chips) 
Seat 5: Ralzakark ($12.60 in chips) 
Seat 6: cardcooker66 ($4.30 in chips) 
Seat 8: Alameda22 ($20.55 in chips) 
Seat 9: snjdon ($23.20 in chips) 
RoyalDynasty: posts small blind $0.10
C Leitz: posts big blind $0.25
yjqian23: sits out 
*** HOLE CARDS ***
Dealt to Alameda22 [5s 3h]
bogus zocker: folds 
Ralzakark: folds 
cardcooker66: folds 
Alameda22: folds 
bogus zocker leaves the table
snjdon: folds 
tropi2705: folds 
RoyalDynasty: calls $0.15
C Leitz: checks 
*** FLOP *** [8c Th 7s]
RoyalDynasty: bets $0.25
C Leitz: calls $0.25
*** TURN *** [8c Th 7s] [Kd]
RoyalDynasty: checks 
C Leitz: bets $0.75
RoyalDynasty: folds 
Uncalled bet ($0.75) returned to C Leitz
C Leitz collected $0.95 from pot
C Leitz: doesn't show hand 
*** SUMMARY ***
Total pot $1 | Rake $0.05 
Board [8c Th 7s Kd]
Seat 1: tropi2705 (button) folded before Flop (didn't bet)
Seat 2: RoyalDynasty (small blind) folded on the Turn
Seat 3: C Leitz (big blind) collected ($0.95)
Seat 4: bogus zocker folded before Flop (didn't bet)
Seat 5: Ralzakark folded before Flop (didn't bet)
Seat 6: cardcooker66 folded before Flop (didn't bet)
Seat 8: Alameda22 folded before Flop (didn't bet)
Seat 9: snjdon folded before Flop (didn't bet)



PokerStars Game #19838351432:  Hold'em No Limit ($0.10/$0.25) - 2008/08/23 - 14:17:49 (ET)
Table 'Mebsuta V' 9-max Seat #2 is the button
Seat 1: tropi2705 ($7.95 in chips) 
Seat 2: RoyalDynasty ($11.50 in chips) 
Seat 3: C Leitz ($15.45 in chips) 
Seat 5: Ralzakark ($12.60 in chips) 
Seat 6: cardcooker66 ($4.30 in chips) 
Seat 8: Alameda22 ($20.55 in chips) 
Seat 9: snjdon ($23.20 in chips) 
C Leitz: posts small blind $0.10
Ralzakark: posts big blind $0.25
yjqian23: sits out 
*** HOLE CARDS ***
Dealt to Alameda22 [Qd 4c]
cardcooker66: folds 
Alameda22: folds 
snjdon: calls $0.25
tropi2705: folds 
RoyalDynasty: folds 
RoyalDynasty leaves the table
C Leitz: calls $0.15
Ralzakark: checks 
*** FLOP *** [Qs 5c Js]
C Leitz: checks 
Ralzakark: checks 
snjdon: checks 
*** TURN *** [Qs 5c Js] [8d]
C Leitz: checks 
Ralzakark: checks 
snjdon: bets $0.25
C Leitz: calls $0.25
Ralzakark: folds 
*** RIVER *** [Qs 5c Js 8d] [9h]
C Leitz: checks 
snjdon: bets $0.50
C Leitz: folds 
Uncalled bet ($0.50) returned to snjdon
snjdon collected $1.20 from pot
*** SUMMARY ***
Total pot $1.25 | Rake $0.05 
Board [Qs 5c Js 8d 9h]
Seat 1: tropi2705 folded before Flop (didn't bet)
Seat 2: RoyalDynasty (button) folded before Flop (didn't bet)
Seat 3: C Leitz (small blind) folded on the River
Seat 5: Ralzakark (big blind) folded on the Turn
Seat 6: cardcooker66 folded before Flop (didn't bet)
Seat 8: Alameda22 folded before Flop (didn't bet)
Seat 9: snjdon collected ($1.20)



PokerStars Game #19838371457:  Hold'em No Limit ($0.10/$0.25) - 2008/08/23 - 14:18:41 (ET)
Table 'Mebsuta V' 9-max Seat #3 is the button
Seat 1: tropi2705 ($7.95 in chips) 
Seat 3: C Leitz ($14.95 in chips) 
Seat 5: Ralzakark ($12.35 in chips) 
Seat 6: cardcooker66 ($4.30 in chips) 
Seat 8: Alameda22 ($20.55 in chips) 
Seat 9: snjdon ($23.90 in chips) 
Ralzakark: posts small blind $0.10
cardcooker66: posts big blind $0.25
yjqian23: sits out 
*** HOLE CARDS ***
Dealt to Alameda22 [Ks Qs]
Alameda22: folds 
snjdon: folds 
tropi2705: folds 
C Leitz: raises $0.50 to $0.75
Ralzakark: folds 
cardcooker66: calls $0.50
*** FLOP *** [2c 9h 8h]
PAPPY_COY joins the table at seat #4 
cardcooker66: bets $3.55 and is all-in
C Leitz: calls $3.55
*** TURN *** [2c 9h 8h] [5s]
*** RIVER *** [2c 9h 8h 5s] [Kh]
*** SHOW DOWN ***
cardcooker66: shows [6h Ah] (a flush, Ace high)
C Leitz: mucks hand 
cardcooker66 collected $8.30 from pot
*** SUMMARY ***
Total pot $8.70 | Rake $0.40 
Board [2c 9h 8h 5s Kh]
Seat 1: tropi2705 folded before Flop (didn't bet)
Seat 3: C Leitz (button) mucked [Qh 9c]
Seat 5: Ralzakark (small blind) folded before Flop
Seat 6: cardcooker66 (big blind) showed [6h Ah] and won ($8.30) with a flush, Ace high
Seat 8: Alameda22 folded before Flop (didn't bet)
Seat 9: snjdon folded before Flop (didn't bet)



PokerStars Game #19838391087:  Hold'em No Limit ($0.10/$0.25) - 2008/08/23 - 14:19:33 (ET)
Table 'Mebsuta V' 9-max Seat #5 is the button
Seat 1: tropi2705 ($7.95 in chips) 
Seat 3: C Leitz ($10.65 in chips) 
Seat 4: PAPPY_COY ($15 in chips) 
Seat 5: Ralzakark ($12.25 in chips) 
Seat 6: cardcooker66 ($8.30 in chips) 
Seat 7: yjqian23 ($25 in chips) 
Seat 8: Alameda22 ($20.55 in chips) 
Seat 9: snjdon ($23.90 in chips) 
cardcooker66: posts small blind $0.10
yjqian23: posts big blind $0.25
PAPPY_COY: posts big blind $0.25
*** HOLE CARDS ***
Dealt to Alameda22 [Th 9d]
Alameda22: folds 
snjdon: folds 
tropi2705: calls $0.25
C Leitz: folds 
PAPPY_COY: checks 
Ralzakark: folds 
cardcooker66: calls $0.15
yjqian23: checks 
*** FLOP *** [Kd 7c 3h]
baldesar joins the table at seat #2 
cardcooker66: checks 
yjqian23: checks 
tropi2705: checks 
PAPPY_COY: checks 
*** TURN *** [Kd 7c 3h] [Qh]
cardcooker66: checks 
yjqian23: bets $0.50
tropi2705: calls $0.50
PAPPY_COY: folds 
cardcooker66: folds 
*** RIVER *** [Kd 7c 3h Qh] [8c]
yjqian23: bets $1
tropi2705: raises $6 to $7
yjqian23: calls $6
*** SHOW DOWN ***
tropi2705: shows [8s 8d] (three of a kind, Eights)
yjqian23: mucks hand 
tropi2705 collected $15.25 from pot
*** SUMMARY ***
Total pot $16 | Rake $0.75 
Board [Kd 7c 3h Qh 8c]
Seat 1: tropi2705 showed [8s 8d] and won ($15.25) with three of a kind, Eights
Seat 3: C Leitz folded before Flop (didn't bet)
Seat 4: PAPPY_COY folded on the Turn
Seat 5: Ralzakark (button) folded before Flop (didn't bet)
Seat 6: cardcooker66 (small blind) folded on the Turn
Seat 7: yjqian23 (big blind) mucked [3c Qc]
Seat 8: Alameda22 folded before Flop (didn't bet)
Seat 9: snjdon folded before Flop (didn't bet)



PokerStars Game #19838450641:  Hold'em No Limit ($0.10/$0.25) - 2008/08/23 - 14:22:08 (ET)
Table 'Mebsuta V' 9-max Seat #6 is the button
Seat 1: tropi2705 ($15.45 in chips) 
Seat 3: C Leitz ($10.65 in chips) 
Seat 4: PAPPY_COY ($14.75 in chips) 
Seat 5: Ralzakark ($12.25 in chips) 
Seat 6: cardcooker66 ($8.05 in chips) 
Seat 7: yjqian23 ($17.25 in chips) 
Seat 8: Alameda22 ($20.55 in chips) 
Seat 9: snjdon ($23.90 in chips) 
yjqian23: posts small blind $0.10
Alameda22: posts big blind $0.25
baldesar: sits out 
*** HOLE CARDS ***
Dealt to Alameda22 [Js 2c]
snjdon: folds 
tropi2705: folds 
C Leitz: raises $0.75 to $1
PAPPY_COY: folds 
Ralzakark: calls $1
cardcooker66: folds 
yjqian23: folds 
Alameda22: folds 
*** FLOP *** [8s 9d Tc]
C Leitz: checks 
Ralzakark: bets $0.75
C Leitz: calls $0.75
*** TURN *** [8s 9d Tc] [Ad]
C Leitz: checks 
Ralzakark: bets $2
C Leitz: raises $2 to $4
Ralzakark: calls $2
*** RIVER *** [8s 9d Tc Ad] [7s]
C Leitz: bets $4.90 and is all-in
Ralzakark: calls $4.90
*** SHOW DOWN ***
C Leitz: shows [Jh Qh] (a straight, Eight to Queen)
Ralzakark: mucks hand 
C Leitz collected $20.60 from pot
*** SUMMARY ***
Total pot $21.65 | Rake $1.05 
Board [8s 9d Tc Ad 7s]
Seat 1: tropi2705 folded before Flop (didn't bet)
Seat 3: C Leitz showed [Jh Qh] and won ($20.60) with a straight, Eight to Queen
Seat 4: PAPPY_COY folded before Flop (didn't bet)
Seat 5: Ralzakark mucked [As 9s]
Seat 6: cardcooker66 (button) folded before Flop (didn't bet)
Seat 7: yjqian23 (small blind) folded before Flop
Seat 8: Alameda22 (big blind) folded before Flop
Seat 9: snjdon folded before Flop (didn't bet)



PokerStars Game #19838489735:  Hold'em No Limit ($0.10/$0.25) - 2008/08/23 - 14:23:49 (ET)
Table 'Mebsuta V' 9-max Seat #7 is the button
Seat 1: tropi2705 ($15.45 in chips) 
Seat 3: C Leitz ($20.60 in chips) 
Seat 4: PAPPY_COY ($14.75 in chips) 
Seat 5: Ralzakark ($1.60 in chips) 
Seat 6: cardcooker66 ($8.05 in chips) 
Seat 7: yjqian23 ($17.15 in chips) 
Seat 8: Alameda22 ($20.30 in chips) 
Seat 9: snjdon ($23.90 in chips) 
Alameda22: posts small blind $0.10
snjdon: posts big blind $0.25
baldesar: sits out 
*** HOLE CARDS ***
Dealt to Alameda22 [Jd 9c]
tropi2705: folds 
C Leitz: folds 
PAPPY_COY: calls $0.25
Ralzakark: folds 
cardcooker66: folds 
yjqian23: folds 
Alameda22: folds 
snjdon: checks 
*** FLOP *** [Kh Js 6d]
snjdon: bets $0.25
PAPPY_COY: calls $0.25
*** TURN *** [Kh Js 6d] [5h]
snjdon: bets $0.50
PAPPY_COY: calls $0.50
*** RIVER *** [Kh Js 6d 5h] [8s]
snjdon: bets $0.50
cardcooker66 is sitting out
PAPPY_COY: folds 
Uncalled bet ($0.50) returned to snjdon
snjdon collected $2 from pot
*** SUMMARY ***
Total pot $2.10 | Rake $0.10 
Board [Kh Js 6d 5h 8s]
Seat 1: tropi2705 folded before Flop (didn't bet)
Seat 3: C Leitz folded before Flop (didn't bet)
Seat 4: PAPPY_COY folded on the River
Seat 5: Ralzakark folded before Flop (didn't bet)
Seat 6: cardcooker66 folded before Flop (didn't bet)
Seat 7: yjqian23 (button) folded before Flop (didn't bet)
Seat 8: Alameda22 (small blind) folded before Flop
Seat 9: snjdon (big blind) collected ($2)



PokerStars Game #19838527884:  Hold'em No Limit ($0.10/$0.25) - 2008/08/23 - 14:25:29 (ET)
Table 'Mebsuta V' 9-max Seat #8 is the button
Seat 1: tropi2705 ($15.45 in chips) 
Seat 3: C Leitz ($20.60 in chips) 
Seat 4: PAPPY_COY ($13.75 in chips) 
Seat 5: Ralzakark ($1.60 in chips) 
Seat 7: yjqian23 ($17.15 in chips) 
Seat 8: Alameda22 ($20.20 in chips) 
Seat 9: snjdon ($24.90 in chips) 
snjdon: posts small blind $0.10
tropi2705: posts big blind $0.25
baldesar: sits out 
*** HOLE CARDS ***
Dealt to Alameda22 [2s Qc]
C Leitz: folds 
PAPPY_COY: raises $1 to $1.25
Ralzakark: folds 
yjqian23: folds 
Alameda22: folds 
snjdon: folds 
tropi2705: folds 
Uncalled bet ($1) returned to PAPPY_COY
PAPPY_COY collected $0.60 from pot
PAPPY_COY: doesn't show hand 
*** SUMMARY ***
Total pot $0.60 | Rake $0 
Seat 1: tropi2705 (big blind) folded before Flop
Seat 3: C Leitz folded before Flop (didn't bet)
Seat 4: PAPPY_COY collected ($0.60)
Seat 5: Ralzakark folded before Flop (didn't bet)
Seat 7: yjqian23 folded before Flop (didn't bet)
Seat 8: Alameda22 (button) folded before Flop (didn't bet)
Seat 9: snjdon (small blind) folded before Flop



PokerStars Game #19838553088:  Hold'em No Limit ($0.10/$0.25) - 2008/08/23 - 14:26:34 (ET)
Table 'Mebsuta V' 9-max Seat #9 is the button
Seat 1: tropi2705 ($15.20 in chips) 
Seat 2: baldesar ($25 in chips) 
Seat 3: C Leitz ($20.60 in chips) 
Seat 4: PAPPY_COY ($14.10 in chips) 
Seat 5: Ralzakark ($1.60 in chips) 
Seat 7: yjqian23 ($25 in chips) 
Seat 8: Alameda22 ($20.20 in chips) 
Seat 9: snjdon ($24.80 in chips) 
tropi2705: posts small blind $0.10
baldesar: posts big blind $0.25
*** HOLE CARDS ***
Dealt to Alameda22 [5s 5d]
C Leitz: folds 
PAPPY_COY: calls $0.25
Ralzakark: folds 
yjqian23: folds 
Alameda22: calls $0.25
snjdon: folds 
tropi2705: folds 
baldesar: checks 
*** FLOP *** [7c Ah 9h]
baldesar: checks 
Ralzakark leaves the table
PAPPY_COY: checks 
Alameda22: checks 
*** TURN *** [7c Ah 9h] [7d]
baldesar: checks 
silver2871 joins the table at seat #5 
PAPPY_COY: checks 
Alameda22: bets $0.75
baldesar: folds 
PAPPY_COY: folds 
Uncalled bet ($0.75) returned to Alameda22
Alameda22 collected $0.85 from pot
Alameda22: doesn't show hand 
*** SUMMARY ***
Total pot $0.85 | Rake $0 
Board [7c Ah 9h 7d]
Seat 1: tropi2705 (small blind) folded before Flop
Seat 2: baldesar (big blind) folded on the Turn
Seat 3: C Leitz folded before Flop (didn't bet)
Seat 4: PAPPY_COY folded on the Turn
Seat 5: Ralzakark folded before Flop (didn't bet)
Seat 7: yjqian23 folded before Flop (didn't bet)
Seat 8: Alameda22 collected ($0.85)
Seat 9: snjdon (button) folded before Flop (didn't bet)



PokerStars Game #19838613907:  Hold'em No Limit ($0.10/$0.25) - 2008/08/23 - 14:29:14 (ET)
Table 'Mebsuta V' 9-max Seat #1 is the button
Seat 1: tropi2705 ($15.10 in chips) 
Seat 2: baldesar ($24.75 in chips) 
Seat 3: C Leitz ($20.60 in chips) 
Seat 4: PAPPY_COY ($13.85 in chips) 
Seat 7: yjqian23 ($25 in chips) 
Seat 8: Alameda22 ($20.80 in chips) 
Seat 9: snjdon ($24.80 in chips) 
baldesar: posts small blind $0.10
C Leitz: posts big blind $0.25
silver2871: sits out 
*** HOLE CARDS ***
Dealt to Alameda22 [7h 3d]
cardcooker66 has returned
PAPPY_COY: calls $0.25
yjqian23: folds 
Alameda22: folds 
snjdon: folds 
tropi2705: calls $0.25
baldesar: folds 
C Leitz: checks 
*** FLOP *** [4c 5s Jh]
C Leitz: checks 
PAPPY_COY: bets $0.50
tropi2705: calls $0.50
C Leitz: folds 
*** TURN *** [4c 5s Jh] [Kd]
PAPPY_COY: bets $0.50
tropi2705: calls $0.50
*** RIVER *** [4c 5s Jh Kd] [6s]
PAPPY_COY: bets $1.75
tropi2705: folds 
Uncalled bet ($1.75) returned to PAPPY_COY
snjdon said, "pappy-coy = slow player......"
PAPPY_COY collected $2.75 from pot
PAPPY_COY: doesn't show hand 
*** SUMMARY ***
Total pot $2.85 | Rake $0.10 
Board [4c 5s Jh Kd 6s]
Seat 1: tropi2705 (button) folded on the River
Seat 2: baldesar (small blind) folded before Flop
Seat 3: C Leitz (big blind) folded on the Flop
Seat 4: PAPPY_COY collected ($2.75)
Seat 7: yjqian23 folded before Flop (didn't bet)
Seat 8: Alameda22 folded before Flop (didn't bet)
Seat 9: snjdon folded before Flop (didn't bet)



PokerStars Game #19838649824:  Hold'em No Limit ($0.10/$0.25) - 2008/08/23 - 14:30:47 (ET)
Table 'Mebsuta V' 9-max Seat #2 is the button
Seat 1: tropi2705 ($13.85 in chips) 
Seat 2: baldesar ($24.65 in chips) 
Seat 3: C Leitz ($20.35 in chips) 
Seat 4: PAPPY_COY ($15.35 in chips) 
Seat 6: cardcooker66 ($8.05 in chips) 
Seat 7: yjqian23 ($25 in chips) 
Seat 8: Alameda22 ($20.80 in chips) 
Seat 9: snjdon ($24.80 in chips) 
C Leitz: posts small blind $0.10
PAPPY_COY: posts big blind $0.25
silver2871: sits out 
*** HOLE CARDS ***
Dealt to Alameda22 [4c Jc]
cardcooker66: calls $0.25
yjqian23: folds 
Alameda22: folds 
snjdon: folds 
tropi2705: calls $0.25
snjdon is sitting out
baldesar: folds 
C Leitz: folds 
PAPPY_COY: checks 
*** FLOP *** [9c 7d 2h]
PAPPY_COY: checks 
cardcooker66: checks 
tropi2705: checks 
*** TURN *** [9c 7d 2h] [Kd]
PAPPY_COY: checks 
cardcooker66: checks 
tropi2705: checks 
*** RIVER *** [9c 7d 2h Kd] [2d]
PAPPY_COY: checks 
cardcooker66: checks 
tropi2705: checks 
*** SHOW DOWN ***
PAPPY_COY: shows [Qh 6h] (a pair of Deuces)
cardcooker66: shows [3h 3s] (two pair, Threes and Deuces)
tropi2705: shows [8c 8d] (two pair, Eights and Deuces)
tropi2705 collected $0.85 from pot
*** SUMMARY ***
Total pot $0.85 | Rake $0 
Board [9c 7d 2h Kd 2d]
Seat 1: tropi2705 showed [8c 8d] and won ($0.85) with two pair, Eights and Deuces
Seat 2: baldesar (button) folded before Flop (didn't bet)
Seat 3: C Leitz (small blind) folded before Flop
Seat 4: PAPPY_COY (big blind) showed [Qh 6h] and lost with a pair of Deuces
Seat 6: cardcooker66 showed [3h 3s] and lost with two pair, Threes and Deuces
Seat 7: yjqian23 folded before Flop (didn't bet)
Seat 8: Alameda22 folded before Flop (didn't bet)
Seat 9: snjdon folded before Flop (didn't bet)



PokerStars Game #19838673843:  Hold'em No Limit ($0.10/$0.25) - 2008/08/23 - 14:31:50 (ET)
Table 'Mebsuta V' 9-max Seat #3 is the button
Seat 1: tropi2705 ($14.45 in chips) 
Seat 2: baldesar ($24.65 in chips) 
Seat 3: C Leitz ($20.25 in chips) 
Seat 4: PAPPY_COY ($15.10 in chips) 
Seat 5: silver2871 ($25 in chips) 
Seat 6: cardcooker66 ($7.80 in chips) 
Seat 7: yjqian23 ($25 in chips) 
Seat 8: Alameda22 ($20.80 in chips) 
PAPPY_COY: posts small blind $0.10
silver2871: posts big blind $0.25
*** HOLE CARDS ***
Dealt to Alameda22 [3h 4c]
cardcooker66: folds 
yjqian23: folds 
Alameda22: folds 
tropi2705: folds 
baldesar: folds 
C Leitz: folds 
PAPPY_COY: folds 
Uncalled bet ($0.15) returned to silver2871
silver2871 collected $0.20 from pot
*** SUMMARY ***
Total pot $0.20 | Rake $0 
Seat 1: tropi2705 folded before Flop (didn't bet)
Seat 2: baldesar folded before Flop (didn't bet)
Seat 3: C Leitz (button) folded before Flop (didn't bet)
Seat 4: PAPPY_COY (small blind) folded before Flop
Seat 5: silver2871 (big blind) collected ($0.20)
Seat 6: cardcooker66 folded before Flop (didn't bet)
Seat 7: yjqian23 folded before Flop (didn't bet)
Seat 8: Alameda22 folded before Flop (didn't bet)



PokerStars Game #19838688168:  Hold'em No Limit ($0.10/$0.25) - 2008/08/23 - 14:32:28 (ET)
Table 'Mebsuta V' 9-max Seat #4 is the button
Seat 1: tropi2705 ($14.45 in chips) 
Seat 2: baldesar ($24.65 in chips) 
Seat 3: C Leitz ($20.25 in chips) 
Seat 4: PAPPY_COY ($15 in chips) 
Seat 5: silver2871 ($25.10 in chips) 
Seat 6: cardcooker66 ($7.80 in chips) 
Seat 7: yjqian23 ($25 in chips) 
Seat 8: Alameda22 ($20.80 in chips) 
silver2871: posts small blind $0.10
cardcooker66: posts big blind $0.25
*** HOLE CARDS ***
Dealt to Alameda22 [7h 6d]
yjqian23: folds 
Alameda22: folds 
tropi2705: calls $0.25
baldesar: folds 
C Leitz: folds 
PAPPY_COY: folds 
silver2871: raises $1 to $1.25
cardcooker66: folds 
tropi2705: folds 
Uncalled bet ($1) returned to silver2871
silver2871 collected $0.75 from pot
*** SUMMARY ***
Total pot $0.75 | Rake $0 
Seat 1: tropi2705 folded before Flop
Seat 2: baldesar folded before Flop (didn't bet)
Seat 3: C Leitz folded before Flop (didn't bet)
Seat 4: PAPPY_COY (button) folded before Flop (didn't bet)
Seat 5: silver2871 (small blind) collected ($0.75)
Seat 6: cardcooker66 (big blind) folded before Flop
Seat 7: yjqian23 folded before Flop (didn't bet)
Seat 8: Alameda22 folded before Flop (didn't bet)



PokerStars Game #19838703314:  Hold'em No Limit ($0.10/$0.25) - 2008/08/23 - 14:33:07 (ET)
Table 'Mebsuta V' 9-max Seat #5 is the button
Seat 1: tropi2705 ($14.20 in chips) 
Seat 2: baldesar ($24.65 in chips) 
Seat 3: C Leitz ($20.25 in chips) 
Seat 4: PAPPY_COY ($15 in chips) 
Seat 5: silver2871 ($25.60 in chips) 
Seat 6: cardcooker66 ($7.55 in chips) 
Seat 7: yjqian23 ($25 in chips) 
Seat 8: Alameda22 ($20.80 in chips) 
cardcooker66: posts small blind $0.10
yjqian23: posts big blind $0.25
*** HOLE CARDS ***
Dealt to Alameda22 [Ah 9s]
Alameda22: folds 
tropi2705: folds 
baldesar: folds 
C Leitz: folds 
PAPPY_COY: folds 
snjdon has returned
silver2871: raises $0.50 to $0.75
cardcooker66: raises $2.50 to $3.25
yjqian23: folds 
silver2871: folds 
Uncalled bet ($2.50) returned to cardcooker66
cardcooker66 collected $1.75 from pot
*** SUMMARY ***
Total pot $1.75 | Rake $0 
Seat 1: tropi2705 folded before Flop (didn't bet)
Seat 2: baldesar folded before Flop (didn't bet)
Seat 3: C Leitz folded before Flop (didn't bet)
Seat 4: PAPPY_COY folded before Flop (didn't bet)
Seat 5: silver2871 (button) folded before Flop
Seat 6: cardcooker66 (small blind) collected ($1.75)
Seat 7: yjqian23 (big blind) folded before Flop
Seat 8: Alameda22 folded before Flop (didn't bet)



PokerStars Game #19838716611:  Hold'em No Limit ($0.10/$0.25) - 2008/08/23 - 14:33:43 (ET)
Table 'Mebsuta V' 9-max Seat #6 is the button
Seat 1: tropi2705 ($14.20 in chips) 
Seat 2: baldesar ($24.65 in chips) 
Seat 3: C Leitz ($20.25 in chips) 
Seat 4: PAPPY_COY ($15 in chips) 
Seat 5: silver2871 ($24.85 in chips) 
Seat 6: cardcooker66 ($8.55 in chips) 
Seat 7: yjqian23 ($24.75 in chips) 
Seat 8: Alameda22 ($20.80 in chips) 
Seat 9: snjdon ($24.80 in chips) 
yjqian23: posts small blind $0.10
Alameda22: posts big blind $0.25
*** HOLE CARDS ***
Dealt to Alameda22 [5d 6h]
snjdon: folds 
tropi2705: folds 
baldesar: folds 
C Leitz: folds 
PAPPY_COY: folds 
silver2871: raises $0.50 to $0.75
cardcooker66: folds 
yjqian23: folds 
Alameda22: folds 
Uncalled bet ($0.50) returned to silver2871
silver2871 collected $0.60 from pot
*** SUMMARY ***
Total pot $0.60 | Rake $0 
Seat 1: tropi2705 folded before Flop (didn't bet)
Seat 2: baldesar folded before Flop (didn't bet)
Seat 3: C Leitz folded before Flop (didn't bet)
Seat 4: PAPPY_COY folded before Flop (didn't bet)
Seat 5: silver2871 collected ($0.60)
Seat 6: cardcooker66 (button) folded before Flop (didn't bet)
Seat 7: yjqian23 (small blind) folded before Flop
Seat 8: Alameda22 (big blind) folded before Flop
Seat 9: snjdon folded before Flop (didn't bet)



PokerStars Game #19838733012:  Hold'em No Limit ($0.10/$0.25) - 2008/08/23 - 14:34:26 (ET)
Table 'Mebsuta V' 9-max Seat #7 is the button
Seat 1: tropi2705 ($14.20 in chips) 
Seat 2: baldesar ($24.65 in chips) 
Seat 3: C Leitz ($20.25 in chips) 
Seat 4: PAPPY_COY ($15 in chips) 
Seat 5: silver2871 ($25.20 in chips) 
Seat 6: cardcooker66 ($8.55 in chips) 
Seat 7: yjqian23 ($24.65 in chips) 
Seat 8: Alameda22 ($20.55 in chips) 
Seat 9: snjdon ($24.80 in chips) 
Alameda22: posts small blind $0.10
snjdon: posts big blind $0.25
*** HOLE CARDS ***
Dealt to Alameda22 [9s Jc]
tropi2705: calls $0.25
baldesar: calls $0.25
C Leitz: folds 
PAPPY_COY: folds 
silver2871: calls $0.25
cardcooker66: calls $0.25
yjqian23: folds 
Alameda22: folds 
snjdon: checks 
*** FLOP *** [6d 6h 9c]
snjdon: checks 
tropi2705: checks 
baldesar: checks 
silver2871: checks 
cardcooker66: checks 
*** TURN *** [6d 6h 9c] [8c]
snjdon: checks 
tropi2705: checks 
baldesar: bets $0.80
silver2871: folds 
cardcooker66: raises $1.70 to $2.50
snjdon: folds 
tropi2705: folds 
baldesar: folds 
Uncalled bet ($1.70) returned to cardcooker66
cardcooker66 collected $2.85 from pot
cardcooker66: shows [5c 7c] (a straight, Five to Nine)
*** SUMMARY ***
Total pot $2.95 | Rake $0.10 
Board [6d 6h 9c 8c]
Seat 1: tropi2705 folded on the Turn
Seat 2: baldesar folded on the Turn
Seat 3: C Leitz folded before Flop (didn't bet)
Seat 4: PAPPY_COY folded before Flop (didn't bet)
Seat 5: silver2871 folded on the Turn
Seat 6: cardcooker66 collected ($2.85)
Seat 7: yjqian23 (button) folded before Flop (didn't bet)
Seat 8: Alameda22 (small blind) folded before Flop
Seat 9: snjdon (big blind) folded on the Turn



PokerStars Game #19838763968:  Hold'em No Limit ($0.10/$0.25) - 2008/08/23 - 14:35:48 (ET)
Table 'Mebsuta V' 9-max Seat #8 is the button
Seat 1: tropi2705 ($13.95 in chips) 
Seat 2: baldesar ($23.60 in chips) 
Seat 3: C Leitz ($20.25 in chips) 
Seat 4: PAPPY_COY ($15 in chips) 
Seat 5: silver2871 ($24.95 in chips) 
Seat 6: cardcooker66 ($10.35 in chips) 
Seat 7: yjqian23 ($24.65 in chips) 
Seat 8: Alameda22 ($20.45 in chips) 
Seat 9: snjdon ($24.55 in chips) 
snjdon: posts small blind $0.10
tropi2705: posts big blind $0.25
*** HOLE CARDS ***
Dealt to Alameda22 [6d 7d]
baldesar: calls $0.25
C Leitz: folds 
snjdon said, "nh"
cardcooker66 said, "ty"
PAPPY_COY: folds 
silver2871: folds 
cardcooker66: folds 
yjqian23: raises $0.25 to $0.50
Alameda22: folds 
snjdon: folds 
tropi2705: calls $0.25
baldesar: calls $0.25
*** FLOP *** [2s Ah Td]
tropi2705: checks 
baldesar: checks 
yjqian23: bets $0.50
tropi2705: calls $0.50
baldesar: calls $0.50
*** TURN *** [2s Ah Td] [Ac]
tropi2705: checks 
baldesar: checks 
yjqian23: bets $1
tropi2705: folds 
baldesar: raises $1.60 to $2.60
yjqian23: calls $1.60
*** RIVER *** [2s Ah Td Ac] [Jc]
baldesar: bets $2.60
yjqian23: raises $18.45 to $21.05 and is all-in
baldesar: folds 
Uncalled bet ($18.45) returned to yjqian23
yjqian23 collected $12.85 from pot
yjqian23: doesn't show hand 
*** SUMMARY ***
Total pot $13.50 | Rake $0.65 
Board [2s Ah Td Ac Jc]
Seat 1: tropi2705 (big blind) folded on the Turn
Seat 2: baldesar folded on the River
Seat 3: C Leitz folded before Flop (didn't bet)
Seat 4: PAPPY_COY folded before Flop (didn't bet)
Seat 5: silver2871 folded before Flop (didn't bet)
Seat 6: cardcooker66 folded before Flop (didn't bet)
Seat 7: yjqian23 collected ($12.85)
Seat 8: Alameda22 (button) folded before Flop (didn't bet)
Seat 9: snjdon (small blind) folded before Flop



PokerStars Game #19838814095:  Hold'em No Limit ($0.10/$0.25) - 2008/08/23 - 14:38:01 (ET)
Table 'Mebsuta V' 9-max Seat #9 is the button
Seat 1: tropi2705 ($12.95 in chips) 
Seat 2: baldesar ($17.40 in chips) 
Seat 3: C Leitz ($20.25 in chips) 
Seat 4: PAPPY_COY ($15 in chips) 
Seat 5: silver2871 ($24.95 in chips) 
Seat 6: cardcooker66 ($10.35 in chips) 
Seat 7: yjqian23 ($31.30 in chips) 
Seat 8: Alameda22 ($20.45 in chips) 
Seat 9: snjdon ($24.45 in chips) 
tropi2705: posts small blind $0.10
baldesar: posts big blind $0.25
*** HOLE CARDS ***
Dealt to Alameda22 [7s 6c]
C Leitz: calls $0.25
PAPPY_COY: folds 
silver2871: folds 
cardcooker66: calls $0.25
yjqian23: folds 
Alameda22: folds 
snjdon: folds 
tropi2705: calls $0.15
baldesar: checks 
*** FLOP *** [Jh Jc 4h]
tropi2705: checks 
baldesar: checks 
C Leitz: checks 
cardcooker66: bets $0.75
tropi2705: folds 
baldesar: folds 
C Leitz: folds 
Uncalled bet ($0.75) returned to cardcooker66
cardcooker66 collected $0.95 from pot
*** SUMMARY ***
Total pot $1 | Rake $0.05 
Board [Jh Jc 4h]
Seat 1: tropi2705 (small blind) folded on the Flop
Seat 2: baldesar (big blind) folded on the Flop
Seat 3: C Leitz folded on the Flop
Seat 4: PAPPY_COY folded before Flop (didn't bet)
Seat 5: silver2871 folded before Flop (didn't bet)
Seat 6: cardcooker66 collected ($0.95)
Seat 7: yjqian23 folded before Flop (didn't bet)
Seat 8: Alameda22 folded before Flop (didn't bet)
Seat 9: snjdon (button) folded before Flop (didn't bet)



PokerStars Game #19838851741:  Hold'em No Limit ($0.10/$0.25) - 2008/08/23 - 14:39:41 (ET)
Table 'Mebsuta V' 9-max Seat #1 is the button
Seat 1: tropi2705 ($12.70 in chips) 
Seat 2: baldesar ($17.15 in chips) 
Seat 3: C Leitz ($20 in chips) 
Seat 4: PAPPY_COY ($15 in chips) 
Seat 5: silver2871 ($24.95 in chips) 
Seat 6: cardcooker66 ($11.05 in chips) 
Seat 7: yjqian23 ($31.30 in chips) 
Seat 8: Alameda22 ($20.45 in chips) 
Seat 9: snjdon ($24.45 in chips) 
baldesar: posts small blind $0.10
C Leitz: posts big blind $0.25
*** HOLE CARDS ***
Dealt to Alameda22 [8h Jd]
PAPPY_COY: folds 
silver2871: folds 
cardcooker66: folds 
yjqian23: folds 
Alameda22: folds 
snjdon: folds 
tropi2705: calls $0.25
baldesar: folds 
C Leitz: checks 
*** FLOP *** [Ah 7d Ks]
C Leitz: checks 
tropi2705: checks 
*** TURN *** [Ah 7d Ks] [4s]
C Leitz: checks 
tropi2705: bets $0.75
C Leitz: folds 
Uncalled bet ($0.75) returned to tropi2705
tropi2705 collected $0.60 from pot
tropi2705: doesn't show hand 
*** SUMMARY ***
Total pot $0.60 | Rake $0 
Board [Ah 7d Ks 4s]
Seat 1: tropi2705 (button) collected ($0.60)
Seat 2: baldesar (small blind) folded before Flop
Seat 3: C Leitz (big blind) folded on the Turn
Seat 4: PAPPY_COY folded before Flop (didn't bet)
Seat 5: silver2871 folded before Flop (didn't bet)
Seat 6: cardcooker66 folded before Flop (didn't bet)
Seat 7: yjqian23 folded before Flop (didn't bet)
Seat 8: Alameda22 folded before Flop (didn't bet)
Seat 9: snjdon folded before Flop (didn't bet)



PokerStars Game #19838884798:  Hold'em No Limit ($0.10/$0.25) - 2008/08/23 - 14:41:07 (ET)
Table 'Mebsuta V' 9-max Seat #2 is the button
Seat 1: tropi2705 ($13.05 in chips) 
Seat 2: baldesar ($17.05 in chips) 
Seat 3: C Leitz ($19.75 in chips) 
Seat 4: PAPPY_COY ($15 in chips) 
Seat 5: silver2871 ($24.95 in chips) 
Seat 6: cardcooker66 ($11.05 in chips) 
Seat 7: yjqian23 ($31.30 in chips) 
Seat 8: Alameda22 ($20.45 in chips) 
Seat 9: snjdon ($24.45 in chips) 
C Leitz: posts small blind $0.10
PAPPY_COY: posts big blind $0.25
*** HOLE CARDS ***
Dealt to Alameda22 [Jh 3h]
silver2871 has timed out
silver2871: folds 
silver2871 is sitting out
cardcooker66: folds 
yjqian23: calls $0.25
Alameda22: folds 
snjdon: calls $0.25
tropi2705: folds 
baldesar: folds 
C Leitz: raises $0.75 to $1
PAPPY_COY: folds 
yjqian23: folds 
snjdon: folds 
Uncalled bet ($0.75) returned to C Leitz
C Leitz collected $1 from pot
C Leitz: doesn't show hand 
*** SUMMARY ***
Total pot $1 | Rake $0 
Seat 1: tropi2705 folded before Flop (didn't bet)
Seat 2: baldesar (button) folded before Flop (didn't bet)
Seat 3: C Leitz (small blind) collected ($1)
Seat 4: PAPPY_COY (big blind) folded before Flop
Seat 5: silver2871 folded before Flop (didn't bet)
Seat 6: cardcooker66 folded before Flop (didn't bet)
Seat 7: yjqian23 folded before Flop
Seat 8: Alameda22 folded before Flop (didn't bet)
Seat 9: snjdon folded before Flop



PokerStars Game #19838930095:  Hold'em No Limit ($0.10/$0.25) - 2008/08/23 - 14:43:05 (ET)
Table 'Mebsuta V' 9-max Seat #3 is the button
Seat 1: tropi2705 ($13.05 in chips) 
Seat 2: baldesar ($17.05 in chips) 
Seat 3: C Leitz ($20.50 in chips) 
Seat 4: PAPPY_COY ($14.75 in chips) 
Seat 6: cardcooker66 ($11.05 in chips) 
Seat 7: yjqian23 ($31.05 in chips) 
Seat 8: Alameda22 ($20.45 in chips) 
Seat 9: snjdon ($24.20 in chips) 
PAPPY_COY: posts small blind $0.10
cardcooker66: posts big blind $0.25
*** HOLE CARDS ***
Dealt to Alameda22 [7s 8h]
yjqian23: raises $0.25 to $0.50
Alameda22: folds 
snjdon: folds 
tropi2705: folds 
tropi2705 leaves the table
baldesar: folds 
C Leitz: folds 
silver2871 has returned
PAPPY_COY: calls $0.40
cardcooker66: folds 
*** FLOP *** [4s 2s Jd]
PAPPY_COY: checks 
yjqian23: bets $1
PAPPY_COY: calls $1
*** TURN *** [4s 2s Jd] [5c]
PAPPY_COY: checks 
yjqian23: bets $2
PAPPY_COY: raises $11.25 to $13.25 and is all-in
yjqian23: calls $11.25
*** RIVER *** [4s 2s Jd 5c] [5d]
*** SHOW DOWN ***
PAPPY_COY: shows [Ad Ac] (two pair, Aces and Fives)
yjqian23: mucks hand 
PAPPY_COY collected $28.30 from pot
*** SUMMARY ***
Total pot $29.75 | Rake $1.45 
Board [4s 2s Jd 5c 5d]
Seat 1: tropi2705 folded before Flop (didn't bet)
Seat 2: baldesar folded before Flop (didn't bet)
Seat 3: C Leitz (button) folded before Flop (didn't bet)
Seat 4: PAPPY_COY (small blind) showed [Ad Ac] and won ($28.30) with two pair, Aces and Fives
Seat 6: cardcooker66 (big blind) folded before Flop
Seat 7: yjqian23 mucked [Qh Qc]
Seat 8: Alameda22 folded before Flop (didn't bet)
Seat 9: snjdon folded before Flop (didn't bet)



PokerStars Game #19838963430:  Hold'em No Limit ($0.10/$0.25) - 2008/08/23 - 14:44:31 (ET)
Table 'Mebsuta V' 9-max Seat #4 is the button
Seat 2: baldesar ($17.05 in chips) 
Seat 3: C Leitz ($20.50 in chips) 
Seat 4: PAPPY_COY ($28.30 in chips) 
Seat 6: cardcooker66 ($10.80 in chips) 
Seat 7: yjqian23 ($16.30 in chips) 
Seat 8: Alameda22 ($20.45 in chips) 
Seat 9: snjdon ($24.20 in chips) 
silver2871 will be allowed to play after the button
cardcooker66: posts small blind $0.10
yjqian23: posts big blind $0.25
*** HOLE CARDS ***
Dealt to Alameda22 [2h 4c]
Alameda22: folds 
snjdon: folds 
baldesar: folds 
C Leitz: folds 
PAPPY_COY: folds 
cardcooker66: folds 
Uncalled bet ($0.15) returned to yjqian23
yjqian23 collected $0.20 from pot
yjqian23: doesn't show hand 
*** SUMMARY ***
Total pot $0.20 | Rake $0 
Seat 2: baldesar folded before Flop (didn't bet)
Seat 3: C Leitz folded before Flop (didn't bet)
Seat 4: PAPPY_COY (button) folded before Flop (didn't bet)
Seat 6: cardcooker66 (small blind) folded before Flop
Seat 7: yjqian23 (big blind) collected ($0.20)
Seat 8: Alameda22 folded before Flop (didn't bet)
Seat 9: snjdon folded before Flop (didn't bet)



PokerStars Game #19838973028:  Hold'em No Limit ($0.10/$0.25) - 2008/08/23 - 14:44:56 (ET)
Table 'Mebsuta V' 9-max Seat #6 is the button
Seat 2: baldesar ($17.05 in chips) 
Seat 3: C Leitz ($20.50 in chips) 
Seat 4: PAPPY_COY ($28.30 in chips) 
Seat 5: silver2871 ($24.95 in chips) 
Seat 6: cardcooker66 ($10.70 in chips) 
Seat 7: yjqian23 ($16.40 in chips) 
Seat 8: Alameda22 ($20.45 in chips) 
Seat 9: snjdon ($24.20 in chips) 
yjqian23: posts small blind $0.10
Alameda22: posts big blind $0.25
silver2871: posts small & big blinds $0.35
*** HOLE CARDS ***
Dealt to Alameda22 [Qd 2h]
snjdon: folds 
baldesar: folds 
C Leitz: folds 
PAPPY_COY: folds 
silver2871: checks 
cardcooker66: calls $0.25
yjqian23: folds 
ipnmmn joins the table at seat #1 
Alameda22: checks 
*** FLOP *** [As 5h 8c]
Alameda22: checks 
silver2871: checks 
cardcooker66: checks 
*** TURN *** [As 5h 8c] [4d]
Alameda22: checks 
silver2871: checks 
cardcooker66: bets $0.75
Alameda22: folds 
silver2871: folds 
Uncalled bet ($0.75) returned to cardcooker66
cardcooker66 collected $0.95 from pot
*** SUMMARY ***
Total pot $0.95 | Rake $0 
Board [As 5h 8c 4d]
Seat 2: baldesar folded before Flop (didn't bet)
Seat 3: C Leitz folded before Flop (didn't bet)
Seat 4: PAPPY_COY folded before Flop (didn't bet)
Seat 5: silver2871 folded on the Turn
Seat 6: cardcooker66 (button) collected ($0.95)
Seat 7: yjqian23 (small blind) folded before Flop
Seat 8: Alameda22 (big blind) folded on the Turn
Seat 9: snjdon folded before Flop (didn't bet)



PokerStars Game #19839006019:  Hold'em No Limit ($0.10/$0.25) - 2008/08/23 - 14:46:22 (ET)
Table 'Mebsuta V' 9-max Seat #7 is the button
Seat 2: baldesar ($17.05 in chips) 
Seat 3: C Leitz ($20.50 in chips) 
Seat 4: PAPPY_COY ($28.30 in chips) 
Seat 5: silver2871 ($24.60 in chips) 
Seat 6: cardcooker66 ($11.40 in chips) 
Seat 7: yjqian23 ($16.30 in chips) 
Seat 8: Alameda22 ($20.20 in chips) 
Seat 9: snjdon ($24.20 in chips) 
Alameda22: posts small blind $0.10
snjdon: posts big blind $0.25
ipnmmn: sits out 
*** HOLE CARDS ***
Dealt to Alameda22 [Ah 6s]
baldesar: folds 
baldesar leaves the table
C Leitz: raises $0.50 to $0.75
PAPPY_COY: calls $0.75
silver2871: folds 
cardcooker66: folds 
cardcooker66 leaves the table
yjqian23: folds 
Alameda22: folds 
snjdon: folds 
*** FLOP *** [Ac 2d 9d]
C Leitz: bets $0.75
Mr.Gusak joins the table at seat #6 
PAPPY_COY: calls $0.75
*** TURN *** [Ac 2d 9d] [2h]
C Leitz: bets $0.50
PAPPY_COY: calls $0.50
*** RIVER *** [Ac 2d 9d 2h] [4c]
C Leitz: bets $0.50
PAPPY_COY: calls $0.50
*** SHOW DOWN ***
C Leitz: shows [Js Jc] (two pair, Jacks and Deuces)
PAPPY_COY: shows [Kd Kh] (two pair, Kings and Deuces)
PAPPY_COY collected $5.10 from pot
*** SUMMARY ***
Total pot $5.35 | Rake $0.25 
Board [Ac 2d 9d 2h 4c]
Seat 2: baldesar folded before Flop (didn't bet)
Seat 3: C Leitz showed [Js Jc] and lost with two pair, Jacks and Deuces
Seat 4: PAPPY_COY showed [Kd Kh] and won ($5.10) with two pair, Kings and Deuces
Seat 5: silver2871 folded before Flop (didn't bet)
Seat 6: cardcooker66 folded before Flop (didn't bet)
Seat 7: yjqian23 (button) folded before Flop (didn't bet)
Seat 8: Alameda22 (small blind) folded before Flop
Seat 9: snjdon (big blind) folded before Flop



PokerStars Game #19839031174:  Hold'em No Limit ($0.10/$0.25) - 2008/08/23 - 14:47:23 (ET)
Table 'Mebsuta V' 9-max Seat #8 is the button
Seat 1: ipnmmn ($25 in chips) 
Seat 3: C Leitz ($18 in chips) 
Seat 4: PAPPY_COY ($30.90 in chips) 
Seat 5: silver2871 ($24.60 in chips) 
Seat 6: Mr.Gusak ($12 in chips) 
Seat 7: yjqian23 ($16.30 in chips) 
Seat 8: Alameda22 ($20.10 in chips) 
Seat 9: snjdon ($23.95 in chips) 
snjdon: posts small blind $0.10
ipnmmn: posts big blind $0.25
Mr.Gusak: posts big blind $0.25
*** HOLE CARDS ***
Dealt to Alameda22 [6d Jc]
C Leitz: folds 
PAPPY_COY: folds 
silver2871: folds 
Mr.Gusak: checks 
yjqian23: folds 
Alameda22: folds 
snjdon: folds 
ipnmmn: checks 
*** FLOP *** [Qd 2d 6c]
ipnmmn: bets $0.50
11pokeras11 joins the table at seat #2 
Mr.Gusak: folds 
Uncalled bet ($0.50) returned to ipnmmn
ipnmmn collected $0.60 from pot
*** SUMMARY ***
Total pot $0.60 | Rake $0 
Board [Qd 2d 6c]
Seat 1: ipnmmn (big blind) collected ($0.60)
Seat 3: C Leitz folded before Flop (didn't bet)
Seat 4: PAPPY_COY folded before Flop (didn't bet)
Seat 5: silver2871 folded before Flop (didn't bet)
Seat 6: Mr.Gusak folded on the Flop
Seat 7: yjqian23 folded before Flop (didn't bet)
Seat 8: Alameda22 (button) folded before Flop (didn't bet)
Seat 9: snjdon (small blind) folded before Flop



PokerStars Game #19839050786:  Hold'em No Limit ($0.10/$0.25) - 2008/08/23 - 14:48:11 (ET)
Table 'Mebsuta V' 9-max Seat #9 is the button
Seat 1: ipnmmn ($25.35 in chips) 
Seat 2: 11pokeras11 ($25 in chips) 
Seat 3: C Leitz ($18 in chips) 
Seat 4: PAPPY_COY ($30.90 in chips) 
Seat 5: silver2871 ($24.60 in chips) 
Seat 6: Mr.Gusak ($11.75 in chips) 
Seat 7: yjqian23 ($16.30 in chips) 
Seat 8: Alameda22 ($20.10 in chips) 
Seat 9: snjdon ($23.85 in chips) 
ipnmmn: posts small blind $0.10
11pokeras11: posts big blind $0.25
*** HOLE CARDS ***
Dealt to Alameda22 [5c 9c]
C Leitz: calls $0.25
PAPPY_COY: folds 
silver2871: folds 
Mr.Gusak: folds 
yjqian23: folds 
Alameda22: folds 
snjdon: calls $0.25
ipnmmn: calls $0.15
11pokeras11: checks 
*** FLOP *** [Ac 8h 7d]
ipnmmn: checks 
11pokeras11: checks 
C Leitz: checks 
snjdon: checks 
*** TURN *** [Ac 8h 7d] [Jh]
ipnmmn: checks 
11pokeras11: bets $0.50
C Leitz: folds 
snjdon: calls $0.50
ipnmmn: folds 
*** RIVER *** [Ac 8h 7d Jh] [7c]
11pokeras11: checks 
snjdon: bets $0.75
11pokeras11: calls $0.75
*** SHOW DOWN ***
snjdon: shows [Ah 9h] (two pair, Aces and Sevens)
11pokeras11: mucks hand 
snjdon collected $3.35 from pot
*** SUMMARY ***
Total pot $3.50 | Rake $0.15 
Board [Ac 8h 7d Jh 7c]
Seat 1: ipnmmn (small blind) folded on the Turn
Seat 2: 11pokeras11 (big blind) mucked [5h Jc]
Seat 3: C Leitz folded on the Turn
Seat 4: PAPPY_COY folded before Flop (didn't bet)
Seat 5: silver2871 folded before Flop (didn't bet)
Seat 6: Mr.Gusak folded before Flop (didn't bet)
Seat 7: yjqian23 folded before Flop (didn't bet)
Seat 8: Alameda22 folded before Flop (didn't bet)
Seat 9: snjdon (button) showed [Ah 9h] and won ($3.35) with two pair, Aces and Sevens



PokerStars Game #19839088056:  Hold'em No Limit ($0.10/$0.25) - 2008/08/23 - 14:49:44 (ET)
Table 'Mebsuta V' 9-max Seat #1 is the button
Seat 1: ipnmmn ($25.10 in chips) 
Seat 2: 11pokeras11 ($23.50 in chips) 
Seat 3: C Leitz ($17.75 in chips) 
Seat 4: PAPPY_COY ($30.90 in chips) 
Seat 5: silver2871 ($24.60 in chips) 
Seat 6: Mr.Gusak ($11.75 in chips) 
Seat 7: yjqian23 ($25 in chips) 
Seat 8: Alameda22 ($20.10 in chips) 
Seat 9: snjdon ($25.70 in chips) 
11pokeras11: posts small blind $0.10
C Leitz: posts big blind $0.25
*** HOLE CARDS ***
Dealt to Alameda22 [8s Qd]
PAPPY_COY: folds 
silver2871: folds 
Mr.Gusak: calls $0.25
yjqian23: folds 
Alameda22: folds 
snjdon: folds 
ipnmmn: calls $0.25
11pokeras11: folds 
C Leitz: checks 
*** FLOP *** [Kc Js 6d]
C Leitz: checks 
Mr.Gusak: checks 
ipnmmn: checks 
*** TURN *** [Kc Js 6d] [5d]
C Leitz: checks 
Mr.Gusak: bets $0.50
ipnmmn: calls $0.50
C Leitz: folds 
*** RIVER *** [Kc Js 6d 5d] [Tc]
Mr.Gusak: bets $1
ipnmmn: folds 
Uncalled bet ($1) returned to Mr.Gusak
Mr.Gusak collected $1.80 from pot
*** SUMMARY ***
Total pot $1.85 | Rake $0.05 
Board [Kc Js 6d 5d Tc]
Seat 1: ipnmmn (button) folded on the River
Seat 2: 11pokeras11 (small blind) folded before Flop
Seat 3: C Leitz (big blind) folded on the Turn
Seat 4: PAPPY_COY folded before Flop (didn't bet)
Seat 5: silver2871 folded before Flop (didn't bet)
Seat 6: Mr.Gusak collected ($1.80)
Seat 7: yjqian23 folded before Flop (didn't bet)
Seat 8: Alameda22 folded before Flop (didn't bet)
Seat 9: snjdon folded before Flop (didn't bet)



PokerStars Game #19839118408:  Hold'em No Limit ($0.10/$0.25) - 2008/08/23 - 14:51:00 (ET)
Table 'Mebsuta V' 9-max Seat #2 is the button
Seat 1: ipnmmn ($24.35 in chips) 
Seat 2: 11pokeras11 ($23.40 in chips) 
Seat 3: C Leitz ($17.50 in chips) 
Seat 4: PAPPY_COY ($30.90 in chips) 
Seat 5: silver2871 ($24.60 in chips) 
Seat 6: Mr.Gusak ($12.80 in chips) 
Seat 7: yjqian23 ($25 in chips) 
Seat 8: Alameda22 ($20.10 in chips) 
Seat 9: snjdon ($25.70 in chips) 
C Leitz: posts small blind $0.10
PAPPY_COY: posts big blind $0.25
*** HOLE CARDS ***
Dealt to Alameda22 [Ks 3s]
silver2871: folds 
Mr.Gusak: folds 
yjqian23: folds 
Alameda22: folds 
snjdon: calls $0.25
ipnmmn: calls $0.25
11pokeras11: folds 
C Leitz: folds 
PAPPY_COY: checks 
*** FLOP *** [Ac 9c Kh]
PAPPY_COY: checks 
snjdon: bets $0.25
ipnmmn: calls $0.25
PAPPY_COY: calls $0.25
*** TURN *** [Ac 9c Kh] [9h]
PAPPY_COY: checks 
snjdon: bets $0.50
ipnmmn: folds 
PAPPY_COY: calls $0.50
*** RIVER *** [Ac 9c Kh 9h] [5d]
PAPPY_COY: checks 
snjdon: checks 
*** SHOW DOWN ***
PAPPY_COY: shows [6c Jc] (a pair of Nines)
snjdon: shows [Kc Qc] (two pair, Kings and Nines)
snjdon collected $2.50 from pot
*** SUMMARY ***
Total pot $2.60 | Rake $0.10 
Board [Ac 9c Kh 9h 5d]
Seat 1: ipnmmn folded on the Turn
Seat 2: 11pokeras11 (button) folded before Flop (didn't bet)
Seat 3: C Leitz (small blind) folded before Flop
Seat 4: PAPPY_COY (big blind) showed [6c Jc] and lost with a pair of Nines
Seat 5: silver2871 folded before Flop (didn't bet)
Seat 6: Mr.Gusak folded before Flop (didn't bet)
Seat 7: yjqian23 folded before Flop (didn't bet)
Seat 8: Alameda22 folded before Flop (didn't bet)
Seat 9: snjdon showed [Kc Qc] and won ($2.50) with two pair, Kings and Nines



PokerStars Game #19839148957:  Hold'em No Limit ($0.10/$0.25) - 2008/08/23 - 14:52:17 (ET)
Table 'Mebsuta V' 9-max Seat #3 is the button
Seat 1: ipnmmn ($23.85 in chips) 
Seat 2: 11pokeras11 ($23.40 in chips) 
Seat 3: C Leitz ($17.40 in chips) 
Seat 4: PAPPY_COY ($29.90 in chips) 
Seat 5: silver2871 ($24.60 in chips) 
Seat 6: Mr.Gusak ($12.80 in chips) 
Seat 7: yjqian23 ($25 in chips) 
Seat 8: Alameda22 ($20.10 in chips) 
Seat 9: snjdon ($27.20 in chips) 
PAPPY_COY: posts small blind $0.10
silver2871: posts big blind $0.25
*** HOLE CARDS ***
Dealt to Alameda22 [7h Ac]
Mr.Gusak is disconnected 
Mr.Gusak is connected 
Mr.Gusak: folds 
yjqian23: folds 
Alameda22: folds 
snjdon: folds 
ipnmmn: raises $0.75 to $1
11pokeras11: folds 
C Leitz: calls $1
PAPPY_COY: folds 
silver2871: folds 
*** FLOP *** [Td 4d 5h]
ipnmmn: bets $2.25
C Leitz: folds 
Uncalled bet ($2.25) returned to ipnmmn
ipnmmn collected $2.25 from pot
ipnmmn: doesn't show hand 
*** SUMMARY ***
Total pot $2.35 | Rake $0.10 
Board [Td 4d 5h]
Seat 1: ipnmmn collected ($2.25)
Seat 2: 11pokeras11 folded before Flop (didn't bet)
Seat 3: C Leitz (button) folded on the Flop
Seat 4: PAPPY_COY (small blind) folded before Flop
Seat 5: silver2871 (big blind) folded before Flop
Seat 6: Mr.Gusak folded before Flop (didn't bet)
Seat 7: yjqian23 folded before Flop (didn't bet)
Seat 8: Alameda22 folded before Flop (didn't bet)
Seat 9: snjdon folded before Flop (didn't bet)



PokerStars Game #19839183852:  Hold'em No Limit ($0.10/$0.25) - 2008/08/23 - 14:53:44 (ET)
Table 'Mebsuta V' 9-max Seat #4 is the button
Seat 1: ipnmmn ($25.10 in chips) 
Seat 2: 11pokeras11 ($23.40 in chips) 
Seat 3: C Leitz ($16.40 in chips) 
Seat 4: PAPPY_COY ($29.80 in chips) 
Seat 5: silver2871 ($24.35 in chips) 
Seat 6: Mr.Gusak ($12.80 in chips) 
Seat 7: yjqian23 ($25 in chips) 
Seat 8: Alameda22 ($20.10 in chips) 
Seat 9: snjdon ($27.20 in chips) 
silver2871: posts small blind $0.10
Mr.Gusak: posts big blind $0.25
*** HOLE CARDS ***
Dealt to Alameda22 [4h Qh]
yjqian23: folds 
Alameda22: folds 
snjdon: folds 
snjdon leaves the table
ipnmmn: raises $0.50 to $0.75
11pokeras11: folds 
C Leitz: calls $0.75
PAPPY_COY: folds 
silver2871: folds 
Mr.Gusak: calls $0.50
*** FLOP *** [As 6s Ts]
Mr.Gusak: checks 
ipnmmn: bets $1
C Leitz: folds 
Mr.Gusak: calls $1
*** TURN *** [As 6s Ts] [7h]
Mr.Gusak: checks 
ipnmmn: bets $3
Hagen75 joins the table at seat #9 
Mr.Gusak: folds 
Uncalled bet ($3) returned to ipnmmn
ipnmmn collected $4.15 from pot
ipnmmn: doesn't show hand 
*** SUMMARY ***
Total pot $4.35 | Rake $0.20 
Board [As 6s Ts 7h]
Seat 1: ipnmmn collected ($4.15)
Seat 2: 11pokeras11 folded before Flop (didn't bet)
Seat 3: C Leitz folded on the Flop
Seat 4: PAPPY_COY (button) folded before Flop (didn't bet)
Seat 5: silver2871 (small blind) folded before Flop
Seat 6: Mr.Gusak (big blind) folded on the Turn
Seat 7: yjqian23 folded before Flop (didn't bet)
Seat 8: Alameda22 folded before Flop (didn't bet)
Seat 9: snjdon folded before Flop (didn't bet)



PokerStars Game #19839214818:  Hold'em No Limit ($0.10/$0.25) - 2008/08/23 - 14:55:02 (ET)
Table 'Mebsuta V' 9-max Seat #5 is the button
Seat 1: ipnmmn ($27.50 in chips) 
Seat 2: 11pokeras11 ($23.40 in chips) 
Seat 3: C Leitz ($15.65 in chips) 
Seat 4: PAPPY_COY ($29.80 in chips) 
Seat 5: silver2871 ($24.25 in chips) 
Seat 6: Mr.Gusak ($11.05 in chips) 
Seat 7: yjqian23 ($25 in chips) 
Seat 8: Alameda22 ($20.10 in chips) 
Mr.Gusak: posts small blind $0.10
yjqian23: posts big blind $0.25
Hagen75: sits out 
*** HOLE CARDS ***
Dealt to Alameda22 [Ad 6c]
Alameda22: folds 
ipnmmn: raises $0.50 to $0.75
11pokeras11: folds 
C Leitz: folds 
PAPPY_COY: folds 
silver2871: calls $0.75
Mr.Gusak: raises $0.75 to $1.50
yjqian23: folds 
ipnmmn: calls $0.75
silver2871: calls $0.75
*** FLOP *** [Qc 8d 2c]
Mr.Gusak: bets $9.55 and is all-in
ipnmmn: calls $9.55
silver2871: calls $9.55
*** TURN *** [Qc 8d 2c] [Tc]
ipnmmn: checks 
silver2871: bets $12.50
ipnmmn: folds 
Uncalled bet ($12.50) returned to silver2871
*** RIVER *** [Qc 8d 2c Tc] [3h]
*** SHOW DOWN ***
Mr.Gusak: shows [Ac Ah] (a pair of Aces)
silver2871: shows [2d 2h] (three of a kind, Deuces)
silver2871 collected $31.75 from pot
*** SUMMARY ***
Total pot $33.40 | Rake $1.65 
Board [Qc 8d 2c Tc 3h]
Seat 1: ipnmmn folded on the Turn
Seat 2: 11pokeras11 folded before Flop (didn't bet)
Seat 3: C Leitz folded before Flop (didn't bet)
Seat 4: PAPPY_COY folded before Flop (didn't bet)
Seat 5: silver2871 (button) showed [2d 2h] and won ($31.75) with three of a kind, Deuces
Seat 6: Mr.Gusak (small blind) showed [Ac Ah] and lost with a pair of Aces
Seat 7: yjqian23 (big blind) folded before Flop
Seat 8: Alameda22 folded before Flop (didn't bet)



PokerStars Game #19839256767:  Hold'em No Limit ($0.10/$0.25) - 2008/08/23 - 14:56:48 (ET)
Table 'Mebsuta V' 9-max Seat #7 is the button
Seat 1: ipnmmn ($16.45 in chips) 
Seat 2: 11pokeras11 ($23.40 in chips) 
Seat 3: C Leitz ($15.65 in chips) 
Seat 4: PAPPY_COY ($29.80 in chips) 
Seat 5: silver2871 ($44.95 in chips) 
Seat 7: yjqian23 ($24.75 in chips) 
Seat 8: Alameda22 ($20.10 in chips) 
Seat 9: Hagen75 ($12.85 in chips) 
Alameda22: posts small blind $0.10
Hagen75: posts big blind $0.25
*** HOLE CARDS ***
Dealt to Alameda22 [2s 9h]
Mr.Gusak leaves the table
ipnmmn: folds 
11pokeras11: folds 
C Leitz: folds 
PAPPY_COY: folds 
silver2871: folds 
yjqian23: raises $0.25 to $0.50
Alameda22: folds 
Hagen75: calls $0.25
*** FLOP *** [6s 6h 5c]
Hagen75: checks 
yjqian23: bets $0.50
Hagen75: calls $0.50
*** TURN *** [6s 6h 5c] [8h]
Hagen75: checks 
yjqian23: checks 
*** RIVER *** [6s 6h 5c 8h] [5d]
Hagen75: bets $1
Tuwei168 joins the table at seat #6 
yjqian23: folds 
Uncalled bet ($1) returned to Hagen75
Hagen75 collected $2 from pot
*** SUMMARY ***
Total pot $2.10 | Rake $0.10 
Board [6s 6h 5c 8h 5d]
Seat 1: ipnmmn folded before Flop (didn't bet)
Seat 2: 11pokeras11 folded before Flop (didn't bet)
Seat 3: C Leitz folded before Flop (didn't bet)
Seat 4: PAPPY_COY folded before Flop (didn't bet)
Seat 5: silver2871 folded before Flop (didn't bet)
Seat 7: yjqian23 (button) folded on the River
Seat 8: Alameda22 (small blind) folded before Flop
Seat 9: Hagen75 (big blind) collected ($2)



PokerStars Game #19839286909:  Hold'em No Limit ($0.10/$0.25) - 2008/08/23 - 14:58:05 (ET)
Table 'Mebsuta V' 9-max Seat #8 is the button
Seat 1: ipnmmn ($16.45 in chips) 
Seat 2: 11pokeras11 ($23.40 in chips) 
Seat 3: C Leitz ($15.65 in chips) 
Seat 4: PAPPY_COY ($29.80 in chips) 
Seat 5: silver2871 ($44.95 in chips) 
Seat 7: yjqian23 ($23.75 in chips) 
Seat 8: Alameda22 ($20 in chips) 
Seat 9: Hagen75 ($13.85 in chips) 
Hagen75: posts small blind $0.10
ipnmmn: posts big blind $0.25
Tuwei168: sits out 
*** HOLE CARDS ***
Dealt to Alameda22 [7h 6s]
11pokeras11: folds 
C Leitz: folds 
PAPPY_COY: folds 
silver2871: calls $0.25
yjqian23: folds 
Alameda22: folds 
Hagen75: calls $0.15
ipnmmn: checks 
*** FLOP *** [9c 7s 4c]
Hagen75: checks 
ipnmmn: bets $0.25
silver2871: folds 
Hagen75: folds 
Uncalled bet ($0.25) returned to ipnmmn
ipnmmn collected $0.75 from pot
ipnmmn: doesn't show hand 
*** SUMMARY ***
Total pot $0.75 | Rake $0 
Board [9c 7s 4c]
Seat 1: ipnmmn (big blind) collected ($0.75)
Seat 2: 11pokeras11 folded before Flop (didn't bet)
Seat 3: C Leitz folded before Flop (didn't bet)
Seat 4: PAPPY_COY folded before Flop (didn't bet)
Seat 5: silver2871 folded on the Flop
Seat 7: yjqian23 folded before Flop (didn't bet)
Seat 8: Alameda22 (button) folded before Flop (didn't bet)
Seat 9: Hagen75 (small blind) folded on the Flop



PokerStars Game #19839308770:  Hold'em No Limit ($0.10/$0.25) - 2008/08/23 - 14:59:00 (ET)
Table 'Mebsuta V' 9-max Seat #9 is the button
Seat 1: ipnmmn ($16.95 in chips) 
Seat 2: 11pokeras11 ($23.40 in chips) 
Seat 3: C Leitz ($15.65 in chips) 
Seat 4: PAPPY_COY ($29.80 in chips) 
Seat 5: silver2871 ($44.70 in chips) 
Seat 7: yjqian23 ($23.75 in chips) 
Seat 8: Alameda22 ($20 in chips) 
Seat 9: Hagen75 ($13.60 in chips) 
ipnmmn: posts small blind $0.10
11pokeras11: posts big blind $0.25
Tuwei168: sits out 
*** HOLE CARDS ***
Dealt to Alameda22 [Jd 7s]
C Leitz: folds 
PAPPY_COY: folds 
silver2871: folds 
yjqian23: folds 
Alameda22: folds 
Hagen75: folds 
ipnmmn: calls $0.15
11pokeras11: checks 
*** FLOP *** [Ac Ks 3c]
ipnmmn: checks 
11pokeras11: checks 
*** TURN *** [Ac Ks 3c] [6c]
ipnmmn: bets $0.25
11pokeras11: folds 
Uncalled bet ($0.25) returned to ipnmmn
ipnmmn collected $0.50 from pot
ipnmmn: doesn't show hand 
*** SUMMARY ***
Total pot $0.50 | Rake $0 
Board [Ac Ks 3c 6c]
Seat 1: ipnmmn (small blind) collected ($0.50)
Seat 2: 11pokeras11 (big blind) folded on the Turn
Seat 3: C Leitz folded before Flop (didn't bet)
Seat 4: PAPPY_COY folded before Flop (didn't bet)
Seat 5: silver2871 folded before Flop (didn't bet)
Seat 7: yjqian23 folded before Flop (didn't bet)
Seat 8: Alameda22 folded before Flop (didn't bet)
Seat 9: Hagen75 (button) folded before Flop (didn't bet)



PokerStars Game #19839327652:  Hold'em No Limit ($0.10/$0.25) - 2008/08/23 - 14:59:49 (ET)
Table 'Mebsuta V' 9-max Seat #1 is the button
Seat 1: ipnmmn ($17.20 in chips) 
Seat 2: 11pokeras11 ($23.15 in chips) 
Seat 3: C Leitz ($15.65 in chips) 
Seat 4: PAPPY_COY ($29.80 in chips) 
Seat 5: silver2871 ($44.70 in chips) 
Seat 7: yjqian23 ($23.75 in chips) 
Seat 8: Alameda22 ($20 in chips) 
Seat 9: Hagen75 ($13.60 in chips) 
11pokeras11: posts small blind $0.10
C Leitz: posts big blind $0.25
Tuwei168: sits out 
*** HOLE CARDS ***
Dealt to Alameda22 [Qc 6s]
PAPPY_COY has timed out
PAPPY_COY: folds 
PAPPY_COY is sitting out
silver2871: raises $0.50 to $0.75
PAPPY_COY has returned
yjqian23: folds 
Alameda22: folds 
Hagen75: folds 
ipnmmn: folds 
11pokeras11: folds 
C Leitz: folds 
Uncalled bet ($0.50) returned to silver2871
silver2871 collected $0.60 from pot
*** SUMMARY ***
Total pot $0.60 | Rake $0 
Seat 1: ipnmmn (button) folded before Flop (didn't bet)
Seat 2: 11pokeras11 (small blind) folded before Flop
Seat 3: C Leitz (big blind) folded before Flop
Seat 4: PAPPY_COY folded before Flop (didn't bet)
Seat 5: silver2871 collected ($0.60)
Seat 7: yjqian23 folded before Flop (didn't bet)
Seat 8: Alameda22 folded before Flop (didn't bet)
Seat 9: Hagen75 folded before Flop (didn't bet)



PokerStars Game #19839365379:  Hold'em No Limit ($0.10/$0.25) - 2008/08/23 - 15:01:19 (ET)
Table 'Mebsuta V' 9-max Seat #2 is the button
Seat 1: ipnmmn ($17.20 in chips) 
Seat 2: 11pokeras11 ($23.05 in chips) 
Seat 3: C Leitz ($15.40 in chips) 
Seat 4: PAPPY_COY ($29.80 in chips) 
Seat 5: silver2871 ($45.05 in chips) 
Seat 7: yjqian23 ($23.75 in chips) 
Seat 8: Alameda22 ($20 in chips) 
Seat 9: Hagen75 ($13.60 in chips) 
C Leitz: posts small blind $0.10
PAPPY_COY: posts big blind $0.25
Tuwei168: sits out 
*** HOLE CARDS ***
Dealt to Alameda22 [Ac Ks]
silver2871: folds 
yjqian23: folds 
Alameda22: raises $0.50 to $0.75
Hagen75: folds 
ipnmmn: folds 
11pokeras11: folds 
C Leitz: folds 
PAPPY_COY: folds 
Uncalled bet ($0.50) returned to Alameda22
Alameda22 collected $0.60 from pot
Alameda22: doesn't show hand 
*** SUMMARY ***
Total pot $0.60 | Rake $0 
Seat 1: ipnmmn folded before Flop (didn't bet)
Seat 2: 11pokeras11 (button) folded before Flop (didn't bet)
Seat 3: C Leitz (small blind) folded before Flop
Seat 4: PAPPY_COY (big blind) folded before Flop
Seat 5: silver2871 folded before Flop (didn't bet)
Seat 7: yjqian23 folded before Flop (didn't bet)
Seat 8: Alameda22 collected ($0.60)
Seat 9: Hagen75 folded before Flop (didn't bet)



PokerStars Game #19839398992:  Hold'em No Limit ($0.10/$0.25) - 2008/08/23 - 15:02:40 (ET)
Table 'Mebsuta V' 9-max Seat #3 is the button
Seat 1: ipnmmn ($17.20 in chips) 
Seat 2: 11pokeras11 ($23.05 in chips) 
Seat 3: C Leitz ($15.30 in chips) 
Seat 4: PAPPY_COY ($29.55 in chips) 
Seat 5: silver2871 ($45.05 in chips) 
Seat 7: yjqian23 ($23.75 in chips) 
Seat 8: Alameda22 ($20.35 in chips) 
Seat 9: Hagen75 ($13.60 in chips) 
PAPPY_COY: posts small blind $0.10
silver2871: posts big blind $0.25
Tuwei168: sits out 
*** HOLE CARDS ***
Dealt to Alameda22 [Tc 8h]
yjqian23: folds 
Alameda22: folds 
Hagen75: folds 
ipnmmn: folds 
11pokeras11: calls $0.25
C Leitz: folds 
PAPPY_COY: calls $0.15
silver2871: checks 
*** FLOP *** [Ks Qh Td]
PAPPY_COY: checks 
silver2871: checks 
11pokeras11: checks 
*** TURN *** [Ks Qh Td] [Kc]
PAPPY_COY: bets $1
silver2871: folds 
11pokeras11: folds 
Uncalled bet ($1) returned to PAPPY_COY
PAPPY_COY collected $0.75 from pot
PAPPY_COY: doesn't show hand 
*** SUMMARY ***
Total pot $0.75 | Rake $0 
Board [Ks Qh Td Kc]
Seat 1: ipnmmn folded before Flop (didn't bet)
Seat 2: 11pokeras11 folded on the Turn
Seat 3: C Leitz (button) folded before Flop (didn't bet)
Seat 4: PAPPY_COY (small blind) collected ($0.75)
Seat 5: silver2871 (big blind) folded on the Turn
Seat 7: yjqian23 folded before Flop (didn't bet)
Seat 8: Alameda22 folded before Flop (didn't bet)
Seat 9: Hagen75 folded before Flop (didn't bet)



PokerStars Game #19839431395:  Hold'em No Limit ($0.10/$0.25) - 2008/08/23 - 15:03:57 (ET)
Table 'Mebsuta V' 9-max Seat #4 is the button
Seat 1: ipnmmn ($17.20 in chips) 
Seat 2: 11pokeras11 ($22.80 in chips) 
Seat 3: C Leitz ($15.30 in chips) 
Seat 4: PAPPY_COY ($30.05 in chips) 
Seat 5: silver2871 ($44.80 in chips) 
Seat 6: Tuwei168 ($25 in chips) 
Seat 7: yjqian23 ($23.75 in chips) 
Seat 8: Alameda22 ($20.35 in chips) 
Seat 9: Hagen75 ($13.60 in chips) 
silver2871: posts small blind $0.10
Tuwei168: posts big blind $0.25
*** HOLE CARDS ***
Dealt to Alameda22 [4c 4d]
yjqian23: folds 
Alameda22: folds 
Hagen75: raises $0.25 to $0.50
ipnmmn: folds 
11pokeras11: folds 
C Leitz: folds 
PAPPY_COY: calls $0.50
silver2871: calls $0.40
Tuwei168: folds 
*** FLOP *** [2h 7h 3s]
silver2871: checks 
Hagen75: bets $0.25
PAPPY_COY: calls $0.25
silver2871: calls $0.25
*** TURN *** [2h 7h 3s] [Td]
silver2871: checks 
Hagen75: bets $0.25
PAPPY_COY: folds 
silver2871: folds 
Uncalled bet ($0.25) returned to Hagen75
Hagen75 collected $2.40 from pot
*** SUMMARY ***
Total pot $2.50 | Rake $0.10 
Board [2h 7h 3s Td]
Seat 1: ipnmmn folded before Flop (didn't bet)
Seat 2: 11pokeras11 folded before Flop (didn't bet)
Seat 3: C Leitz folded before Flop (didn't bet)
Seat 4: PAPPY_COY (button) folded on the Turn
Seat 5: silver2871 (small blind) folded on the Turn
Seat 6: Tuwei168 (big blind) folded before Flop
Seat 7: yjqian23 folded before Flop (didn't bet)
Seat 8: Alameda22 folded before Flop (didn't bet)
Seat 9: Hagen75 collected ($2.40)



PokerStars Game #19839470761:  Hold'em No Limit ($0.10/$0.25) - 2008/08/23 - 15:05:32 (ET)
Table 'Mebsuta V' 9-max Seat #5 is the button
Seat 1: ipnmmn ($17.20 in chips) 
Seat 2: 11pokeras11 ($22.80 in chips) 
Seat 3: C Leitz ($15.30 in chips) 
Seat 4: PAPPY_COY ($29.30 in chips) 
Seat 5: silver2871 ($44.05 in chips) 
Seat 6: Tuwei168 ($24.75 in chips) 
Seat 8: Alameda22 ($20.35 in chips) 
Seat 9: Hagen75 ($15.25 in chips) 
Tuwei168: posts small blind $0.10
yjqian23: is sitting out 
yjqian23 leaves the table
Alameda22: posts big blind $0.25
*** HOLE CARDS ***
Dealt to Alameda22 [9d Jd]
Hagen75: raises $0.25 to $0.50
ipnmmn: folds 
11pokeras11: folds 
pumpkinchip1 joins the table at seat #7 
C Leitz: folds 
PAPPY_COY: folds 
silver2871: raises $1.50 to $2
Tuwei168: folds 
Alameda22: folds 
Hagen75: raises $5 to $7
silver2871: calls $5
*** FLOP *** [4c Th Ks]
Hagen75: checks 
silver2871: bets $8
Hagen75: raises $0.25 to $8.25 and is all-in
silver2871: calls $0.25
*** TURN *** [4c Th Ks] [Js]
*** RIVER *** [4c Th Ks Js] [Qh]
*** SHOW DOWN ***
Hagen75: shows [Kc Kh] (three of a kind, Kings)
silver2871: mucks hand 
Hagen75 collected $29.35 from pot
*** SUMMARY ***
Total pot $30.85 | Rake $1.50 
Board [4c Th Ks Js Qh]
Seat 1: ipnmmn folded before Flop (didn't bet)
Seat 2: 11pokeras11 folded before Flop (didn't bet)
Seat 3: C Leitz folded before Flop (didn't bet)
Seat 4: PAPPY_COY folded before Flop (didn't bet)
Seat 5: silver2871 (button) mucked [Qc Qs]
Seat 6: Tuwei168 (small blind) folded before Flop
Seat 8: Alameda22 (big blind) folded before Flop
Seat 9: Hagen75 showed [Kc Kh] and won ($29.35) with three of a kind, Kings



PokerStars Game #19839513310:  Hold'em No Limit ($0.10/$0.25) - 2008/08/23 - 15:07:16 (ET)
Table 'Mebsuta V' 9-max Seat #6 is the button
Seat 1: ipnmmn ($17.20 in chips) 
Seat 2: 11pokeras11 ($22.80 in chips) 
Seat 3: C Leitz ($15.30 in chips) 
Seat 4: PAPPY_COY ($29.30 in chips) 
Seat 5: silver2871 ($28.80 in chips) 
Seat 6: Tuwei168 ($24.65 in chips) 
Seat 8: Alameda22 ($20.10 in chips) 
Seat 9: Hagen75 ($29.35 in chips) 
pumpkinchip1 will be allowed to play after the button
Alameda22: posts small blind $0.10
Hagen75: posts big blind $0.25
*** HOLE CARDS ***
Dealt to Alameda22 [5h 4h]
ipnmmn: folds 
11pokeras11: folds 
C Leitz: folds 
PAPPY_COY: raises $1 to $1.25
silver2871: folds 
pumpkinchip1 said, "Grrrrrrrrrrrrrrrrrrrrrrrr"
Tuwei168: folds 
Alameda22: folds 
Hagen75: calls $1
*** FLOP *** [Jc 6d 9s]
Hagen75: bets $0.25
PAPPY_COY: calls $0.25
*** TURN *** [Jc 6d 9s] [9c]
Hagen75: bets $0.25
PAPPY_COY: calls $0.25
*** RIVER *** [Jc 6d 9s 9c] [Ah]
Hagen75: bets $0.25
PAPPY_COY: calls $0.25
*** SHOW DOWN ***
Hagen75: shows [Js Kh] (two pair, Jacks and Nines)
PAPPY_COY: shows [Ad 7d] (two pair, Aces and Nines)
PAPPY_COY collected $3.95 from pot
*** SUMMARY ***
Total pot $4.10 | Rake $0.15 
Board [Jc 6d 9s 9c Ah]
Seat 1: ipnmmn folded before Flop (didn't bet)
Seat 2: 11pokeras11 folded before Flop (didn't bet)
Seat 3: C Leitz folded before Flop (didn't bet)
Seat 4: PAPPY_COY showed [Ad 7d] and won ($3.95) with two pair, Aces and Nines
Seat 5: silver2871 folded before Flop (didn't bet)
Seat 6: Tuwei168 (button) folded before Flop (didn't bet)
Seat 8: Alameda22 (small blind) folded before Flop
Seat 9: Hagen75 (big blind) showed [Js Kh] and lost with two pair, Jacks and Nines



PokerStars Game #19839554470:  Hold'em No Limit ($0.10/$0.25) - 2008/08/23 - 15:08:56 (ET)
Table 'Mebsuta V' 9-max Seat #8 is the button
Seat 1: ipnmmn ($17.20 in chips) 
Seat 2: 11pokeras11 ($25 in chips) 
Seat 3: C Leitz ($15.30 in chips) 
Seat 4: PAPPY_COY ($31.25 in chips) 
Seat 5: silver2871 ($28.80 in chips) 
Seat 6: Tuwei168 ($24.65 in chips) 
Seat 7: pumpkinchip1 ($5 in chips) 
Seat 8: Alameda22 ($20 in chips) 
Seat 9: Hagen75 ($27.35 in chips) 
Hagen75: posts small blind $0.10
ipnmmn: posts big blind $0.25
pumpkinchip1: posts big blind $0.25
*** HOLE CARDS ***
Dealt to Alameda22 [8c 3d]
11pokeras11: folds 
C Leitz: folds 
PAPPY_COY: folds 
silver2871: folds 
Tuwei168: folds 
pumpkinchip1: raises $0.25 to $0.50
Alameda22: folds 
Hagen75: folds 
ipnmmn: raises $0.75 to $1.25
pumpkinchip1: calls $0.75
*** FLOP *** [Kc 2h Js]
ipnmmn: checks 
pumpkinchip1: bets $0.75
ipnmmn: calls $0.75
*** TURN *** [Kc 2h Js] [6h]
ipnmmn: checks 
pumpkinchip1: bets $1
ipnmmn: calls $1
*** RIVER *** [Kc 2h Js 6h] [Ah]
ipnmmn: checks 
pumpkinchip1: bets $2 and is all-in
ipnmmn: folds 
Uncalled bet ($2) returned to pumpkinchip1
pumpkinchip1 collected $5.85 from pot
pumpkinchip1: doesn't show hand 
*** SUMMARY ***
Total pot $6.10 | Rake $0.25 
Board [Kc 2h Js 6h Ah]
Seat 1: ipnmmn (big blind) folded on the River
Seat 2: 11pokeras11 folded before Flop (didn't bet)
Seat 3: C Leitz folded before Flop (didn't bet)
Seat 4: PAPPY_COY folded before Flop (didn't bet)
Seat 5: silver2871 folded before Flop (didn't bet)
Seat 6: Tuwei168 folded before Flop (didn't bet)
Seat 7: pumpkinchip1 collected ($5.85)
Seat 8: Alameda22 (button) folded before Flop (didn't bet)
Seat 9: Hagen75 (small blind) folded before Flop



PokerStars Game #19839591706:  Hold'em No Limit ($0.10/$0.25) - 2008/08/23 - 15:10:24 (ET)
Table 'Mebsuta V' 9-max Seat #9 is the button
Seat 1: ipnmmn ($14.20 in chips) 
Seat 2: 11pokeras11 ($25 in chips) 
Seat 3: C Leitz ($15.30 in chips) 
Seat 4: PAPPY_COY ($31.25 in chips) 
Seat 5: silver2871 ($28.80 in chips) 
Seat 6: Tuwei168 ($24.65 in chips) 
Seat 7: pumpkinchip1 ($7.85 in chips) 
Seat 8: Alameda22 ($20 in chips) 
Seat 9: Hagen75 ($27.25 in chips) 
ipnmmn: posts small blind $0.10
11pokeras11: posts big blind $0.25
*** HOLE CARDS ***
Dealt to Alameda22 [4d Kd]
C Leitz: folds 
PAPPY_COY: folds 
silver2871: folds 
Tuwei168: folds 
pumpkinchip1: folds 
Alameda22: folds 
Hagen75: folds 
ipnmmn: calls $0.15
11pokeras11: checks 
*** FLOP *** [9s 9c As]
ipnmmn: checks 
11pokeras11: checks 
*** TURN *** [9s 9c As] [8d]
ipnmmn: bets $0.25
11pokeras11: calls $0.25
*** RIVER *** [9s 9c As 8d] [8h]
ipnmmn: bets $1
11pokeras11: folds 
Uncalled bet ($1) returned to ipnmmn
ipnmmn collected $0.95 from pot
*** SUMMARY ***
Total pot $1 | Rake $0.05 
Board [9s 9c As 8d 8h]
Seat 1: ipnmmn (small blind) collected ($0.95)
Seat 2: 11pokeras11 (big blind) folded on the River
Seat 3: C Leitz folded before Flop (didn't bet)
Seat 4: PAPPY_COY folded before Flop (didn't bet)
Seat 5: silver2871 folded before Flop (didn't bet)
Seat 6: Tuwei168 folded before Flop (didn't bet)
Seat 7: pumpkinchip1 folded before Flop (didn't bet)
Seat 8: Alameda22 folded before Flop (didn't bet)
Seat 9: Hagen75 (button) folded before Flop (didn't bet)



PokerStars Game #19839624406:  Hold'em No Limit ($0.10/$0.25) - 2008/08/23 - 15:11:41 (ET)
Table 'Mebsuta V' 9-max Seat #1 is the button
Seat 1: ipnmmn ($14.65 in chips) 
Seat 2: 11pokeras11 ($24.50 in chips) 
Seat 3: C Leitz ($15.30 in chips) 
Seat 4: PAPPY_COY ($31.25 in chips) 
Seat 5: silver2871 ($28.80 in chips) 
Seat 6: Tuwei168 ($24.65 in chips) 
Seat 7: pumpkinchip1 ($7.85 in chips) 
Seat 8: Alameda22 ($20 in chips) 
Seat 9: Hagen75 ($27.25 in chips) 
11pokeras11: posts small blind $0.10
C Leitz: posts big blind $0.25
*** HOLE CARDS ***
Dealt to Alameda22 [9d Th]
PAPPY_COY: folds 
silver2871: calls $0.25
Tuwei168: folds 
pumpkinchip1: calls $0.25
Alameda22: folds 
Hagen75: calls $0.25
ipnmmn: folds 
11pokeras11: folds 
C Leitz: checks 
*** FLOP *** [6c Qd Tc]
C Leitz: checks 
silver2871: checks 
pumpkinchip1: bets $0.50
Hagen75: raises $0.50 to $1
C Leitz: folds 
silver2871: folds 
pumpkinchip1: calls $0.50
*** TURN *** [6c Qd Tc] [Qh]
pumpkinchip1: checks 
Hagen75: bets $1
pumpkinchip1: calls $1
*** RIVER *** [6c Qd Tc Qh] [5s]
pumpkinchip1: checks 
Hagen75: bets $1.50
pumpkinchip1: folds 
Uncalled bet ($1.50) returned to Hagen75
Hagen75 collected $4.90 from pot
Hagen75: shows [Jd Qs] (three of a kind, Queens)
*** SUMMARY ***
Total pot $5.10 | Rake $0.20 
Board [6c Qd Tc Qh 5s]
Seat 1: ipnmmn (button) folded before Flop (didn't bet)
Seat 2: 11pokeras11 (small blind) folded before Flop
Seat 3: C Leitz (big blind) folded on the Flop
Seat 4: PAPPY_COY folded before Flop (didn't bet)
Seat 5: silver2871 folded on the Flop
Seat 6: Tuwei168 folded before Flop (didn't bet)
Seat 7: pumpkinchip1 folded on the River
Seat 8: Alameda22 folded before Flop (didn't bet)
Seat 9: Hagen75 collected ($4.90)



PokerStars Game #19839676426:  Hold'em No Limit ($0.10/$0.25) - 2008/08/23 - 15:13:45 (ET)
Table 'Mebsuta V' 9-max Seat #2 is the button
Seat 1: ipnmmn ($14.65 in chips) 
Seat 2: 11pokeras11 ($24.40 in chips) 
Seat 3: C Leitz ($15.05 in chips) 
Seat 4: PAPPY_COY ($31.25 in chips) 
Seat 5: silver2871 ($28.55 in chips) 
Seat 6: Tuwei168 ($24.65 in chips) 
Seat 7: pumpkinchip1 ($5.60 in chips) 
Seat 8: Alameda22 ($20 in chips) 
Seat 9: Hagen75 ($29.90 in chips) 
C Leitz: posts small blind $0.10
PAPPY_COY: posts big blind $0.25
*** HOLE CARDS ***
Dealt to Alameda22 [Ad Qd]
silver2871: folds 
Tuwei168: folds 
pumpkinchip1: folds 
Alameda22: raises $0.50 to $0.75
Hagen75: folds 
ipnmmn: calls $0.75
11pokeras11: folds 
C Leitz: folds 
PAPPY_COY: folds 
*** FLOP *** [9d Qc 7c]
Alameda22: bets $1.25
ipnmmn: folds 
Uncalled bet ($1.25) returned to Alameda22
Alameda22 collected $1.80 from pot
Alameda22: doesn't show hand 
*** SUMMARY ***
Total pot $1.85 | Rake $0.05 
Board [9d Qc 7c]
Seat 1: ipnmmn folded on the Flop
Seat 2: 11pokeras11 (button) folded before Flop (didn't bet)
Seat 3: C Leitz (small blind) folded before Flop
Seat 4: PAPPY_COY (big blind) folded before Flop
Seat 5: silver2871 folded before Flop (didn't bet)
Seat 6: Tuwei168 folded before Flop (didn't bet)
Seat 7: pumpkinchip1 folded before Flop (didn't bet)
Seat 8: Alameda22 collected ($1.80)
Seat 9: Hagen75 folded before Flop (didn't bet)



PokerStars Game #19839701041:  Hold'em No Limit ($0.10/$0.25) - 2008/08/23 - 15:14:44 (ET)
Table 'Mebsuta V' 9-max Seat #3 is the button
Seat 1: ipnmmn ($13.90 in chips) 
Seat 2: 11pokeras11 ($24.40 in chips) 
Seat 3: C Leitz ($14.95 in chips) 
Seat 4: PAPPY_COY ($31 in chips) 
Seat 5: silver2871 ($28.55 in chips) 
Seat 6: Tuwei168 ($24.65 in chips) 
Seat 7: pumpkinchip1 ($5.60 in chips) 
Seat 8: Alameda22 ($21.05 in chips) 
Seat 9: Hagen75 ($29.90 in chips) 
PAPPY_COY: posts small blind $0.10
silver2871: posts big blind $0.25
*** HOLE CARDS ***
Dealt to Alameda22 [3h Qd]
Tuwei168: folds 
pumpkinchip1: calls $0.25
Alameda22: folds 
Hagen75: folds 
ipnmmn: folds 
11pokeras11: folds 
C Leitz: folds 
PAPPY_COY: raises $1 to $1.25
pumpkinchip1 said, "Prrrrrrrrrrrrrrrrrrrrrrrrrrrrrrrrrr"
silver2871: folds 
pumpkinchip1: folds 
Uncalled bet ($1) returned to PAPPY_COY
PAPPY_COY collected $0.75 from pot
PAPPY_COY: doesn't show hand 
*** SUMMARY ***
Total pot $0.75 | Rake $0 
Seat 1: ipnmmn folded before Flop (didn't bet)
Seat 2: 11pokeras11 folded before Flop (didn't bet)
Seat 3: C Leitz (button) folded before Flop (didn't bet)
Seat 4: PAPPY_COY (small blind) collected ($0.75)
Seat 5: silver2871 (big blind) folded before Flop
Seat 6: Tuwei168 folded before Flop (didn't bet)
Seat 7: pumpkinchip1 folded before Flop
Seat 8: Alameda22 folded before Flop (didn't bet)
Seat 9: Hagen75 folded before Flop (didn't bet)



PokerStars Game #19839737797:  Hold'em No Limit ($0.10/$0.25) - 2008/08/23 - 15:16:09 (ET)
Table 'Mebsuta V' 9-max Seat #4 is the button
Seat 1: ipnmmn ($13.90 in chips) 
Seat 2: 11pokeras11 ($24.40 in chips) 
Seat 3: C Leitz ($14.95 in chips) 
Seat 4: PAPPY_COY ($31.50 in chips) 
Seat 5: silver2871 ($28.30 in chips) 
Seat 6: Tuwei168 ($24.65 in chips) 
Seat 7: pumpkinchip1 ($5.35 in chips) 
Seat 8: Alameda22 ($21.05 in chips) 
Seat 9: Hagen75 ($29.90 in chips) 
silver2871: posts small blind $0.10
Tuwei168: posts big blind $0.25
*** HOLE CARDS ***
Dealt to Alameda22 [8h Jh]
pumpkinchip1: raises $0.25 to $0.50
Alameda22: folds 
Hagen75: folds 
ipnmmn: folds 
11pokeras11: folds 
C Leitz: calls $0.50
PAPPY_COY: folds 
silver2871: folds 
Tuwei168: calls $0.25
*** FLOP *** [5d 2s Ks]
Tuwei168: checks 
pumpkinchip1: checks 
C Leitz: bets $0.75
Tuwei168: folds 
pumpkinchip1: folds 
Uncalled bet ($0.75) returned to C Leitz
C Leitz collected $1.55 from pot
pumpkinchip1 said, "tyvm"
C Leitz: doesn't show hand 
*** SUMMARY ***
Total pot $1.60 | Rake $0.05 
Board [5d 2s Ks]
Seat 1: ipnmmn folded before Flop (didn't bet)
Seat 2: 11pokeras11 folded before Flop (didn't bet)
Seat 3: C Leitz collected ($1.55)
Seat 4: PAPPY_COY (button) folded before Flop (didn't bet)
Seat 5: silver2871 (small blind) folded before Flop
Seat 6: Tuwei168 (big blind) folded on the Flop
Seat 7: pumpkinchip1 folded on the Flop
Seat 8: Alameda22 folded before Flop (didn't bet)
Seat 9: Hagen75 folded before Flop (didn't bet)



PokerStars Game #19839760974:  Hold'em No Limit ($0.10/$0.25) - 2008/08/23 - 15:17:04 (ET)
Table 'Mebsuta V' 9-max Seat #5 is the button
Seat 1: ipnmmn ($13.90 in chips) 
Seat 2: 11pokeras11 ($24.40 in chips) 
Seat 3: C Leitz ($16 in chips) 
Seat 4: PAPPY_COY ($31.50 in chips) 
Seat 5: silver2871 ($28.20 in chips) 
Seat 6: Tuwei168 ($24.15 in chips) 
Seat 7: pumpkinchip1 ($4.85 in chips) 
Seat 8: Alameda22 ($21.05 in chips) 
Seat 9: Hagen75 ($29.90 in chips) 
Tuwei168: posts small blind $0.10
pumpkinchip1: posts big blind $0.25
*** HOLE CARDS ***
Dealt to Alameda22 [5s 4c]
Alameda22: folds 
Hagen75: raises $0.25 to $0.50
ipnmmn: folds 
11pokeras11: folds 
C Leitz: folds 
PAPPY_COY: folds 
silver2871: calls $0.50
Tuwei168: folds 
pumpkinchip1: calls $0.25
*** FLOP *** [Qs Ad Qd]
pumpkinchip1: bets $1.35
Hagen75: calls $1.35
silver2871: folds 
*** TURN *** [Qs Ad Qd] [8d]
pumpkinchip1: bets $3 and is all-in
Hagen75: calls $3
*** RIVER *** [Qs Ad Qd 8d] [8c]
*** SHOW DOWN ***
pumpkinchip1: shows [Ah 5d] (two pair, Aces and Queens)
Hagen75: shows [Td As] (two pair, Aces and Queens - Ten kicker)
Hagen75 collected $9.80 from pot
*** SUMMARY ***
Total pot $10.30 | Rake $0.50 
Board [Qs Ad Qd 8d 8c]
Seat 1: ipnmmn folded before Flop (didn't bet)
Seat 2: 11pokeras11 folded before Flop (didn't bet)
Seat 3: C Leitz folded before Flop (didn't bet)
Seat 4: PAPPY_COY folded before Flop (didn't bet)
Seat 5: silver2871 (button) folded on the Flop
Seat 6: Tuwei168 (small blind) folded before Flop
Seat 7: pumpkinchip1 (big blind) showed [Ah 5d] and lost with two pair, Aces and Queens
Seat 8: Alameda22 folded before Flop (didn't bet)
Seat 9: Hagen75 showed [Td As] and won ($9.80) with two pair, Aces and Queens



PokerStars Game #19839794980:  Hold'em No Limit ($0.10/$0.25) - 2008/08/23 - 15:18:24 (ET)
Table 'Mebsuta V' 9-max Seat #6 is the button
Seat 1: ipnmmn ($13.90 in chips) 
Seat 2: 11pokeras11 ($24.40 in chips) 
Seat 3: C Leitz ($16 in chips) 
Seat 4: PAPPY_COY ($31.50 in chips) 
Seat 5: silver2871 ($27.70 in chips) 
Seat 6: Tuwei168 ($24.05 in chips) 
Seat 8: Alameda22 ($21.05 in chips) 
Seat 9: Hagen75 ($34.85 in chips) 
Alameda22: posts small blind $0.10
Hagen75: posts big blind $0.25
*** HOLE CARDS ***
Dealt to Alameda22 [5s 4h]
ipnmmn: folds 
ipnmmn leaves the table
11pokeras11: folds 
C Leitz: folds 
pumpkinchip1 has returned
PAPPY_COY: folds 
silver2871: raises $0.50 to $0.75
pumpkinchip1 said, "booooooooooooooo"
Tuwei168: folds 
Alameda22: folds 
Hagen75: calls $0.50
*** FLOP *** [Js Ah 5h]
Hagen75: checks 
silver2871: bets $1
Hagen75: folds 
Uncalled bet ($1) returned to silver2871
silver2871 collected $1.55 from pot
*** SUMMARY ***
Total pot $1.60 | Rake $0.05 
Board [Js Ah 5h]
Seat 1: ipnmmn folded before Flop (didn't bet)
Seat 2: 11pokeras11 folded before Flop (didn't bet)
Seat 3: C Leitz folded before Flop (didn't bet)
Seat 4: PAPPY_COY folded before Flop (didn't bet)
Seat 5: silver2871 collected ($1.55)
Seat 6: Tuwei168 (button) folded before Flop (didn't bet)
Seat 8: Alameda22 (small blind) folded before Flop
Seat 9: Hagen75 (big blind) folded on the Flop



PokerStars Game #19839817938:  Hold'em No Limit ($0.10/$0.25) - 2008/08/23 - 15:19:19 (ET)
Table 'Mebsuta V' 9-max Seat #8 is the button
Seat 2: 11pokeras11 ($24.40 in chips) 
Seat 3: C Leitz ($16 in chips) 
Seat 4: PAPPY_COY ($31.50 in chips) 
Seat 5: silver2871 ($28.50 in chips) 
Seat 6: Tuwei168 ($24.05 in chips) 
Seat 7: pumpkinchip1 ($5 in chips) 
Seat 8: Alameda22 ($20.95 in chips) 
Seat 9: Hagen75 ($34.10 in chips) 
Hagen75: posts small blind $0.10
11pokeras11: posts big blind $0.25
Macieck joins the table at seat #1 
pumpkinchip1: posts small blind $0.10
*** HOLE CARDS ***
Dealt to Alameda22 [4d 5d]
C Leitz: folds 
PAPPY_COY: folds 
silver2871: calls $0.25
Tuwei168: folds 
pumpkinchip1: folds 
Alameda22: calls $0.25
Hagen75: calls $0.15
11pokeras11: checks 
*** FLOP *** [6s Js 7s]
Hagen75: checks 
11pokeras11: checks 
silver2871: bets $0.75
Alameda22: folds 
Hagen75: folds 
11pokeras11: calls $0.75
*** TURN *** [6s Js 7s] [Kd]
Macieck leaves the table
11pokeras11: checks 
silver2871: checks 
*** RIVER *** [6s Js 7s Kd] [3s]
11pokeras11: checks 
silver2871: checks 
*** SHOW DOWN ***
11pokeras11: shows [Jd Kc] (two pair, Kings and Jacks)
silver2871: mucks hand 
11pokeras11 collected $2.50 from pot
*** SUMMARY ***
Total pot $2.60 | Rake $0.10 
Board [6s Js 7s Kd 3s]
Seat 2: 11pokeras11 (big blind) showed [Jd Kc] and won ($2.50) with two pair, Kings and Jacks
Seat 3: C Leitz folded before Flop (didn't bet)
Seat 4: PAPPY_COY folded before Flop (didn't bet)
Seat 5: silver2871 mucked [Jh 9c]
Seat 6: Tuwei168 folded before Flop (didn't bet)
Seat 7: pumpkinchip1 folded before Flop
Seat 8: Alameda22 (button) folded on the Flop
Seat 9: Hagen75 (small blind) folded on the Flop



PokerStars Game #19839879242:  Hold'em No Limit ($0.10/$0.25) - 2008/08/23 - 15:21:44 (ET)
Table 'Mebsuta V' 9-max Seat #9 is the button
Seat 2: 11pokeras11 ($25.90 in chips) 
Seat 3: C Leitz ($16 in chips) 
Seat 4: PAPPY_COY ($31.50 in chips) 
Seat 5: silver2871 ($27.50 in chips) 
Seat 6: Tuwei168 ($24.05 in chips) 
Seat 7: pumpkinchip1 ($4.90 in chips) 
Seat 8: Alameda22 ($20.70 in chips) 
Seat 9: Hagen75 ($33.85 in chips) 
11pokeras11: posts small blind $0.10
C Leitz: posts big blind $0.25
*** HOLE CARDS ***
Dealt to Alameda22 [6d 5s]
PAPPY_COY: folds 
silver2871: calls $0.25
Tuwei168: calls $0.25
pumpkinchip1: folds 
Alameda22: folds 
Hagen75: folds 
11pokeras11: calls $0.15
C Leitz: checks 
*** FLOP *** [4c Th Kd]
11pokeras11: bets $1
C Leitz: folds 
silver2871: folds 
Esabot joins the table at seat #1 
Tuwei168: folds 
Uncalled bet ($1) returned to 11pokeras11
11pokeras11 collected $0.95 from pot
11pokeras11: doesn't show hand 
*** SUMMARY ***
Total pot $1 | Rake $0.05 
Board [4c Th Kd]
Seat 2: 11pokeras11 (small blind) collected ($0.95)
Seat 3: C Leitz (big blind) folded on the Flop
Seat 4: PAPPY_COY folded before Flop (didn't bet)
Seat 5: silver2871 folded on the Flop
Seat 6: Tuwei168 folded on the Flop
Seat 7: pumpkinchip1 folded before Flop (didn't bet)
Seat 8: Alameda22 folded before Flop (didn't bet)
Seat 9: Hagen75 (button) folded before Flop (didn't bet)



PokerStars Game #19839905103:  Hold'em No Limit ($0.10/$0.25) - 2008/08/23 - 15:22:45 (ET)
Table 'Mebsuta V' 9-max Seat #2 is the button
Seat 2: 11pokeras11 ($26.60 in chips) 
Seat 3: C Leitz ($15.75 in chips) 
Seat 4: PAPPY_COY ($31.50 in chips) 
Seat 5: silver2871 ($27.25 in chips) 
Seat 6: Tuwei168 ($23.80 in chips) 
Seat 7: pumpkinchip1 ($4.90 in chips) 
Seat 8: Alameda22 ($20.70 in chips) 
Seat 9: Hagen75 ($33.85 in chips) 
C Leitz: posts small blind $0.10
PAPPY_COY: posts big blind $0.25
Esabot: sits out 
*** HOLE CARDS ***
Dealt to Alameda22 [9h Th]
silver2871: calls $0.25
Tuwei168: folds 
pumpkinchip1: folds 
Alameda22: calls $0.25
Hagen75: folds 
11pokeras11: folds 
C Leitz: calls $0.15
PAPPY_COY: checks 
*** FLOP *** [5s Tc 3h]
C Leitz: bets $0.25
PAPPY_COY: folds 
silver2871: folds 
Alameda22: raises $0.75 to $1
C Leitz: folds 
Uncalled bet ($0.75) returned to Alameda22
Alameda22 collected $1.45 from pot
Alameda22: doesn't show hand 
*** SUMMARY ***
Total pot $1.50 | Rake $0.05 
Board [5s Tc 3h]
Seat 2: 11pokeras11 (button) folded before Flop (didn't bet)
Seat 3: C Leitz (small blind) folded on the Flop
Seat 4: PAPPY_COY (big blind) folded on the Flop
Seat 5: silver2871 folded on the Flop
Seat 6: Tuwei168 folded before Flop (didn't bet)
Seat 7: pumpkinchip1 folded before Flop (didn't bet)
Seat 8: Alameda22 collected ($1.45)
Seat 9: Hagen75 folded before Flop (didn't bet)



PokerStars Game #19839944328:  Hold'em No Limit ($0.10/$0.25) - 2008/08/23 - 15:24:17 (ET)
Table 'Mebsuta V' 9-max Seat #3 is the button
Seat 2: 11pokeras11 ($26.60 in chips) 
Seat 3: C Leitz ($15.25 in chips) 
Seat 4: PAPPY_COY ($31.25 in chips) 
Seat 5: silver2871 ($27 in chips) 
Seat 6: Tuwei168 ($23.80 in chips) 
Seat 7: pumpkinchip1 ($4.90 in chips) 
Seat 8: Alameda22 ($21.65 in chips) 
Seat 9: Hagen75 ($33.85 in chips) 
PAPPY_COY: posts small blind $0.10
silver2871: posts big blind $0.25
Esabot: sits out 
*** HOLE CARDS ***
Dealt to Alameda22 [4c 4s]
Tuwei168: folds 
pumpkinchip1: folds 
Alameda22: folds 
Hagen75: calls $0.25
11pokeras11: calls $0.25
C Leitz: raises $1 to $1.25
PAPPY_COY: folds 
silver2871: calls $1
Hagen75: calls $1
11pokeras11: calls $1
*** FLOP *** [As Kc 3c]
silver2871: checks 
Hagen75: checks 
11pokeras11: checks 
C Leitz: bets $2.25
silver2871: folds 
Hagen75: folds 
11pokeras11: folds 
Uncalled bet ($2.25) returned to C Leitz
C Leitz collected $4.85 from pot
C Leitz: doesn't show hand 
*** SUMMARY ***
Total pot $5.10 | Rake $0.25 
Board [As Kc 3c]
Seat 2: 11pokeras11 folded on the Flop
Seat 3: C Leitz (button) collected ($4.85)
Seat 4: PAPPY_COY (small blind) folded before Flop
Seat 5: silver2871 (big blind) folded on the Flop
Seat 6: Tuwei168 folded before Flop (didn't bet)
Seat 7: pumpkinchip1 folded before Flop (didn't bet)
Seat 8: Alameda22 folded before Flop (didn't bet)
Seat 9: Hagen75 folded on the Flop



PokerStars Game #19839979726:  Hold'em No Limit ($0.10/$0.25) - 2008/08/23 - 15:25:40 (ET)
Table 'Mebsuta V' 9-max Seat #4 is the button
Seat 2: 11pokeras11 ($25.35 in chips) 
Seat 3: C Leitz ($18.85 in chips) 
Seat 4: PAPPY_COY ($31.15 in chips) 
Seat 5: silver2871 ($25.75 in chips) 
Seat 6: Tuwei168 ($23.80 in chips) 
Seat 7: pumpkinchip1 ($4.90 in chips) 
Seat 8: Alameda22 ($21.65 in chips) 
Seat 9: Hagen75 ($32.60 in chips) 
silver2871: posts small blind $0.10
Tuwei168: posts big blind $0.25
Esabot: sits out 
*** HOLE CARDS ***
Dealt to Alameda22 [4h 5h]
pumpkinchip1: folds 
Alameda22: folds 
Hagen75: calls $0.25
11pokeras11: calls $0.25
C Leitz: folds 
PAPPY_COY: folds 
silver2871: calls $0.15
Tuwei168: checks 
*** FLOP *** [Qc 6d Qd]
silver2871: checks 
Tuwei168: checks 
Hagen75: checks 
11pokeras11: checks 
*** TURN *** [Qc 6d Qd] [Ac]
silver2871: bets $0.75
Tuwei168: folds 
Hagen75: calls $0.75
11pokeras11: folds 
*** RIVER *** [Qc 6d Qd Ac] [5d]
silver2871: checks 
Hagen75: bets $1
silver2871: calls $1
*** SHOW DOWN ***
Hagen75: shows [Qs 9s] (three of a kind, Queens)
silver2871: mucks hand 
Hagen75 collected $4.30 from pot
*** SUMMARY ***
Total pot $4.50 | Rake $0.20 
Board [Qc 6d Qd Ac 5d]
Seat 2: 11pokeras11 folded on the Turn
Seat 3: C Leitz folded before Flop (didn't bet)
Seat 4: PAPPY_COY (button) folded before Flop (didn't bet)
Seat 5: silver2871 (small blind) mucked [Js As]
Seat 6: Tuwei168 (big blind) folded on the Turn
Seat 7: pumpkinchip1 folded before Flop (didn't bet)
Seat 8: Alameda22 folded before Flop (didn't bet)
Seat 9: Hagen75 showed [Qs 9s] and won ($4.30) with three of a kind, Queens



PokerStars Game #19840017390:  Hold'em No Limit ($0.10/$0.25) - 2008/08/23 - 15:27:08 (ET)
Table 'Mebsuta V' 9-max Seat #5 is the button
Seat 2: 11pokeras11 ($25.10 in chips) 
Seat 3: C Leitz ($18.85 in chips) 
Seat 4: PAPPY_COY ($31.15 in chips) 
Seat 5: silver2871 ($23.75 in chips) 
Seat 6: Tuwei168 ($23.55 in chips) 
Seat 7: pumpkinchip1 ($4.90 in chips) 
Seat 8: Alameda22 ($21.65 in chips) 
Seat 9: Hagen75 ($34.90 in chips) 
Tuwei168: posts small blind $0.10
pumpkinchip1: posts big blind $0.25
Esabot: sits out 
*** HOLE CARDS ***
Dealt to Alameda22 [6c Ks]
Alameda22: folds 
Hagen75: folds 
11pokeras11: folds 
C Leitz: raises $0.50 to $0.75
PAPPY_COY: raises $0.50 to $1.25
silver2871: folds 
Tuwei168: folds 
pumpkinchip1: folds 
C Leitz: calls $0.50
*** FLOP *** [4s As 5d]
C Leitz: checks 
PAPPY_COY: bets $1
C Leitz: folds 
Uncalled bet ($1) returned to PAPPY_COY
PAPPY_COY collected $2.75 from pot
PAPPY_COY: doesn't show hand 
*** SUMMARY ***
Total pot $2.85 | Rake $0.10 
Board [4s As 5d]
Seat 2: 11pokeras11 folded before Flop (didn't bet)
Seat 3: C Leitz folded on the Flop
Seat 4: PAPPY_COY collected ($2.75)
Seat 5: silver2871 (button) folded before Flop (didn't bet)
Seat 6: Tuwei168 (small blind) folded before Flop
Seat 7: pumpkinchip1 (big blind) folded before Flop
Seat 8: Alameda22 folded before Flop (didn't bet)
Seat 9: Hagen75 folded before Flop (didn't bet)



PokerStars Game #19840043441:  Hold'em No Limit ($0.10/$0.25) - 2008/08/23 - 15:28:09 (ET)
Table 'Mebsuta V' 9-max Seat #6 is the button
Seat 2: 11pokeras11 ($25.10 in chips) 
Seat 3: C Leitz ($17.60 in chips) 
Seat 4: PAPPY_COY ($32.65 in chips) 
Seat 5: silver2871 ($23.75 in chips) 
Seat 6: Tuwei168 ($23.45 in chips) 
Seat 8: Alameda22 ($21.65 in chips) 
Seat 9: Hagen75 ($34.90 in chips) 
pumpkinchip1 has timed out
pumpkinchip1: is sitting out 
Alameda22: posts small blind $0.10
Hagen75: posts big blind $0.25
Esabot: sits out 
*** HOLE CARDS ***
Dealt to Alameda22 [8c 5c]
pumpkinchip1 has returned
11pokeras11: folds 
C Leitz: raises $0.50 to $0.75
PAPPY_COY: folds 
silver2871: folds 
Tuwei168: folds 
Alameda22: folds 
Hagen75: calls $0.50
*** FLOP *** [2h 4c 8s]
Hagen75: checks 
C Leitz: bets $1
Hagen75: calls $1
*** TURN *** [2h 4c 8s] [Tc]
Hagen75: checks 
C Leitz: bets $2
Hagen75: folds 
Uncalled bet ($2) returned to C Leitz
C Leitz collected $3.45 from pot
C Leitz: doesn't show hand 
*** SUMMARY ***
Total pot $3.60 | Rake $0.15 
Board [2h 4c 8s Tc]
Seat 2: 11pokeras11 folded before Flop (didn't bet)
Seat 3: C Leitz collected ($3.45)
Seat 4: PAPPY_COY folded before Flop (didn't bet)
Seat 5: silver2871 folded before Flop (didn't bet)
Seat 6: Tuwei168 (button) folded before Flop (didn't bet)
Seat 8: Alameda22 (small blind) folded before Flop
Seat 9: Hagen75 (big blind) folded on the Turn



