PokerStars Game #20142888960:  Hold'em No Limit ($0.10/$0.25) - 2008/09/04 14:13:57 ET
Table 'Planman' 9-max Seat #4 is the button
Seat 1: POET86 ($35.05 in chips) 
Seat 2: nrg.2F ($5 in chips) 
Seat 3: Theodor109 ($27.50 in chips) 
Seat 4: Rig Sick* ($26.25 in chips) 
Seat 5: pepebotika ($31.65 in chips) 
Seat 6: Alameda22 ($25 in chips) 
Seat 8: Supplant ($5 in chips) 
Seat 9: 3LETSBATTLE3 ($17.60 in chips) 
pepebotika: posts small blind $0.10
Alameda22: posts big blind $0.25
*** HOLE CARDS ***
Dealt to Alameda22 [Jd 5s]
Supplant: folds 
3LETSBATTLE3: folds 
POET86: folds 
nrg.2F: folds 
Theodor109: folds 
Rig Sick*: raises $0.50 to $0.75
pepebotika: folds 
Alameda22: folds 
Uncalled bet ($0.50) returned to Rig Sick*
Rig Sick* collected $0.60 from pot
*** SUMMARY ***
Total pot $0.60 | Rake $0 
Seat 1: POET86 folded before Flop (didn't bet)
Seat 2: nrg.2F folded before Flop (didn't bet)
Seat 3: Theodor109 folded before Flop (didn't bet)
Seat 4: Rig Sick* (button) collected ($0.60)
Seat 5: pepebotika (small blind) folded before Flop
Seat 6: Alameda22 (big blind) folded before Flop
Seat 8: Supplant folded before Flop (didn't bet)
Seat 9: 3LETSBATTLE3 folded before Flop (didn't bet)



PokerStars Game #20142907141:  Hold'em No Limit ($0.10/$0.25) - 2008/09/04 14:14:41 ET
Table 'Planman' 9-max Seat #5 is the button
Seat 1: POET86 ($35.05 in chips) 
Seat 2: nrg.2F ($5 in chips) 
Seat 3: Theodor109 ($27.50 in chips) 
Seat 4: Rig Sick* ($26.60 in chips) 
Seat 5: pepebotika ($31.55 in chips) 
Seat 6: Alameda22 ($24.75 in chips) 
Seat 8: Supplant ($5 in chips) 
Seat 9: 3LETSBATTLE3 ($17.60 in chips) 
Alameda22: posts small blind $0.10
Supplant: posts big blind $0.25
*** HOLE CARDS ***
Dealt to Alameda22 [3c Qc]
3LETSBATTLE3: folds 
POET86: folds 
nrg.2F: folds 
Theodor109: folds 
Rig Sick*: raises $0.50 to $0.75
pepebotika: folds 
Alameda22: folds 
Supplant: folds 
Uncalled bet ($0.50) returned to Rig Sick*
Rig Sick* collected $0.60 from pot
Rig Sick*: doesn't show hand 
*** SUMMARY ***
Total pot $0.60 | Rake $0 
Seat 1: POET86 folded before Flop (didn't bet)
Seat 2: nrg.2F folded before Flop (didn't bet)
Seat 3: Theodor109 folded before Flop (didn't bet)
Seat 4: Rig Sick* collected ($0.60)
Seat 5: pepebotika (button) folded before Flop (didn't bet)
Seat 6: Alameda22 (small blind) folded before Flop
Seat 8: Supplant (big blind) folded before Flop
Seat 9: 3LETSBATTLE3 folded before Flop (didn't bet)



PokerStars Game #20142928090:  Hold'em No Limit ($0.10/$0.25) - 2008/09/04 14:15:31 ET
Table 'Planman' 9-max Seat #6 is the button
Seat 1: POET86 ($35.05 in chips) 
Seat 2: nrg.2F ($5 in chips) 
Seat 3: Theodor109 ($27.50 in chips) 
Seat 4: Rig Sick* ($26.95 in chips) 
Seat 5: pepebotika ($31.55 in chips) 
Seat 6: Alameda22 ($24.65 in chips) 
Seat 8: Supplant ($4.75 in chips) 
Seat 9: 3LETSBATTLE3 ($17.60 in chips) 
Supplant: posts small blind $0.10
3LETSBATTLE3: posts big blind $0.25
*** HOLE CARDS ***
Dealt to Alameda22 [Qd Tc]
POET86: folds 
nrg.2F: folds 
Theodor109: folds 
MrChinote has returned
Rig Sick*: raises $0.50 to $0.75
pepebotika: calls $0.75
Alameda22: folds 
Supplant: folds 
3LETSBATTLE3: folds 
*** FLOP *** [8c 5h 8s]
Rig Sick*: bets $1
pepebotika: folds 
Uncalled bet ($1) returned to Rig Sick*
Rig Sick* collected $1.80 from pot
Rig Sick*: doesn't show hand 
*** SUMMARY ***
Total pot $1.85 | Rake $0.05 
Board [8c 5h 8s]
Seat 1: POET86 folded before Flop (didn't bet)
Seat 2: nrg.2F folded before Flop (didn't bet)
Seat 3: Theodor109 folded before Flop (didn't bet)
Seat 4: Rig Sick* collected ($1.80)
Seat 5: pepebotika folded on the Flop
Seat 6: Alameda22 (button) folded before Flop (didn't bet)
Seat 8: Supplant (small blind) folded before Flop
Seat 9: 3LETSBATTLE3 (big blind) folded before Flop



PokerStars Game #20142961540:  Hold'em No Limit ($0.10/$0.25) - 2008/09/04 14:16:51 ET
Table 'Planman' 9-max Seat #8 is the button
Seat 2: nrg.2F ($5 in chips) 
Seat 3: Theodor109 ($27.50 in chips) 
Seat 4: Rig Sick* ($28 in chips) 
Seat 5: pepebotika ($30.80 in chips) 
Seat 6: Alameda22 ($24.65 in chips) 
Seat 7: MrChinote ($7.50 in chips) 
Seat 8: Supplant ($4.65 in chips) 
Seat 9: 3LETSBATTLE3 ($17.35 in chips) 
3LETSBATTLE3: posts small blind $0.10
POET86: is sitting out 
nrg.2F: posts big blind $0.25
MrChinote: posts small & big blinds $0.35
*** HOLE CARDS ***
Dealt to Alameda22 [Kc 2h]
Theodor109: folds 
Rig Sick*: folds 
pepebotika: folds 
Alameda22: folds 
MrChinote: checks 
Supplant: folds 
3LETSBATTLE3: calls $0.15
nrg.2F: checks 
*** FLOP *** [5s 8c 6c]
3LETSBATTLE3: bets $0.75
nrg.2F: folds 
MrChinote: calls $0.75
*** TURN *** [5s 8c 6c] [4h]
3LETSBATTLE3: checks 
MrChinote: bets $1.50
3LETSBATTLE3: folds 
Uncalled bet ($1.50) returned to MrChinote
MrChinote collected $2.25 from pot
MrChinote: doesn't show hand 
*** SUMMARY ***
Total pot $2.35 | Rake $0.10 
Board [5s 8c 6c 4h]
Seat 2: nrg.2F (big blind) folded on the Flop
Seat 3: Theodor109 folded before Flop (didn't bet)
Seat 4: Rig Sick* folded before Flop (didn't bet)
Seat 5: pepebotika folded before Flop (didn't bet)
Seat 6: Alameda22 folded before Flop (didn't bet)
Seat 7: MrChinote collected ($2.25)
Seat 8: Supplant (button) folded before Flop (didn't bet)
Seat 9: 3LETSBATTLE3 (small blind) folded on the Turn



PokerStars Game #20142990292:  Hold'em No Limit ($0.10/$0.25) - 2008/09/04 14:18:00 ET
Table 'Planman' 9-max Seat #9 is the button
Seat 2: nrg.2F ($4.75 in chips) 
Seat 3: Theodor109 ($27.50 in chips) 
Seat 4: Rig Sick* ($28 in chips) 
Seat 5: pepebotika ($30.80 in chips) 
Seat 6: Alameda22 ($24.65 in chips) 
Seat 7: MrChinote ($8.65 in chips) 
Seat 8: Supplant ($4.65 in chips) 
Seat 9: 3LETSBATTLE3 ($16.35 in chips) 
nrg.2F: posts small blind $0.10
Theodor109: posts big blind $0.25
*** HOLE CARDS ***
Dealt to Alameda22 [8s Qd]
Rig Sick*: raises $0.50 to $0.75
pepebotika: folds 
Alameda22: folds 
MrChinote: calls $0.75
Supplant: folds 
3LETSBATTLE3: calls $0.75
nrg.2F: folds 
Theodor109: folds 
*** FLOP *** [Kd Jh Jd]
Rig Sick*: checks 
MrChinote: bets $1
3LETSBATTLE3: folds 
Rig Sick*: folds 
Uncalled bet ($1) returned to MrChinote
MrChinote collected $2.50 from pot
MrChinote: doesn't show hand 
*** SUMMARY ***
Total pot $2.60 | Rake $0.10 
Board [Kd Jh Jd]
Seat 2: nrg.2F (small blind) folded before Flop
Seat 3: Theodor109 (big blind) folded before Flop
Seat 4: Rig Sick* folded on the Flop
Seat 5: pepebotika folded before Flop (didn't bet)
Seat 6: Alameda22 folded before Flop (didn't bet)
Seat 7: MrChinote collected ($2.50)
Seat 8: Supplant folded before Flop (didn't bet)
Seat 9: 3LETSBATTLE3 (button) folded on the Flop



PokerStars Game #20143016777:  Hold'em No Limit ($0.10/$0.25) - 2008/09/04 14:19:04 ET
Table 'Planman' 9-max Seat #2 is the button
Seat 2: nrg.2F ($4.65 in chips) 
Seat 3: Theodor109 ($27.25 in chips) 
Seat 4: Rig Sick* ($27.25 in chips) 
Seat 5: pepebotika ($30.80 in chips) 
Seat 6: Alameda22 ($24.65 in chips) 
Seat 7: MrChinote ($10.40 in chips) 
Seat 8: Supplant ($4.65 in chips) 
Seat 9: 3LETSBATTLE3 ($15.60 in chips) 
Theodor109: posts small blind $0.10
Rig Sick*: posts big blind $0.25
*** HOLE CARDS ***
Dealt to Alameda22 [Qh 5s]
pepebotika: folds 
Alameda22: folds 
MrChinote: folds 
Supplant: folds 
3LETSBATTLE3: folds 
nrg.2F: folds 
Theodor109: folds 
Uncalled bet ($0.15) returned to Rig Sick*
Rig Sick* collected $0.20 from pot
Rig Sick*: doesn't show hand 
*** SUMMARY ***
Total pot $0.20 | Rake $0 
Seat 2: nrg.2F (button) folded before Flop (didn't bet)
Seat 3: Theodor109 (small blind) folded before Flop
Seat 4: Rig Sick* (big blind) collected ($0.20)
Seat 5: pepebotika folded before Flop (didn't bet)
Seat 6: Alameda22 folded before Flop (didn't bet)
Seat 7: MrChinote folded before Flop (didn't bet)
Seat 8: Supplant folded before Flop (didn't bet)
Seat 9: 3LETSBATTLE3 folded before Flop (didn't bet)



PokerStars Game #20143031268:  Hold'em No Limit ($0.10/$0.25) - 2008/09/04 14:19:40 ET
Table 'Planman' 9-max Seat #3 is the button
Seat 2: nrg.2F ($4.65 in chips) 
Seat 3: Theodor109 ($27.15 in chips) 
Seat 4: Rig Sick* ($27.35 in chips) 
Seat 5: pepebotika ($30.80 in chips) 
Seat 6: Alameda22 ($24.65 in chips) 
Seat 7: MrChinote ($10.40 in chips) 
Seat 8: Supplant ($4.65 in chips) 
Seat 9: 3LETSBATTLE3 ($15.60 in chips) 
Rig Sick*: posts small blind $0.10
pepebotika: posts big blind $0.25
*** HOLE CARDS ***
Dealt to Alameda22 [7h 7s]
Alameda22: folds 
MrChinote: folds 
Supplant: folds 
3LETSBATTLE3: calls $0.25
nrg.2F: raises $1 to $1.25
Theodor109: folds 
Rig Sick*: folds 
pepebotika: folds 
3LETSBATTLE3: calls $1
*** FLOP *** [5s Ad 4c]
3LETSBATTLE3: checks 
nrg.2F: bets $1.75
3LETSBATTLE3: raises $1.75 to $3.50
nrg.2F: calls $1.65 and is all-in
Uncalled bet ($0.10) returned to 3LETSBATTLE3
*** TURN *** [5s Ad 4c] [9c]
*** RIVER *** [5s Ad 4c 9c] [9d]
*** SHOW DOWN ***
3LETSBATTLE3: shows [Ks Ts] (a pair of Nines)
nrg.2F: shows [As Qc] (two pair, Aces and Nines)
nrg.2F collected $9.20 from pot
*** SUMMARY ***
Total pot $9.65 | Rake $0.45 
Board [5s Ad 4c 9c 9d]
Seat 2: nrg.2F showed [As Qc] and won ($9.20) with two pair, Aces and Nines
Seat 3: Theodor109 (button) folded before Flop (didn't bet)
Seat 4: Rig Sick* (small blind) folded before Flop
Seat 5: pepebotika (big blind) folded before Flop
Seat 6: Alameda22 folded before Flop (didn't bet)
Seat 7: MrChinote folded before Flop (didn't bet)
Seat 8: Supplant folded before Flop (didn't bet)
Seat 9: 3LETSBATTLE3 showed [Ks Ts] and lost with a pair of Nines



PokerStars Game #20143068288:  Hold'em No Limit ($0.10/$0.25) - 2008/09/04 14:21:08 ET
Table 'Planman' 9-max Seat #4 is the button
Seat 2: nrg.2F ($9.20 in chips) 
Seat 3: Theodor109 ($27.15 in chips) 
Seat 4: Rig Sick* ($27.25 in chips) 
Seat 5: pepebotika ($30.55 in chips) 
Seat 6: Alameda22 ($24.65 in chips) 
Seat 7: MrChinote ($10.40 in chips) 
Seat 8: Supplant ($4.65 in chips) 
Seat 9: 3LETSBATTLE3 ($10.95 in chips) 
pepebotika: posts small blind $0.10
Alameda22: posts big blind $0.25
*** HOLE CARDS ***
Dealt to Alameda22 [3h 7s]
MrChinote: calls $0.25
Supplant: folds 
3LETSBATTLE3: raises $0.75 to $1
nrg.2F: folds 
nrg.2F leaves the table
Theodor109: folds 
Rig Sick*: folds 
pepebotika: folds 
Alameda22: folds 
MrChinote: raises $5.25 to $6.25
3LETSBATTLE3: calls $5.25
*** FLOP *** [Td 4d Qs]
MrChinote: bets $4.15 and is all-in
3LETSBATTLE3: calls $4.15
*** TURN *** [Td 4d Qs] [7c]
*** RIVER *** [Td 4d Qs 7c] [2c]
*** SHOW DOWN ***
MrChinote: shows [Qd Qh] (three of a kind, Queens)
3LETSBATTLE3: mucks hand 
MrChinote collected $20.15 from pot
*** SUMMARY ***
Total pot $21.15 | Rake $1 
Board [Td 4d Qs 7c 2c]
Seat 2: nrg.2F folded before Flop (didn't bet)
Seat 3: Theodor109 folded before Flop (didn't bet)
Seat 4: Rig Sick* (button) folded before Flop (didn't bet)
Seat 5: pepebotika (small blind) folded before Flop
Seat 6: Alameda22 (big blind) folded before Flop
Seat 7: MrChinote showed [Qd Qh] and won ($20.15) with three of a kind, Queens
Seat 8: Supplant folded before Flop (didn't bet)
Seat 9: 3LETSBATTLE3 mucked [Th Ad]



PokerStars Game #20143098827:  Hold'em No Limit ($0.10/$0.25) - 2008/09/04 14:22:20 ET
Table 'Planman' 9-max Seat #5 is the button
Seat 3: Theodor109 ($27.15 in chips) 
Seat 4: Rig Sick* ($27.25 in chips) 
Seat 5: pepebotika ($30.45 in chips) 
Seat 6: Alameda22 ($24.40 in chips) 
Seat 7: MrChinote ($20.15 in chips) 
Seat 8: Supplant ($4.65 in chips) 
Seat 9: 3LETSBATTLE3 ($0.55 in chips) 
Alameda22: posts small blind $0.10
MrChinote: posts big blind $0.25
*** HOLE CARDS ***
Dealt to Alameda22 [Td Ts]
Supplant: folds 
3LETSBATTLE3: raises $0.30 to $0.55 and is all-in
Theodor109: calls $0.55
Rig Sick*: folds 
pepebotika: calls $0.55
speersort joins the table at seat #2 
Alameda22: calls $0.45
MrChinote: calls $0.30
*** FLOP *** [6c 3d 4c]
Alameda22: checks 
MrChinote: checks 
Theodor109: checks 
pepebotika: bets $1.25
POET86 leaves the table
Alameda22: folds 
MrChinote: calls $1.25
Theodor109: folds 
*** TURN *** [6c 3d 4c] [8c]
MrChinote: checks 
pepebotika: bets $3.50
MrChinote: folds 
Uncalled bet ($3.50) returned to pepebotika
*** RIVER *** [6c 3d 4c 8c] [4h]
*** SHOW DOWN ***
pepebotika: shows [9s 9h] (two pair, Nines and Fours)
pepebotika collected $2.35 from side pot
3LETSBATTLE3: mucks hand 
pepebotika collected $2.65 from main pot
*** SUMMARY ***
Total pot $5.25 Main pot $2.65. Side pot $2.35. | Rake $0.25 
Board [6c 3d 4c 8c 4h]
Seat 3: Theodor109 folded on the Flop
Seat 4: Rig Sick* folded before Flop (didn't bet)
Seat 5: pepebotika (button) showed [9s 9h] and won ($5) with two pair, Nines and Fours
Seat 6: Alameda22 (small blind) folded on the Flop
Seat 7: MrChinote (big blind) folded on the Turn
Seat 8: Supplant folded before Flop (didn't bet)
Seat 9: 3LETSBATTLE3 mucked [Qh 3h]



PokerStars Game #20143146672:  Hold'em No Limit ($0.10/$0.25) - 2008/09/04 14:24:14 ET
Table 'Planman' 9-max Seat #6 is the button
Seat 2: speersort ($5 in chips) 
Seat 3: Theodor109 ($26.60 in chips) 
Seat 4: Rig Sick* ($27.25 in chips) 
Seat 5: pepebotika ($33.65 in chips) 
Seat 6: Alameda22 ($23.85 in chips) 
Seat 8: Supplant ($4.65 in chips) 
MrChinote: is sitting out 
Supplant: posts small blind $0.10
MrChinote leaves the table
3LETSBATTLE3 has returned
speersort: posts big blind $0.25
*** HOLE CARDS ***
Dealt to Alameda22 [Td 9d]
Theodor109: folds 
Rig Sick*: folds 
pepebotika: folds 
Alameda22: raises $0.75 to $1
Supplant: folds 
speersort: folds 
Uncalled bet ($0.75) returned to Alameda22
Alameda22 collected $0.60 from pot
Alameda22: doesn't show hand 
*** SUMMARY ***
Total pot $0.60 | Rake $0 
Seat 2: speersort (big blind) folded before Flop
Seat 3: Theodor109 folded before Flop (didn't bet)
Seat 4: Rig Sick* folded before Flop (didn't bet)
Seat 5: pepebotika folded before Flop (didn't bet)
Seat 6: Alameda22 (button) collected ($0.60)
Seat 8: Supplant (small blind) folded before Flop



PokerStars Game #20143160488:  Hold'em No Limit ($0.10/$0.25) - 2008/09/04 14:24:47 ET
Table 'Planman' 9-max Seat #8 is the button
Seat 2: speersort ($4.75 in chips) 
Seat 3: Theodor109 ($26.60 in chips) 
Seat 4: Rig Sick* ($27.25 in chips) 
Seat 5: pepebotika ($33.65 in chips) 
Seat 6: Alameda22 ($24.20 in chips) 
Seat 8: Supplant ($4.55 in chips) 
3LETSBATTLE3 will be allowed to play after the button
speersort: posts small blind $0.10
Theodor109: posts big blind $0.25
*** HOLE CARDS ***
Dealt to Alameda22 [Qh 5h]
Rig Sick*: folds 
pepebotika: calls $0.25
Alameda22: folds 
Supplant: raises $1 to $1.25
speersort: folds 
Theodor109: folds 
pepebotika: folds 
Uncalled bet ($1) returned to Supplant
Supplant collected $0.85 from pot
Supplant: doesn't show hand 
svenn-m joins the table at seat #1 
*** SUMMARY ***
Total pot $0.85 | Rake $0 
Seat 2: speersort (small blind) folded before Flop
Seat 3: Theodor109 (big blind) folded before Flop
Seat 4: Rig Sick* folded before Flop (didn't bet)
Seat 5: pepebotika folded before Flop
Seat 6: Alameda22 folded before Flop (didn't bet)
Seat 8: Supplant (button) collected ($0.85)



PokerStars Game #20143189004:  Hold'em No Limit ($0.10/$0.25) - 2008/09/04 14:25:56 ET
Table 'Planman' 9-max Seat #2 is the button
Seat 1: svenn-m ($7 in chips) 
Seat 2: speersort ($4.65 in chips) 
Seat 3: Theodor109 ($26.35 in chips) 
Seat 4: Rig Sick* ($27.25 in chips) 
Seat 5: pepebotika ($33.40 in chips) 
Seat 6: Alameda22 ($24.20 in chips) 
Seat 8: Supplant ($5.15 in chips) 
Seat 9: 3LETSBATTLE3 ($5 in chips) 
Theodor109: posts small blind $0.10
Rig Sick*: posts big blind $0.25
3LETSBATTLE3: posts small & big blinds $0.35
svenn-m: posts big blind $0.25
*** HOLE CARDS ***
Dealt to Alameda22 [Jc Ts]
pepebotika: folds 
Alameda22: folds 
Supplant: folds 
Deegan@23 joins the table at seat #7 
3LETSBATTLE3: checks 
svenn-m: checks 
speersort: folds 
Theodor109: calls $0.15
Rig Sick*: checks 
*** FLOP *** [7s Ac 3d]
Theodor109: checks 
Rig Sick*: checks 
3LETSBATTLE3: checks 
svenn-m: checks 
*** TURN *** [7s Ac 3d] [9d]
Theodor109: checks 
Rig Sick*: checks 
3LETSBATTLE3: bets $0.75
svenn-m: folds 
Theodor109: folds 
Rig Sick*: folds 
Uncalled bet ($0.75) returned to 3LETSBATTLE3
3LETSBATTLE3 collected $1.05 from pot
*** SUMMARY ***
Total pot $1.10 | Rake $0.05 
Board [7s Ac 3d 9d]
Seat 1: svenn-m folded on the Turn
Seat 2: speersort (button) folded before Flop (didn't bet)
Seat 3: Theodor109 (small blind) folded on the Turn
Seat 4: Rig Sick* (big blind) folded on the Turn
Seat 5: pepebotika folded before Flop (didn't bet)
Seat 6: Alameda22 folded before Flop (didn't bet)
Seat 8: Supplant folded before Flop (didn't bet)
Seat 9: 3LETSBATTLE3 collected ($1.05)



PokerStars Game #20143227851:  Hold'em No Limit ($0.10/$0.25) - 2008/09/04 14:27:29 ET
Table 'Planman' 9-max Seat #3 is the button
Seat 1: svenn-m ($6.75 in chips) 
Seat 2: speersort ($4.65 in chips) 
Seat 3: Theodor109 ($26.10 in chips) 
Seat 4: Rig Sick* ($27 in chips) 
Seat 5: pepebotika ($33.40 in chips) 
Seat 6: Alameda22 ($24.20 in chips) 
Seat 7: Deegan@23 ($5 in chips) 
Seat 8: Supplant ($5.15 in chips) 
Seat 9: 3LETSBATTLE3 ($5.70 in chips) 
Rig Sick*: posts small blind $0.10
pepebotika: posts big blind $0.25
Deegan@23: posts big blind $0.25
*** HOLE CARDS ***
Dealt to Alameda22 [Kc Ts]
Alameda22: folds 
Deegan@23: checks 
Supplant: folds 
3LETSBATTLE3: raises $0.50 to $0.75
svenn-m: folds 
speersort: folds 
Theodor109: raises $2.25 to $3
Rig Sick*: folds 
pepebotika: folds 
Deegan@23: calls $2.75
3LETSBATTLE3: calls $2.25
*** FLOP *** [9d 6d Qd]
Deegan@23: bets $2 and is all-in
3LETSBATTLE3: raises $0.70 to $2.70 and is all-in
Theodor109: calls $2.70
*** TURN *** [9d 6d Qd] [5h]
*** RIVER *** [9d 6d Qd 5h] [Kh]
*** SHOW DOWN ***
3LETSBATTLE3: shows [3d 8d] (a flush, Queen high)
Theodor109: mucks hand 
3LETSBATTLE3 collected $1.30 from side pot
Deegan@23: mucks hand 
3LETSBATTLE3 collected $14.65 from main pot
*** SUMMARY ***
Total pot $16.75 Main pot $14.65. Side pot $1.30. | Rake $0.80 
Board [9d 6d Qd 5h Kh]
Seat 1: svenn-m folded before Flop (didn't bet)
Seat 2: speersort folded before Flop (didn't bet)
Seat 3: Theodor109 (button) mucked [Ah Ac]
Seat 4: Rig Sick* (small blind) folded before Flop
Seat 5: pepebotika (big blind) folded before Flop
Seat 6: Alameda22 folded before Flop (didn't bet)
Seat 7: Deegan@23 mucked [Qs 3s]
Seat 8: Supplant folded before Flop (didn't bet)
Seat 9: 3LETSBATTLE3 showed [3d 8d] and won ($15.95) with a flush, Queen high



PokerStars Game #20143259195:  Hold'em No Limit ($0.10/$0.25) - 2008/09/04 14:28:46 ET
Table 'Planman' 9-max Seat #4 is the button
Seat 1: svenn-m ($6.75 in chips) 
Seat 2: speersort ($4.65 in chips) 
Seat 3: Theodor109 ($25 in chips) 
Seat 4: Rig Sick* ($26.90 in chips) 
Seat 5: pepebotika ($33.15 in chips) 
Seat 6: Alameda22 ($24.20 in chips) 
Seat 8: Supplant ($5.15 in chips) 
Seat 9: 3LETSBATTLE3 ($15.95 in chips) 
pepebotika: posts small blind $0.10
Alameda22: posts big blind $0.25
*** HOLE CARDS ***
Dealt to Alameda22 [Ah 8d]
Deegan@23 leaves the table
Supplant: folds 
3LETSBATTLE3: folds 
svenn-m: folds 
speersort: folds 
Silke85 joins the table at seat #7 
Theodor109: folds 
Rig Sick*: raises $0.50 to $0.75
pepebotika: folds 
Alameda22: folds 
Uncalled bet ($0.50) returned to Rig Sick*
Rig Sick* collected $0.60 from pot
Rig Sick*: doesn't show hand 
*** SUMMARY ***
Total pot $0.60 | Rake $0 
Seat 1: svenn-m folded before Flop (didn't bet)
Seat 2: speersort folded before Flop (didn't bet)
Seat 3: Theodor109 folded before Flop (didn't bet)
Seat 4: Rig Sick* (button) collected ($0.60)
Seat 5: pepebotika (small blind) folded before Flop
Seat 6: Alameda22 (big blind) folded before Flop
Seat 8: Supplant folded before Flop (didn't bet)
Seat 9: 3LETSBATTLE3 folded before Flop (didn't bet)



PokerStars Game #20143278765:  Hold'em No Limit ($0.10/$0.25) - 2008/09/04 14:29:33 ET
Table 'Planman' 9-max Seat #5 is the button
Seat 1: svenn-m ($6.75 in chips) 
Seat 2: speersort ($4.65 in chips) 
Seat 3: Theodor109 ($25 in chips) 
Seat 4: Rig Sick* ($27.25 in chips) 
Seat 5: pepebotika ($33.05 in chips) 
Seat 6: Alameda22 ($23.95 in chips) 
Seat 7: Silke85 ($10 in chips) 
Seat 8: Supplant ($5.15 in chips) 
Seat 9: 3LETSBATTLE3 ($15.95 in chips) 
Alameda22: posts small blind $0.10
Silke85: posts big blind $0.25
*** HOLE CARDS ***
Dealt to Alameda22 [Ks Kd]
Supplant: folds 
3LETSBATTLE3: folds 
svenn-m: folds 
speersort: folds 
Theodor109: folds 
Rig Sick*: folds 
pepebotika: folds 
Alameda22: raises $0.75 to $1
Silke85: raises $2 to $3
Alameda22: raises $7 to $10
Silke85: calls $7 and is all-in
*** FLOP *** [6c Kh 7c]
*** TURN *** [6c Kh 7c] [Qd]
*** RIVER *** [6c Kh 7c Qd] [7h]
*** SHOW DOWN ***
Alameda22: shows [Ks Kd] (a full house, Kings full of Sevens)
Silke85: mucks hand 
Alameda22 collected $19 from pot
*** SUMMARY ***
Total pot $20 | Rake $1 
Board [6c Kh 7c Qd 7h]
Seat 1: svenn-m folded before Flop (didn't bet)
Seat 2: speersort folded before Flop (didn't bet)
Seat 3: Theodor109 folded before Flop (didn't bet)
Seat 4: Rig Sick* folded before Flop (didn't bet)
Seat 5: pepebotika (button) folded before Flop (didn't bet)
Seat 6: Alameda22 (small blind) showed [Ks Kd] and won ($19) with a full house, Kings full of Sevens
Seat 7: Silke85 (big blind) mucked [Tc Td]
Seat 8: Supplant folded before Flop (didn't bet)
Seat 9: 3LETSBATTLE3 folded before Flop (didn't bet)



PokerStars Game #20143303040:  Hold'em No Limit ($0.10/$0.25) - 2008/09/04 14:30:33 ET
Table 'Planman' 9-max Seat #6 is the button
Seat 1: svenn-m ($6.75 in chips) 
Seat 2: speersort ($4.65 in chips) 
Seat 3: Theodor109 ($25 in chips) 
Seat 4: Rig Sick* ($27.25 in chips) 
Seat 5: pepebotika ($33.05 in chips) 
Seat 6: Alameda22 ($32.95 in chips) 
Seat 7: Silke85 ($10 in chips) 
Seat 8: Supplant ($5.15 in chips) 
Seat 9: 3LETSBATTLE3 ($15.95 in chips) 
Silke85: posts small blind $0.10
Supplant: posts big blind $0.25
*** HOLE CARDS ***
Dealt to Alameda22 [Th 9s]
3LETSBATTLE3: folds 
svenn-m: calls $0.25
speersort: folds 
Theodor109: folds 
Rig Sick*: folds 
pepebotika has timed out
pepebotika: folds 
pepebotika is sitting out
Alameda22: folds 
Silke85: calls $0.15
Supplant: checks 
*** FLOP *** [7d 6c Ts]
Silke85: checks 
Supplant: checks 
svenn-m: bets $1
Silke85: raises $1 to $2
Supplant: folds 
svenn-m: calls $1
*** TURN *** [7d 6c Ts] [9h]
Silke85: bets $1.25
svenn-m: raises $1.25 to $2.50
Silke85: raises $2.25 to $4.75
svenn-m: calls $2 and is all-in
Uncalled bet ($0.25) returned to Silke85
*** RIVER *** [7d 6c Ts 9h] [7h]
*** SHOW DOWN ***
Silke85: shows [4s 8s] (a straight, Six to Ten)
svenn-m: shows [8d 9d] (a straight, Six to Ten)
Silke85 collected $6.55 from pot
svenn-m collected $6.55 from pot
*** SUMMARY ***
Total pot $13.75 | Rake $0.65 
Board [7d 6c Ts 9h 7h]
Seat 1: svenn-m showed [8d 9d] and won ($6.55) with a straight, Six to Ten
Seat 2: speersort folded before Flop (didn't bet)
Seat 3: Theodor109 folded before Flop (didn't bet)
Seat 4: Rig Sick* folded before Flop (didn't bet)
Seat 5: pepebotika folded before Flop (didn't bet)
Seat 6: Alameda22 (button) folded before Flop (didn't bet)
Seat 7: Silke85 (small blind) showed [4s 8s] and won ($6.55) with a straight, Six to Ten
Seat 8: Supplant (big blind) folded on the Flop
Seat 9: 3LETSBATTLE3 folded before Flop (didn't bet)



PokerStars Game #20143343380:  Hold'em No Limit ($0.10/$0.25) - 2008/09/04 14:32:14 ET
Table 'Planman' 9-max Seat #7 is the button
Seat 1: svenn-m ($6.55 in chips) 
Seat 2: speersort ($4.65 in chips) 
Seat 3: Theodor109 ($25 in chips) 
Seat 4: Rig Sick* ($27.25 in chips) 
Seat 6: Alameda22 ($32.95 in chips) 
Seat 7: Silke85 ($9.80 in chips) 
Seat 8: Supplant ($4.90 in chips) 
Seat 9: 3LETSBATTLE3 ($15.95 in chips) 
Supplant: posts small blind $0.10
3LETSBATTLE3: posts big blind $0.25
*** HOLE CARDS ***
Dealt to Alameda22 [9c 5h]
svenn-m: calls $0.25
speersort: folds 
Theodor109: folds 
Rig Sick*: calls $0.25
Alameda22: folds 
Silke85: folds 
Supplant: folds 
3LETSBATTLE3: checks 
*** FLOP *** [Ks 6c 9s]
3LETSBATTLE3: folds 
svenn-m: checks 
Rig Sick*: checks 
*** TURN *** [Ks 6c 9s] [Jh]
svenn-m: checks 
Rig Sick*: checks 
*** RIVER *** [Ks 6c 9s Jh] [Tc]
svenn-m: bets $2
Rig Sick*: raises $2 to $4
svenn-m: raises $2 to $6
Rig Sick*: raises $2 to $8
svenn-m: calls $0.30 and is all-in
Uncalled bet ($1.70) returned to Rig Sick*
*** SHOW DOWN ***
Rig Sick*: shows [Js Qh] (a straight, Nine to King)
svenn-m: shows [Ad Qc] (a straight, Ten to Ace)
svenn-m collected $12.80 from pot
*** SUMMARY ***
Total pot $13.45 | Rake $0.65 
Board [Ks 6c 9s Jh Tc]
Seat 1: svenn-m showed [Ad Qc] and won ($12.80) with a straight, Ten to Ace
Seat 2: speersort folded before Flop (didn't bet)
Seat 3: Theodor109 folded before Flop (didn't bet)
Seat 4: Rig Sick* showed [Js Qh] and lost with a straight, Nine to King
Seat 6: Alameda22 folded before Flop (didn't bet)
Seat 7: Silke85 (button) folded before Flop (didn't bet)
Seat 8: Supplant (small blind) folded before Flop
Seat 9: 3LETSBATTLE3 (big blind) folded on the Flop



PokerStars Game #20143413036:  Hold'em No Limit ($0.10/$0.25) - 2008/09/04 14:35:12 ET
Table 'Planman' 9-max Seat #8 is the button
Seat 2: speersort ($4.65 in chips) 
Seat 3: Theodor109 ($25 in chips) 
Seat 4: Rig Sick* ($20.70 in chips) 
Seat 6: Alameda22 ($32.95 in chips) 
Seat 7: Silke85 ($9.80 in chips) 
Seat 8: Supplant ($4.80 in chips) 
Seat 9: 3LETSBATTLE3 ($15.70 in chips) 
3LETSBATTLE3: posts small blind $0.10
svenn-m: is sitting out 
speersort: posts big blind $0.25
*** HOLE CARDS ***
Dealt to Alameda22 [Ac 5d]
Theodor109: folds 
Rig Sick*: folds 
Alameda22: folds 
Silke85: folds 
Supplant: folds 
3LETSBATTLE3: calls $0.15
speersort: checks 
*** FLOP *** [Ad 5c Ah]
3LETSBATTLE3: checks 
speersort: checks 
*** TURN *** [Ad 5c Ah] [6c]
3LETSBATTLE3: bets $0.25
speersort: calls $0.25
*** RIVER *** [Ad 5c Ah 6c] [3c]
3LETSBATTLE3: checks 
speersort: bets $0.50
3LETSBATTLE3: calls $0.50
*** SHOW DOWN ***
speersort: shows [7c Qc] (a flush, Queen high)
3LETSBATTLE3: mucks hand 
speersort collected $1.95 from pot
*** SUMMARY ***
Total pot $2 | Rake $0.05 
Board [Ad 5c Ah 6c 3c]
Seat 2: speersort (big blind) showed [7c Qc] and won ($1.95) with a flush, Queen high
Seat 3: Theodor109 folded before Flop (didn't bet)
Seat 4: Rig Sick* folded before Flop (didn't bet)
Seat 6: Alameda22 folded before Flop (didn't bet)
Seat 7: Silke85 folded before Flop (didn't bet)
Seat 8: Supplant (button) folded before Flop (didn't bet)
Seat 9: 3LETSBATTLE3 (small blind) mucked [2d 6d]



PokerStars Game #20143444411:  Hold'em No Limit ($0.10/$0.25) - 2008/09/04 14:36:33 ET
Table 'Planman' 9-max Seat #9 is the button
Seat 2: speersort ($5.60 in chips) 
Seat 3: Theodor109 ($25 in chips) 
Seat 4: Rig Sick* ($20.70 in chips) 
Seat 6: Alameda22 ($32.95 in chips) 
Seat 7: Silke85 ($9.80 in chips) 
Seat 8: Supplant ($4.80 in chips) 
Seat 9: 3LETSBATTLE3 ($14.70 in chips) 
speersort: posts small blind $0.10
Theodor109: posts big blind $0.25
*** HOLE CARDS ***
Dealt to Alameda22 [Ad 8h]
Rig Sick*: raises $0.50 to $0.75
Alameda22: folds 
Silke85: calls $0.75
Supplant: folds 
3LETSBATTLE3: calls $0.75
speersort: folds 
Theodor109: folds 
*** FLOP *** [6s 8s 2c]
Rig Sick*: bets $1.25
Silke85: folds 
3LETSBATTLE3: calls $1.25
*** TURN *** [6s 8s 2c] [Qd]
Rig Sick*: checks 
3LETSBATTLE3: checks 
*** RIVER *** [6s 8s 2c Qd] [Kd]
Rig Sick*: checks 
svenn-m has returned
3LETSBATTLE3: bets $2.50
Rig Sick*: folds 
Uncalled bet ($2.50) returned to 3LETSBATTLE3
3LETSBATTLE3 collected $4.85 from pot
*** SUMMARY ***
Total pot $5.10 | Rake $0.25 
Board [6s 8s 2c Qd Kd]
Seat 2: speersort (small blind) folded before Flop
Seat 3: Theodor109 (big blind) folded before Flop
Seat 4: Rig Sick* folded on the River
Seat 6: Alameda22 folded before Flop (didn't bet)
Seat 7: Silke85 folded on the Flop
Seat 8: Supplant folded before Flop (didn't bet)
Seat 9: 3LETSBATTLE3 (button) collected ($4.85)



PokerStars Game #20143480925:  Hold'em No Limit ($0.10/$0.25) - 2008/09/04 14:38:06 ET
Table 'Planman' 9-max Seat #2 is the button
Seat 1: svenn-m ($12.80 in chips) 
Seat 2: speersort ($5.50 in chips) 
Seat 3: Theodor109 ($24.75 in chips) 
Seat 4: Rig Sick* ($18.70 in chips) 
Seat 6: Alameda22 ($32.95 in chips) 
Seat 7: Silke85 ($9.05 in chips) 
Seat 8: Supplant ($4.80 in chips) 
Seat 9: 3LETSBATTLE3 ($17.55 in chips) 
Theodor109: posts small blind $0.10
Rig Sick*: posts big blind $0.25
svenn-m: posts small & big blinds $0.35
*** HOLE CARDS ***
Dealt to Alameda22 [6s 6c]
Alameda22: folds 
Silke85: folds 
Supplant: folds 
3LETSBATTLE3: folds 
3LETSBATTLE3 leaves the table
svenn-m: checks 
speersort: folds 
Theodor109: folds 
Rig Sick*: raises $0.75 to $1
svenn-m: calls $0.75
*** FLOP *** [7s 7c 2s]
BP-TheOne joins the table at seat #9 
Rig Sick*: bets $1.25
svenn-m: folds 
Uncalled bet ($1.25) returned to Rig Sick*
Rig Sick* collected $2.10 from pot
Rig Sick*: doesn't show hand 
*** SUMMARY ***
Total pot $2.20 | Rake $0.10 
Board [7s 7c 2s]
Seat 1: svenn-m folded on the Flop
Seat 2: speersort (button) folded before Flop (didn't bet)
Seat 3: Theodor109 (small blind) folded before Flop
Seat 4: Rig Sick* (big blind) collected ($2.10)
Seat 6: Alameda22 folded before Flop (didn't bet)
Seat 7: Silke85 folded before Flop (didn't bet)
Seat 8: Supplant folded before Flop (didn't bet)
Seat 9: 3LETSBATTLE3 folded before Flop (didn't bet)



PokerStars Game #20143507914:  Hold'em No Limit ($0.10/$0.25) - 2008/09/04 14:39:14 ET
Table 'Planman' 9-max Seat #3 is the button
Seat 1: svenn-m ($11.70 in chips) 
Seat 2: speersort ($5.50 in chips) 
Seat 3: Theodor109 ($24.65 in chips) 
Seat 4: Rig Sick* ($19.80 in chips) 
Seat 6: Alameda22 ($32.95 in chips) 
Seat 7: Silke85 ($9.05 in chips) 
Seat 8: Supplant ($4.80 in chips) 
Rig Sick*: posts small blind $0.10
Alameda22: posts big blind $0.25
BP-TheOne: sits out 
*** HOLE CARDS ***
Dealt to Alameda22 [7h Kh]
Silke85: folds 
Supplant: folds 
svenn-m: folds 
speersort: folds 
Theodor109: folds 
Rig Sick*: calls $0.15
Alameda22: checks 
*** FLOP *** [Kc 8h 7s]
Rig Sick*: bets $0.25
Alameda22: raises $0.50 to $0.75
Rig Sick*: calls $0.50
*** TURN *** [Kc 8h 7s] [4c]
Rig Sick*: checks 
Alameda22: bets $1.25
Rig Sick*: folds 
Uncalled bet ($1.25) returned to Alameda22
Alameda22 collected $1.90 from pot
Alameda22: doesn't show hand 
*** SUMMARY ***
Total pot $2 | Rake $0.10 
Board [Kc 8h 7s 4c]
Seat 1: svenn-m folded before Flop (didn't bet)
Seat 2: speersort folded before Flop (didn't bet)
Seat 3: Theodor109 (button) folded before Flop (didn't bet)
Seat 4: Rig Sick* (small blind) folded on the Turn
Seat 6: Alameda22 (big blind) collected ($1.90)
Seat 7: Silke85 folded before Flop (didn't bet)
Seat 8: Supplant folded before Flop (didn't bet)



PokerStars Game #20143549382:  Hold'em No Limit ($0.10/$0.25) - 2008/09/04 14:41:00 ET
Table 'Planman' 9-max Seat #4 is the button
Seat 1: svenn-m ($11.70 in chips) 
Seat 2: speersort ($5.50 in chips) 
Seat 3: Theodor109 ($24.65 in chips) 
Seat 4: Rig Sick* ($18.80 in chips) 
Seat 6: Alameda22 ($33.85 in chips) 
Seat 7: Silke85 ($9.05 in chips) 
Seat 8: Supplant ($4.80 in chips) 
Alameda22: posts small blind $0.10
Silke85: posts big blind $0.25
BP-TheOne: sits out 
*** HOLE CARDS ***
Dealt to Alameda22 [9h Kh]
Supplant: folds 
svenn-m: folds 
speersort: folds 
Theodor109: folds 
Rig Sick*: raises $0.50 to $0.75
Alameda22: folds 
Silke85: calls $0.50
*** FLOP *** [Kd 9d Ad]
Silke85: checks 
Rig Sick*: bets $0.75
Silke85: folds 
Uncalled bet ($0.75) returned to Rig Sick*
Rig Sick* collected $1.55 from pot
Rig Sick*: doesn't show hand 
*** SUMMARY ***
Total pot $1.60 | Rake $0.05 
Board [Kd 9d Ad]
Seat 1: svenn-m folded before Flop (didn't bet)
Seat 2: speersort folded before Flop (didn't bet)
Seat 3: Theodor109 folded before Flop (didn't bet)
Seat 4: Rig Sick* (button) collected ($1.55)
Seat 6: Alameda22 (small blind) folded before Flop
Seat 7: Silke85 (big blind) folded on the Flop
Seat 8: Supplant folded before Flop (didn't bet)



PokerStars Game #20143574364:  Hold'em No Limit ($0.10/$0.25) - 2008/09/04 14:42:03 ET
Table 'Planman' 9-max Seat #6 is the button
Seat 1: svenn-m ($11.70 in chips) 
Seat 2: speersort ($5.50 in chips) 
Seat 3: Theodor109 ($25 in chips) 
Seat 4: Rig Sick* ($19.60 in chips) 
Seat 6: Alameda22 ($33.75 in chips) 
Seat 7: Silke85 ($8.30 in chips) 
Seat 8: Supplant ($4.80 in chips) 
Silke85: posts small blind $0.10
Supplant: posts big blind $0.25
BP-TheOne: sits out 
*** HOLE CARDS ***
Dealt to Alameda22 [9h Kh]
svenn-m: calls $0.25
speersort: calls $0.25
Theodor109: folds 
Rig Sick*: folds 
Alameda22: folds 
Silke85: folds 
Supplant: checks 
*** FLOP *** [6c 3c 4s]
Supplant: checks 
svenn-m: checks 
speersort: bets $1
Supplant: folds 
svenn-m: folds 
Uncalled bet ($1) returned to speersort
speersort collected $0.85 from pot
speersort: doesn't show hand 
*** SUMMARY ***
Total pot $0.85 | Rake $0 
Board [6c 3c 4s]
Seat 1: svenn-m folded on the Flop
Seat 2: speersort collected ($0.85)
Seat 3: Theodor109 folded before Flop (didn't bet)
Seat 4: Rig Sick* folded before Flop (didn't bet)
Seat 6: Alameda22 (button) folded before Flop (didn't bet)
Seat 7: Silke85 (small blind) folded before Flop
Seat 8: Supplant (big blind) folded on the Flop



PokerStars Game #20143616875:  Hold'em No Limit ($0.10/$0.25) - 2008/09/04 14:43:51 ET
Table 'Planman' 9-max Seat #7 is the button
Seat 1: svenn-m ($11.45 in chips) 
Seat 2: speersort ($6.10 in chips) 
Seat 3: Theodor109 ($25 in chips) 
Seat 4: Rig Sick* ($19.60 in chips) 
Seat 6: Alameda22 ($33.75 in chips) 
Seat 7: Silke85 ($8.20 in chips) 
Seat 8: Supplant ($4.55 in chips) 
Seat 9: BP-TheOne ($5 in chips) 
Supplant: posts small blind $0.10
BP-TheOne: posts big blind $0.25
*** HOLE CARDS ***
Dealt to Alameda22 [9h 4h]
svenn-m: calls $0.25
speersort: folds 
Theodor109: folds 
Rig Sick*: folds 
Alameda22: folds 
Silke85: raises $0.75 to $1
Supplant: folds 
BP-TheOne: folds 
svenn-m: folds 
Uncalled bet ($0.75) returned to Silke85
Silke85 collected $0.85 from pot
Silke85: doesn't show hand 
*** SUMMARY ***
Total pot $0.85 | Rake $0 
Seat 1: svenn-m folded before Flop
Seat 2: speersort folded before Flop (didn't bet)
Seat 3: Theodor109 folded before Flop (didn't bet)
Seat 4: Rig Sick* folded before Flop (didn't bet)
Seat 6: Alameda22 folded before Flop (didn't bet)
Seat 7: Silke85 (button) collected ($0.85)
Seat 8: Supplant (small blind) folded before Flop
Seat 9: BP-TheOne (big blind) folded before Flop



PokerStars Game #20143638546:  Hold'em No Limit ($0.10/$0.25) - 2008/09/04 14:44:46 ET
Table 'Planman' 9-max Seat #8 is the button
Seat 2: speersort ($6.10 in chips) 
Seat 3: Theodor109 ($25 in chips) 
Seat 4: Rig Sick* ($19.60 in chips) 
Seat 6: Alameda22 ($33.75 in chips) 
Seat 7: Silke85 ($8.80 in chips) 
Seat 8: Supplant ($4.45 in chips) 
Seat 9: BP-TheOne ($4.75 in chips) 
BP-TheOne: posts small blind $0.10
svenn-m: is sitting out 
speersort: posts big blind $0.25
*** HOLE CARDS ***
Dealt to Alameda22 [9s 6s]
svenn-m has returned
Theodor109: folds 
Rig Sick*: folds 
Alameda22: folds 
Silke85: folds 
Supplant: folds 
BP-TheOne: folds 
Uncalled bet ($0.15) returned to speersort
speersort collected $0.20 from pot
speersort: doesn't show hand 
*** SUMMARY ***
Total pot $0.20 | Rake $0 
Seat 2: speersort (big blind) collected ($0.20)
Seat 3: Theodor109 folded before Flop (didn't bet)
Seat 4: Rig Sick* folded before Flop (didn't bet)
Seat 6: Alameda22 folded before Flop (didn't bet)
Seat 7: Silke85 folded before Flop (didn't bet)
Seat 8: Supplant (button) folded before Flop (didn't bet)
Seat 9: BP-TheOne (small blind) folded before Flop



PokerStars Game #20143655966:  Hold'em No Limit ($0.10/$0.25) - 2008/09/04 14:45:30 ET
Table 'Planman' 9-max Seat #9 is the button
Seat 2: speersort ($6.20 in chips) 
Seat 3: Theodor109 ($25 in chips) 
Seat 4: Rig Sick* ($19.60 in chips) 
Seat 6: Alameda22 ($33.75 in chips) 
Seat 7: Silke85 ($8.80 in chips) 
Seat 8: Supplant ($4.45 in chips) 
Seat 9: BP-TheOne ($4.65 in chips) 
svenn-m will be allowed to play after the button
speersort: posts small blind $0.10
Theodor109: posts big blind $0.25
*** HOLE CARDS ***
Dealt to Alameda22 [6h Kd]
Rig Sick*: folds 
Alameda22: folds 
Silke85: folds 
Supplant: folds 
BP-TheOne: raises $0.75 to $1
speersort: folds 
Theodor109: raises $2.50 to $3.50
BP-TheOne: calls $2.50
*** FLOP *** [9h 7s 7c]
Theodor109: bets $1.50
BP-TheOne: calls $1.15 and is all-in
Uncalled bet ($0.35) returned to Theodor109
*** TURN *** [9h 7s 7c] [4d]
*** RIVER *** [9h 7s 7c 4d] [Js]
*** SHOW DOWN ***
Theodor109: shows [Qh Ad] (a pair of Sevens)
BP-TheOne: shows [Jd Ah] (two pair, Jacks and Sevens)
BP-TheOne collected $8.95 from pot
*** SUMMARY ***
Total pot $9.40 | Rake $0.45 
Board [9h 7s 7c 4d Js]
Seat 2: speersort (small blind) folded before Flop
Seat 3: Theodor109 (big blind) showed [Qh Ad] and lost with a pair of Sevens
Seat 4: Rig Sick* folded before Flop (didn't bet)
Seat 6: Alameda22 folded before Flop (didn't bet)
Seat 7: Silke85 folded before Flop (didn't bet)
Seat 8: Supplant folded before Flop (didn't bet)
Seat 9: BP-TheOne (button) showed [Jd Ah] and won ($8.95) with two pair, Jacks and Sevens



PokerStars Game #20143684138:  Hold'em No Limit ($0.10/$0.25) - 2008/09/04 14:46:38 ET
Table 'Planman' 9-max Seat #2 is the button
Seat 1: svenn-m ($11.20 in chips) 
Seat 2: speersort ($6.10 in chips) 
Seat 3: Theodor109 ($25 in chips) 
Seat 4: Rig Sick* ($19.60 in chips) 
Seat 6: Alameda22 ($33.75 in chips) 
Seat 7: Silke85 ($8.80 in chips) 
Seat 8: Supplant ($4.45 in chips) 
Seat 9: BP-TheOne ($8.95 in chips) 
Theodor109: posts small blind $0.10
Rig Sick*: posts big blind $0.25
svenn-m: posts small & big blinds $0.35
*** HOLE CARDS ***
Dealt to Alameda22 [6s 8h]
Alameda22: folds 
Silke85: folds 
Supplant: folds 
BP-TheOne: folds 
BP-TheOne leaves the table
svenn-m: checks 
speersort: folds 
ageandla joins the table at seat #9 
Theodor109: folds 
Rig Sick*: checks 
*** FLOP *** [Ts Jc Ks]
Rig Sick*: checks 
svenn-m: checks 
*** TURN *** [Ts Jc Ks] [Td]
Rig Sick*: bets $0.25
svenn-m: folds 
Uncalled bet ($0.25) returned to Rig Sick*
Rig Sick* collected $0.70 from pot
*** SUMMARY ***
Total pot $0.70 | Rake $0 
Board [Ts Jc Ks Td]
Seat 1: svenn-m folded on the Turn
Seat 2: speersort (button) folded before Flop (didn't bet)
Seat 3: Theodor109 (small blind) folded before Flop
Seat 4: Rig Sick* (big blind) collected ($0.70)
Seat 6: Alameda22 folded before Flop (didn't bet)
Seat 7: Silke85 folded before Flop (didn't bet)
Seat 8: Supplant folded before Flop (didn't bet)
Seat 9: BP-TheOne folded before Flop (didn't bet)



PokerStars Game #20143705179:  Hold'em No Limit ($0.10/$0.25) - 2008/09/04 14:47:30 ET
Table 'Planman' 9-max Seat #3 is the button
Seat 1: svenn-m ($10.85 in chips) 
Seat 2: speersort ($6.10 in chips) 
Seat 3: Theodor109 ($24.90 in chips) 
Seat 4: Rig Sick* ($20.05 in chips) 
Seat 6: Alameda22 ($33.75 in chips) 
Seat 7: Silke85 ($8.80 in chips) 
Seat 8: Supplant ($4.45 in chips) 
Rig Sick*: posts small blind $0.10
Alameda22: posts big blind $0.25
ageandla: sits out 
*** HOLE CARDS ***
Dealt to Alameda22 [Jc Th]
Silke85: folds 
Supplant: folds 
svenn-m: calls $0.25
speersort: folds 
Theodor109: raises $1 to $1.25
Rig Sick*: folds 
Alameda22: folds 
svenn-m: folds 
Uncalled bet ($1) returned to Theodor109
Theodor109 collected $0.85 from pot
Theodor109: doesn't show hand 
*** SUMMARY ***
Total pot $0.85 | Rake $0 
Seat 1: svenn-m folded before Flop
Seat 2: speersort folded before Flop (didn't bet)
Seat 3: Theodor109 (button) collected ($0.85)
Seat 4: Rig Sick* (small blind) folded before Flop
Seat 6: Alameda22 (big blind) folded before Flop
Seat 7: Silke85 folded before Flop (didn't bet)
Seat 8: Supplant folded before Flop (didn't bet)



PokerStars Game #20143729508:  Hold'em No Limit ($0.10/$0.25) - 2008/09/04 14:48:29 ET
Table 'Planman' 9-max Seat #4 is the button
Seat 1: svenn-m ($10.60 in chips) 
Seat 2: speersort ($6.10 in chips) 
Seat 3: Theodor109 ($25.50 in chips) 
Seat 4: Rig Sick* ($19.95 in chips) 
Seat 6: Alameda22 ($33.50 in chips) 
Seat 7: Silke85 ($8.80 in chips) 
Seat 8: Supplant ($4.45 in chips) 
Alameda22: posts small blind $0.10
Silke85: posts big blind $0.25
ageandla: sits out 
*** HOLE CARDS ***
Dealt to Alameda22 [8c Td]
Supplant: folds 
svenn-m: calls $0.25
speersort: folds 
Theodor109: folds 
Rig Sick*: folds 
Alameda22: folds 
Silke85: checks 
*** FLOP *** [8d 5c 3c]
Silke85: checks 
svenn-m: bets $0.25
Silke85: folds 
Uncalled bet ($0.25) returned to svenn-m
svenn-m collected $0.60 from pot
svenn-m: doesn't show hand 
*** SUMMARY ***
Total pot $0.60 | Rake $0 
Board [8d 5c 3c]
Seat 1: svenn-m collected ($0.60)
Seat 2: speersort folded before Flop (didn't bet)
Seat 3: Theodor109 folded before Flop (didn't bet)
Seat 4: Rig Sick* (button) folded before Flop (didn't bet)
Seat 6: Alameda22 (small blind) folded before Flop
Seat 7: Silke85 (big blind) folded on the Flop
Seat 8: Supplant folded before Flop (didn't bet)



PokerStars Game #20143757000:  Hold'em No Limit ($0.10/$0.25) - 2008/09/04 14:49:36 ET
Table 'Planman' 9-max Seat #6 is the button
Seat 1: svenn-m ($10.95 in chips) 
Seat 2: speersort ($6.10 in chips) 
Seat 3: Theodor109 ($25.50 in chips) 
Seat 4: Rig Sick* ($19.95 in chips) 
Seat 6: Alameda22 ($33.40 in chips) 
Seat 7: Silke85 ($8.55 in chips) 
Seat 8: Supplant ($4.45 in chips) 
Silke85: posts small blind $0.10
Supplant: posts big blind $0.25
ageandla: sits out 
*** HOLE CARDS ***
Dealt to Alameda22 [Ac Qs]
svenn-m: folds 
speersort: folds 
Theodor109: folds 
Rig Sick*: raises $0.50 to $0.75
svenn-m leaves the table
Alameda22: calls $0.75
Silke85: calls $0.65
Supplant: folds 
*** FLOP *** [2h Kd 5d]
Silke85: checks 
Alex ANL joins the table at seat #1 
Rig Sick*: bets $1
Alameda22: folds 
Silke85: folds 
Uncalled bet ($1) returned to Rig Sick*
Rig Sick* collected $2.40 from pot
Rig Sick*: doesn't show hand 
*** SUMMARY ***
Total pot $2.50 | Rake $0.10 
Board [2h Kd 5d]
Seat 1: svenn-m folded before Flop (didn't bet)
Seat 2: speersort folded before Flop (didn't bet)
Seat 3: Theodor109 folded before Flop (didn't bet)
Seat 4: Rig Sick* collected ($2.40)
Seat 6: Alameda22 (button) folded on the Flop
Seat 7: Silke85 (small blind) folded on the Flop
Seat 8: Supplant (big blind) folded before Flop



PokerStars Game #20143783550:  Hold'em No Limit ($0.10/$0.25) - 2008/09/04 14:50:41 ET
Table 'Planman' 9-max Seat #7 is the button
Seat 2: speersort ($6.10 in chips) 
Seat 3: Theodor109 ($25.50 in chips) 
Seat 4: Rig Sick* ($21.60 in chips) 
Seat 6: Alameda22 ($32.65 in chips) 
Seat 7: Silke85 ($7.80 in chips) 
Seat 8: Supplant ($4.20 in chips) 
Seat 9: ageandla ($5 in chips) 
Supplant: posts small blind $0.10
ageandla: posts big blind $0.25
Alex ANL: sits out 
*** HOLE CARDS ***
Dealt to Alameda22 [4h 2h]
speersort: folds 
Theodor109: folds 
Rig Sick*: folds 
Alameda22: folds 
Silke85: raises $0.50 to $0.75
Supplant: folds 
ageandla: folds 
Uncalled bet ($0.50) returned to Silke85
Silke85 collected $0.60 from pot
Silke85: doesn't show hand 
*** SUMMARY ***
Total pot $0.60 | Rake $0 
Seat 2: speersort folded before Flop (didn't bet)
Seat 3: Theodor109 folded before Flop (didn't bet)
Seat 4: Rig Sick* folded before Flop (didn't bet)
Seat 6: Alameda22 folded before Flop (didn't bet)
Seat 7: Silke85 (button) collected ($0.60)
Seat 8: Supplant (small blind) folded before Flop
Seat 9: ageandla (big blind) folded before Flop



PokerStars Game #20143796035:  Hold'em No Limit ($0.10/$0.25) - 2008/09/04 14:51:12 ET
Table 'Planman' 9-max Seat #8 is the button
Seat 1: Alex ANL ($25 in chips) 
Seat 2: speersort ($6.10 in chips) 
Seat 3: Theodor109 ($25.50 in chips) 
Seat 4: Rig Sick* ($21.60 in chips) 
Seat 6: Alameda22 ($32.65 in chips) 
Seat 7: Silke85 ($8.15 in chips) 
Seat 8: Supplant ($4.10 in chips) 
Seat 9: ageandla ($4.75 in chips) 
ageandla: posts small blind $0.10
Alex ANL: posts big blind $0.25
*** HOLE CARDS ***
Dealt to Alameda22 [3c 8s]
speersort: folds 
Theodor109: folds 
Rig Sick*: folds 
Alameda22: folds 
Silke85: folds 
Supplant: folds 
ageandla: folds 
Uncalled bet ($0.15) returned to Alex ANL
Alex ANL collected $0.20 from pot
*** SUMMARY ***
Total pot $0.20 | Rake $0 
Seat 1: Alex ANL (big blind) collected ($0.20)
Seat 2: speersort folded before Flop (didn't bet)
Seat 3: Theodor109 folded before Flop (didn't bet)
Seat 4: Rig Sick* folded before Flop (didn't bet)
Seat 6: Alameda22 folded before Flop (didn't bet)
Seat 7: Silke85 folded before Flop (didn't bet)
Seat 8: Supplant (button) folded before Flop (didn't bet)
Seat 9: ageandla (small blind) folded before Flop



PokerStars Game #20143811408:  Hold'em No Limit ($0.10/$0.25) - 2008/09/04 14:51:49 ET
Table 'Planman' 9-max Seat #9 is the button
Seat 1: Alex ANL ($25.10 in chips) 
Seat 2: speersort ($6.10 in chips) 
Seat 3: Theodor109 ($25.50 in chips) 
Seat 4: Rig Sick* ($21.60 in chips) 
Seat 6: Alameda22 ($32.65 in chips) 
Seat 7: Silke85 ($8.15 in chips) 
Seat 8: Supplant ($4.10 in chips) 
Seat 9: ageandla ($4.65 in chips) 
Alex ANL: posts small blind $0.10
speersort: posts big blind $0.25
*** HOLE CARDS ***
Dealt to Alameda22 [2c As]
Theodor109: calls $0.25
Rig Sick*: folds 
Alameda22: folds 
Silke85: folds 
Supplant: folds 
ageandla: folds 
Alex ANL: folds 
speersort: checks 
*** FLOP *** [3d 3h Js]
speersort: checks 
Theodor109: bets $0.50
speersort: folds 
Uncalled bet ($0.50) returned to Theodor109
Theodor109 collected $0.60 from pot
Theodor109: doesn't show hand 
*** SUMMARY ***
Total pot $0.60 | Rake $0 
Board [3d 3h Js]
Seat 1: Alex ANL (small blind) folded before Flop
Seat 2: speersort (big blind) folded on the Flop
Seat 3: Theodor109 collected ($0.60)
Seat 4: Rig Sick* folded before Flop (didn't bet)
Seat 6: Alameda22 folded before Flop (didn't bet)
Seat 7: Silke85 folded before Flop (didn't bet)
Seat 8: Supplant folded before Flop (didn't bet)
Seat 9: ageandla (button) folded before Flop (didn't bet)



PokerStars Game #20143831731:  Hold'em No Limit ($0.10/$0.25) - 2008/09/04 14:52:39 ET
Table 'Planman' 9-max Seat #1 is the button
Seat 1: Alex ANL ($25 in chips) 
Seat 2: speersort ($5.85 in chips) 
Seat 3: Theodor109 ($25.85 in chips) 
Seat 4: Rig Sick* ($21.60 in chips) 
Seat 6: Alameda22 ($32.65 in chips) 
Seat 7: Silke85 ($8.15 in chips) 
Seat 8: Supplant ($4.10 in chips) 
Seat 9: ageandla ($4.65 in chips) 
speersort: posts small blind $0.10
Theodor109: posts big blind $0.25
*** HOLE CARDS ***
Dealt to Alameda22 [Kd Ac]
Rig Sick*: folds 
Alameda22: raises $0.75 to $1
Silke85: folds 
Supplant: folds 
ageandla: folds 
Alex ANL: folds 
speersort: folds 
Theodor109: folds 
Uncalled bet ($0.75) returned to Alameda22
Alameda22 collected $0.60 from pot
Alameda22: doesn't show hand 
*** SUMMARY ***
Total pot $0.60 | Rake $0 
Seat 1: Alex ANL (button) folded before Flop (didn't bet)
Seat 2: speersort (small blind) folded before Flop
Seat 3: Theodor109 (big blind) folded before Flop
Seat 4: Rig Sick* folded before Flop (didn't bet)
Seat 6: Alameda22 collected ($0.60)
Seat 7: Silke85 folded before Flop (didn't bet)
Seat 8: Supplant folded before Flop (didn't bet)
Seat 9: ageandla folded before Flop (didn't bet)



PokerStars Game #20143849710:  Hold'em No Limit ($0.10/$0.25) - 2008/09/04 14:53:23 ET
Table 'Planman' 9-max Seat #2 is the button
Seat 1: Alex ANL ($25 in chips) 
Seat 2: speersort ($5.75 in chips) 
Seat 3: Theodor109 ($25.60 in chips) 
Seat 4: Rig Sick* ($21.60 in chips) 
Seat 6: Alameda22 ($33 in chips) 
Seat 7: Silke85 ($8.15 in chips) 
Seat 8: Supplant ($4.10 in chips) 
Seat 9: ageandla ($4.65 in chips) 
Theodor109: posts small blind $0.10
Rig Sick*: posts big blind $0.25
*** HOLE CARDS ***
Dealt to Alameda22 [2c 7s]
Alameda22: folds 
Silke85: folds 
Supplant: folds 
ageandla: folds 
Alex ANL: calls $0.25
speersort: calls $0.25
Theodor109: folds 
Rig Sick*: checks 
*** FLOP *** [Jh 6c 5c]
Rig Sick*: checks 
Alex ANL: checks 
speersort: checks 
*** TURN *** [Jh 6c 5c] [7h]
Rig Sick*: checks 
Alex ANL: bets $0.50
speersort: folds 
Rig Sick*: folds 
Uncalled bet ($0.50) returned to Alex ANL
Alex ANL collected $0.85 from pot
Alex ANL: doesn't show hand 
*** SUMMARY ***
Total pot $0.85 | Rake $0 
Board [Jh 6c 5c 7h]
Seat 1: Alex ANL collected ($0.85)
Seat 2: speersort (button) folded on the Turn
Seat 3: Theodor109 (small blind) folded before Flop
Seat 4: Rig Sick* (big blind) folded on the Turn
Seat 6: Alameda22 folded before Flop (didn't bet)
Seat 7: Silke85 folded before Flop (didn't bet)
Seat 8: Supplant folded before Flop (didn't bet)
Seat 9: ageandla folded before Flop (didn't bet)



