PokerStars Game #20022138871:  Hold'em No Limit ($0.10/$0.25) - 2008/08/30 - 18:07:12 (ET)
Table 'Bouzareah' 9-max Seat #7 is the button
Seat 1: Beregond ($29.50 in chips) 
Seat 2: Lenine ($13.50 in chips) 
Seat 3: Gixxer2007 ($30.10 in chips) 
Seat 4: ld788 ($32.35 in chips) 
Seat 5: Teijeiro ($25.20 in chips) 
Seat 6: Alameda22 ($25 in chips) 
Seat 7: Sunny-206 ($27.15 in chips) 
Seat 8: N.D.B ($10.10 in chips) 
Seat 9: Lord Drone ($67.85 in chips) 
N.D.B: posts small blind $0.10
Lord Drone: posts big blind $0.25
Alameda22: posts big blind $0.25
*** HOLE CARDS ***
Dealt to Alameda22 [8h 2d]
Beregond: folds 
Lenine: folds 
Gixxer2007: folds 
ld788: folds 
Teijeiro: folds 
Alameda22: checks 
Sunny-206: folds 
N.D.B: folds 
Lord Drone: checks 
*** FLOP *** [Ad 6d Js]
Lord Drone: checks 
Alameda22: checks 
*** TURN *** [Ad 6d Js] [Qs]
Lord Drone: checks 
Alameda22: checks 
*** RIVER *** [Ad 6d Js Qs] [4h]
Lord Drone: checks 
Alameda22: checks 
*** SHOW DOWN ***
Lord Drone: shows [8d 5s] (high card Ace)
Alameda22: shows [8h 2d] (high card Ace)
Lord Drone collected $0.30 from pot
Alameda22 collected $0.30 from pot
*** SUMMARY ***
Total pot $0.60 | Rake $0 
Board [Ad 6d Js Qs 4h]
Seat 1: Beregond folded before Flop (didn't bet)
Seat 2: Lenine folded before Flop (didn't bet)
Seat 3: Gixxer2007 folded before Flop (didn't bet)
Seat 4: ld788 folded before Flop (didn't bet)
Seat 5: Teijeiro folded before Flop (didn't bet)
Seat 6: Alameda22 showed [8h 2d] and won ($0.30) with high card Ace
Seat 7: Sunny-206 (button) folded before Flop (didn't bet)
Seat 8: N.D.B (small blind) folded before Flop
Seat 9: Lord Drone (big blind) showed [8d 5s] and won ($0.30) with high card Ace



PokerStars Game #20022173487:  Hold'em No Limit ($0.10/$0.25) - 2008/08/30 - 18:08:44 (ET)
Table 'Bouzareah' 9-max Seat #8 is the button
Seat 1: Beregond ($29.50 in chips) 
Seat 2: Lenine ($13.50 in chips) 
Seat 3: Gixxer2007 ($30.10 in chips) 
Seat 4: ld788 ($32.35 in chips) 
Seat 5: Teijeiro ($25.20 in chips) 
Seat 6: Alameda22 ($25.05 in chips) 
Seat 7: Sunny-206 ($27.15 in chips) 
Seat 8: N.D.B ($10 in chips) 
Seat 9: Lord Drone ($67.90 in chips) 
Lord Drone: posts small blind $0.10
Beregond: posts big blind $0.25
*** HOLE CARDS ***
Dealt to Alameda22 [7s 2s]
Lenine: raises $0.50 to $0.75
Gixxer2007: folds 
ld788: folds 
Teijeiro: folds 
Alameda22: folds 
Sunny-206: folds 
N.D.B: folds 
Lord Drone: folds 
Beregond: folds 
Uncalled bet ($0.50) returned to Lenine
Lenine collected $0.60 from pot
Lenine: doesn't show hand 
*** SUMMARY ***
Total pot $0.60 | Rake $0 
Seat 1: Beregond (big blind) folded before Flop
Seat 2: Lenine collected ($0.60)
Seat 3: Gixxer2007 folded before Flop (didn't bet)
Seat 4: ld788 folded before Flop (didn't bet)
Seat 5: Teijeiro folded before Flop (didn't bet)
Seat 6: Alameda22 folded before Flop (didn't bet)
Seat 7: Sunny-206 folded before Flop (didn't bet)
Seat 8: N.D.B (button) folded before Flop (didn't bet)
Seat 9: Lord Drone (small blind) folded before Flop



PokerStars Game #20022184972:  Hold'em No Limit ($0.10/$0.25) - 2008/08/30 - 18:09:14 (ET)
Table 'Bouzareah' 9-max Seat #9 is the button
Seat 1: Beregond ($29.25 in chips) 
Seat 2: Lenine ($13.85 in chips) 
Seat 3: Gixxer2007 ($30.10 in chips) 
Seat 4: ld788 ($32.35 in chips) 
Seat 5: Teijeiro ($25.20 in chips) 
Seat 6: Alameda22 ($25.05 in chips) 
Seat 7: Sunny-206 ($27.15 in chips) 
Seat 8: N.D.B ($10 in chips) 
Seat 9: Lord Drone ($67.80 in chips) 
Beregond: posts small blind $0.10
Lenine: posts big blind $0.25
*** HOLE CARDS ***
Dealt to Alameda22 [8c 9h]
Gixxer2007: folds 
ld788: folds 
Teijeiro: folds 
Alameda22: folds 
Sunny-206: folds 
N.D.B: folds 
Lord Drone: folds 
Beregond: calls $0.15
Lenine: raises $1.25 to $1.50
Beregond: folds 
Uncalled bet ($1.25) returned to Lenine
Lenine collected $0.50 from pot
Lenine: doesn't show hand 
*** SUMMARY ***
Total pot $0.50 | Rake $0 
Seat 1: Beregond (small blind) folded before Flop
Seat 2: Lenine (big blind) collected ($0.50)
Seat 3: Gixxer2007 folded before Flop (didn't bet)
Seat 4: ld788 folded before Flop (didn't bet)
Seat 5: Teijeiro folded before Flop (didn't bet)
Seat 6: Alameda22 folded before Flop (didn't bet)
Seat 7: Sunny-206 folded before Flop (didn't bet)
Seat 8: N.D.B folded before Flop (didn't bet)
Seat 9: Lord Drone (button) folded before Flop (didn't bet)



PokerStars Game #20022204311:  Hold'em No Limit ($0.10/$0.25) - 2008/08/30 - 18:10:05 (ET)
Table 'Bouzareah' 9-max Seat #1 is the button
Seat 1: Beregond ($29 in chips) 
Seat 2: Lenine ($14.10 in chips) 
Seat 3: Gixxer2007 ($30.10 in chips) 
Seat 4: ld788 ($32.35 in chips) 
Seat 5: Teijeiro ($25.20 in chips) 
Seat 6: Alameda22 ($25.05 in chips) 
Seat 7: Sunny-206 ($27.15 in chips) 
Seat 8: N.D.B ($10 in chips) 
Seat 9: Lord Drone ($67.80 in chips) 
Lenine: posts small blind $0.10
Gixxer2007: posts big blind $0.25
*** HOLE CARDS ***
Dealt to Alameda22 [Qh Jd]
ld788: folds 
Teijeiro: folds 
Alameda22: folds 
Sunny-206: folds 
N.D.B: folds 
Lord Drone: folds 
Beregond: folds 
Lenine: folds 
Uncalled bet ($0.15) returned to Gixxer2007
Gixxer2007 collected $0.20 from pot
Gixxer2007: doesn't show hand 
*** SUMMARY ***
Total pot $0.20 | Rake $0 
Seat 1: Beregond (button) folded before Flop (didn't bet)
Seat 2: Lenine (small blind) folded before Flop
Seat 3: Gixxer2007 (big blind) collected ($0.20)
Seat 4: ld788 folded before Flop (didn't bet)
Seat 5: Teijeiro folded before Flop (didn't bet)
Seat 6: Alameda22 folded before Flop (didn't bet)
Seat 7: Sunny-206 folded before Flop (didn't bet)
Seat 8: N.D.B folded before Flop (didn't bet)
Seat 9: Lord Drone folded before Flop (didn't bet)



PokerStars Game #20022215465:  Hold'em No Limit ($0.10/$0.25) - 2008/08/30 - 18:10:35 (ET)
Table 'Bouzareah' 9-max Seat #2 is the button
Seat 1: Beregond ($29 in chips) 
Seat 2: Lenine ($14 in chips) 
Seat 3: Gixxer2007 ($30.20 in chips) 
Seat 4: ld788 ($32.35 in chips) 
Seat 5: Teijeiro ($25.20 in chips) 
Seat 6: Alameda22 ($25.05 in chips) 
Seat 7: Sunny-206 ($27.15 in chips) 
Seat 8: N.D.B ($10 in chips) 
Seat 9: Lord Drone ($67.80 in chips) 
Gixxer2007: posts small blind $0.10
ld788: posts big blind $0.25
*** HOLE CARDS ***
Dealt to Alameda22 [Tc Td]
Teijeiro: folds 
Alameda22: raises $0.75 to $1
Sunny-206: folds 
N.D.B: folds 
Lord Drone: folds 
Beregond: folds 
Lenine: folds 
Gixxer2007: folds 
ld788: folds 
Uncalled bet ($0.75) returned to Alameda22
Alameda22 collected $0.60 from pot
Alameda22: doesn't show hand 
*** SUMMARY ***
Total pot $0.60 | Rake $0 
Seat 1: Beregond folded before Flop (didn't bet)
Seat 2: Lenine (button) folded before Flop (didn't bet)
Seat 3: Gixxer2007 (small blind) folded before Flop
Seat 4: ld788 (big blind) folded before Flop
Seat 5: Teijeiro folded before Flop (didn't bet)
Seat 6: Alameda22 collected ($0.60)
Seat 7: Sunny-206 folded before Flop (didn't bet)
Seat 8: N.D.B folded before Flop (didn't bet)
Seat 9: Lord Drone folded before Flop (didn't bet)



PokerStars Game #20022233164:  Hold'em No Limit ($0.10/$0.25) - 2008/08/30 - 18:11:23 (ET)
Table 'Bouzareah' 9-max Seat #3 is the button
Seat 1: Beregond ($29 in chips) 
Seat 2: Lenine ($14 in chips) 
Seat 3: Gixxer2007 ($30.10 in chips) 
Seat 4: ld788 ($32.10 in chips) 
Seat 6: Alameda22 ($25.40 in chips) 
Seat 7: Sunny-206 ($27.15 in chips) 
Seat 8: N.D.B ($10 in chips) 
Seat 9: Lord Drone ($67.80 in chips) 
ld788: posts small blind $0.10
Teijeiro: is sitting out 
Alameda22: posts big blind $0.25
*** HOLE CARDS ***
Dealt to Alameda22 [Ac Jh]
Teijeiro leaves the table
Sunny-206: folds 
N.D.B: calls $0.25
Lord Drone: folds 
Beregond: folds 
Lenine: folds 
Gixxer2007: folds 
ld788: folds 
Alameda22: checks 
*** FLOP *** [9s 8h 8s]
Alameda22: checks 
N.D.B: checks 
*** TURN *** [9s 8h 8s] [7h]
Alameda22: checks 
N.D.B: checks 
*** RIVER *** [9s 8h 8s 7h] [Qs]
Alameda22: checks 
N.D.B: bets $0.50
jimeny joins the table at seat #5 
Alameda22: folds 
Uncalled bet ($0.50) returned to N.D.B
N.D.B collected $0.60 from pot
N.D.B: doesn't show hand 
*** SUMMARY ***
Total pot $0.60 | Rake $0 
Board [9s 8h 8s 7h Qs]
Seat 1: Beregond folded before Flop (didn't bet)
Seat 2: Lenine folded before Flop (didn't bet)
Seat 3: Gixxer2007 (button) folded before Flop (didn't bet)
Seat 4: ld788 (small blind) folded before Flop
Seat 6: Alameda22 (big blind) folded on the River
Seat 7: Sunny-206 folded before Flop (didn't bet)
Seat 8: N.D.B collected ($0.60)
Seat 9: Lord Drone folded before Flop (didn't bet)



PokerStars Game #20022262594:  Hold'em No Limit ($0.10/$0.25) - 2008/08/30 - 18:12:42 (ET)
Table 'Bouzareah' 9-max Seat #4 is the button
Seat 1: Beregond ($29 in chips) 
Seat 2: Lenine ($14 in chips) 
Seat 3: Gixxer2007 ($30.10 in chips) 
Seat 4: ld788 ($32 in chips) 
Seat 6: Alameda22 ($25.15 in chips) 
Seat 7: Sunny-206 ($27.15 in chips) 
Seat 8: N.D.B ($10.35 in chips) 
Seat 9: Lord Drone ($67.80 in chips) 
jimeny will be allowed to play after the button
Alameda22: posts small blind $0.10
Sunny-206: posts big blind $0.25
*** HOLE CARDS ***
Dealt to Alameda22 [3s 7s]
N.D.B: folds 
Lord Drone: folds 
Beregond: folds 
Lenine: raises $1 to $1.25
Gixxer2007: folds 
ld788: folds 
Alameda22: folds 
Sunny-206: folds 
Uncalled bet ($1) returned to Lenine
Lenine collected $0.60 from pot
Lenine: doesn't show hand 
*** SUMMARY ***
Total pot $0.60 | Rake $0 
Seat 1: Beregond folded before Flop (didn't bet)
Seat 2: Lenine collected ($0.60)
Seat 3: Gixxer2007 folded before Flop (didn't bet)
Seat 4: ld788 (button) folded before Flop (didn't bet)
Seat 6: Alameda22 (small blind) folded before Flop
Seat 7: Sunny-206 (big blind) folded before Flop
Seat 8: N.D.B folded before Flop (didn't bet)
Seat 9: Lord Drone folded before Flop (didn't bet)



PokerStars Game #20022282232:  Hold'em No Limit ($0.10/$0.25) - 2008/08/30 - 18:13:35 (ET)
Table 'Bouzareah' 9-max Seat #6 is the button
Seat 1: Beregond ($29 in chips) 
Seat 2: Lenine ($14.35 in chips) 
Seat 3: Gixxer2007 ($30.10 in chips) 
Seat 4: ld788 ($32 in chips) 
Seat 5: jimeny ($25 in chips) 
Seat 6: Alameda22 ($25.05 in chips) 
Seat 7: Sunny-206 ($26.90 in chips) 
Seat 9: Lord Drone ($67.80 in chips) 
Sunny-206: posts small blind $0.10
N.D.B: is sitting out 
Lord Drone: posts big blind $0.25
jimeny: posts big blind $0.25
*** HOLE CARDS ***
Dealt to Alameda22 [As Jd]
Beregond: folds 
N.D.B leaves the table
Lenine: folds 
Gixxer2007: folds 
ld788: folds 
jimeny: checks 
Alameda22: raises $1 to $1.25
Sunny-206: folds 
Lord Drone: folds 
jimeny: folds 
Uncalled bet ($1) returned to Alameda22
Alameda22 collected $0.85 from pot
Alameda22: doesn't show hand 
*** SUMMARY ***
Total pot $0.85 | Rake $0 
Seat 1: Beregond folded before Flop (didn't bet)
Seat 2: Lenine folded before Flop (didn't bet)
Seat 3: Gixxer2007 folded before Flop (didn't bet)
Seat 4: ld788 folded before Flop (didn't bet)
Seat 5: jimeny folded before Flop
Seat 6: Alameda22 (button) collected ($0.85)
Seat 7: Sunny-206 (small blind) folded before Flop
Seat 9: Lord Drone (big blind) folded before Flop



PokerStars Game #20022304290:  Hold'em No Limit ($0.10/$0.25) - 2008/08/30 - 18:14:35 (ET)
Table 'Bouzareah' 9-max Seat #7 is the button
Seat 1: Beregond ($29 in chips) 
Seat 2: Lenine ($14.35 in chips) 
Seat 3: Gixxer2007 ($30.10 in chips) 
Seat 4: ld788 ($32 in chips) 
Seat 5: jimeny ($24.75 in chips) 
Seat 6: Alameda22 ($25.65 in chips) 
Seat 7: Sunny-206 ($26.80 in chips) 
Seat 9: Lord Drone ($67.55 in chips) 
Lord Drone: posts small blind $0.10
Beregond: posts big blind $0.25
*** HOLE CARDS ***
Dealt to Alameda22 [3s Qd]
Lenine: calls $0.25
Gixxer2007: folds 
Elson Silva joins the table at seat #8 
ld788: folds 
jimeny: folds 
Alameda22: folds 
Sunny-206: folds 
Lord Drone: raises $2 to $2.25
Beregond: folds 
Lenine: folds 
Uncalled bet ($2) returned to Lord Drone
Lord Drone collected $0.75 from pot
*** SUMMARY ***
Total pot $0.75 | Rake $0 
Seat 1: Beregond (big blind) folded before Flop
Seat 2: Lenine folded before Flop
Seat 3: Gixxer2007 folded before Flop (didn't bet)
Seat 4: ld788 folded before Flop (didn't bet)
Seat 5: jimeny folded before Flop (didn't bet)
Seat 6: Alameda22 folded before Flop (didn't bet)
Seat 7: Sunny-206 (button) folded before Flop (didn't bet)
Seat 9: Lord Drone (small blind) collected ($0.75)



PokerStars Game #20022320261:  Hold'em No Limit ($0.10/$0.25) - 2008/08/30 - 18:15:18 (ET)
Table 'Bouzareah' 9-max Seat #9 is the button
Seat 1: Beregond ($28.75 in chips) 
Seat 2: Lenine ($14.10 in chips) 
Seat 3: Gixxer2007 ($30.10 in chips) 
Seat 4: ld788 ($32 in chips) 
Seat 5: jimeny ($24.75 in chips) 
Seat 6: Alameda22 ($25.65 in chips) 
Seat 7: Sunny-206 ($26.80 in chips) 
Seat 8: Elson Silva ($15 in chips) 
Seat 9: Lord Drone ($68.05 in chips) 
Beregond: posts small blind $0.10
Lenine: posts big blind $0.25
Elson Silva: posts big blind $0.25
*** HOLE CARDS ***
Dealt to Alameda22 [Td 7c]
Gixxer2007: folds 
ld788: calls $0.25
jimeny: calls $0.25
Alameda22: folds 
Sunny-206: folds 
Elson Silva: checks 
Lord Drone: folds 
Beregond: folds 
Lenine: checks 
*** FLOP *** [Jd Ad Kc]
Lenine: checks 
ld788: checks 
jimeny: bets $0.25
Elson Silva: folds 
Lenine: folds 
ld788: folds 
Uncalled bet ($0.25) returned to jimeny
jimeny collected $1.05 from pot
*** SUMMARY ***
Total pot $1.10 | Rake $0.05 
Board [Jd Ad Kc]
Seat 1: Beregond (small blind) folded before Flop
Seat 2: Lenine (big blind) folded on the Flop
Seat 3: Gixxer2007 folded before Flop (didn't bet)
Seat 4: ld788 folded on the Flop
Seat 5: jimeny collected ($1.05)
Seat 6: Alameda22 folded before Flop (didn't bet)
Seat 7: Sunny-206 folded before Flop (didn't bet)
Seat 8: Elson Silva folded on the Flop
Seat 9: Lord Drone (button) folded before Flop (didn't bet)



PokerStars Game #20022350619:  Hold'em No Limit ($0.10/$0.25) - 2008/08/30 - 18:16:40 (ET)
Table 'Bouzareah' 9-max Seat #1 is the button
Seat 1: Beregond ($28.65 in chips) 
Seat 2: Lenine ($13.85 in chips) 
Seat 3: Gixxer2007 ($30.10 in chips) 
Seat 4: ld788 ($31.75 in chips) 
Seat 5: jimeny ($25.55 in chips) 
Seat 6: Alameda22 ($25.65 in chips) 
Seat 7: Sunny-206 ($26.80 in chips) 
Seat 8: Elson Silva ($14.75 in chips) 
Seat 9: Lord Drone ($68.05 in chips) 
Lenine: posts small blind $0.10
Gixxer2007: posts big blind $0.25
*** HOLE CARDS ***
Dealt to Alameda22 [4h Tc]
ld788: folds 
jimeny: calls $0.25
Alameda22: folds 
Sunny-206: folds 
Elson Silva has timed out
Elson Silva: folds 
Elson Silva is sitting out
Lord Drone: folds 
Beregond: calls $0.25
Lenine: calls $0.15
Gixxer2007: checks 
*** FLOP *** [Ad 4s 6s]
Lenine: checks 
Gixxer2007: checks 
jimeny: bets $0.75
Beregond: folds 
Lenine: folds 
Lenine leaves the table
Gixxer2007: raises $1.75 to $2.50
jimeny: calls $1.75
*** TURN *** [Ad 4s 6s] [Ks]
Gixxer2007: checks 
jimeny: checks 
*** RIVER *** [Ad 4s 6s Ks] [Qd]
Gixxer2007: checks 
jimeny: checks 
*** SHOW DOWN ***
Gixxer2007: shows [5d 3c] (high card Ace)
jimeny: shows [7h 7s] (a pair of Sevens)
jimeny collected $5.75 from pot
*** SUMMARY ***
Total pot $6 | Rake $0.25 
Board [Ad 4s 6s Ks Qd]
Seat 1: Beregond (button) folded on the Flop
Seat 2: Lenine (small blind) folded on the Flop
Seat 3: Gixxer2007 (big blind) showed [5d 3c] and lost with high card Ace
Seat 4: ld788 folded before Flop (didn't bet)
Seat 5: jimeny showed [7h 7s] and won ($5.75) with a pair of Sevens
Seat 6: Alameda22 folded before Flop (didn't bet)
Seat 7: Sunny-206 folded before Flop (didn't bet)
Seat 8: Elson Silva folded before Flop (didn't bet)
Seat 9: Lord Drone folded before Flop (didn't bet)



PokerStars Game #20022407540:  Hold'em No Limit ($0.10/$0.25) - 2008/08/30 - 18:19:13 (ET)
Table 'Bouzareah' 9-max Seat #3 is the button
Seat 1: Beregond ($28.40 in chips) 
Seat 3: Gixxer2007 ($27.35 in chips) 
Seat 4: ld788 ($31.75 in chips) 
Seat 5: jimeny ($28.55 in chips) 
Seat 6: Alameda22 ($25.65 in chips) 
Seat 7: Sunny-206 ($26.80 in chips) 
Seat 9: Lord Drone ($68.05 in chips) 
ld788: posts small blind $0.10
jimeny: posts big blind $0.25
*** HOLE CARDS ***
Dealt to Alameda22 [As Ts]
Alameda22: folds 
Sunny-206: folds 
Lord Drone: folds 
Beregond: folds 
Gixxer2007: folds 
ld788: folds 
Uncalled bet ($0.15) returned to jimeny
Lord Drone is sitting out
jimeny collected $0.20 from pot
Lord Drone leaves the table
*** SUMMARY ***
Total pot $0.20 | Rake $0 
Seat 1: Beregond folded before Flop (didn't bet)
Seat 3: Gixxer2007 (button) folded before Flop (didn't bet)
Seat 4: ld788 (small blind) folded before Flop
Seat 5: jimeny (big blind) collected ($0.20)
Seat 6: Alameda22 folded before Flop (didn't bet)
Seat 7: Sunny-206 folded before Flop (didn't bet)
Seat 9: Lord Drone folded before Flop (didn't bet)



PokerStars Game #20022421232:  Hold'em No Limit ($0.10/$0.25) - 2008/08/30 - 18:19:51 (ET)
Table 'Bouzareah' 9-max Seat #4 is the button
Seat 1: Beregond ($28.40 in chips) 
Seat 3: Gixxer2007 ($27.35 in chips) 
Seat 4: ld788 ($31.65 in chips) 
Seat 5: jimeny ($28.65 in chips) 
Seat 6: Alameda22 ($25.65 in chips) 
Seat 7: Sunny-206 ($26.80 in chips) 
jimeny: posts small blind $0.10
Alameda22: posts big blind $0.25
*** HOLE CARDS ***
Dealt to Alameda22 [Tc 6h]
Sunny-206: folds 
Beregond: folds 
Gixxer2007: raises $0.75 to $1
ld788: folds 
jimeny: folds 
Alameda22: folds 
Uncalled bet ($0.75) returned to Gixxer2007
Gixxer2007 collected $0.60 from pot
Gixxer2007: doesn't show hand 
*** SUMMARY ***
Total pot $0.60 | Rake $0 
Seat 1: Beregond folded before Flop (didn't bet)
Seat 3: Gixxer2007 collected ($0.60)
Seat 4: ld788 (button) folded before Flop (didn't bet)
Seat 5: jimeny (small blind) folded before Flop
Seat 6: Alameda22 (big blind) folded before Flop
Seat 7: Sunny-206 folded before Flop (didn't bet)



PokerStars Game #20022430108:  Hold'em No Limit ($0.10/$0.25) - 2008/08/30 - 18:20:15 (ET)
Table 'Bouzareah' 9-max Seat #5 is the button
Seat 1: Beregond ($28.40 in chips) 
Seat 3: Gixxer2007 ($27.70 in chips) 
Seat 4: ld788 ($31.65 in chips) 
Seat 5: jimeny ($28.55 in chips) 
Seat 6: Alameda22 ($25.40 in chips) 
Seat 7: Sunny-206 ($26.80 in chips) 
Alameda22: posts small blind $0.10
Sunny-206: posts big blind $0.25
*** HOLE CARDS ***
Dealt to Alameda22 [Qd Qs]
Beregond: folds 
Gixxer2007: raises $0.75 to $1
ld788: folds 
jimeny: folds 
Alameda22: raises $2.50 to $3.50
Sunny-206: folds 
Gixxer2007: calls $2.50
*** FLOP *** [Ac 4s 7d]
Alameda22: checks 
Gixxer2007: bets $6
Alameda22: folds 
Uncalled bet ($6) returned to Gixxer2007
Gixxer2007 collected $6.90 from pot
Gixxer2007: doesn't show hand 
*** SUMMARY ***
Total pot $7.25 | Rake $0.35 
Board [Ac 4s 7d]
Seat 1: Beregond folded before Flop (didn't bet)
Seat 3: Gixxer2007 collected ($6.90)
Seat 4: ld788 folded before Flop (didn't bet)
Seat 5: jimeny (button) folded before Flop (didn't bet)
Seat 6: Alameda22 (small blind) folded on the Flop
Seat 7: Sunny-206 (big blind) folded before Flop



PokerStars Game #20022452005:  Hold'em No Limit ($0.10/$0.25) - 2008/08/30 - 18:21:15 (ET)
Table 'Bouzareah' 9-max Seat #6 is the button
Seat 1: Beregond ($28.40 in chips) 
Seat 3: Gixxer2007 ($31.10 in chips) 
Seat 4: ld788 ($31.65 in chips) 
Seat 5: jimeny ($28.55 in chips) 
Seat 6: Alameda22 ($21.90 in chips) 
Seat 7: Sunny-206 ($26.55 in chips) 
Sunny-206: posts small blind $0.10
Beregond: posts big blind $0.25
*** HOLE CARDS ***
Dealt to Alameda22 [7d Js]
Gixxer2007: folds 
ld788: raises $1.25 to $1.50
jimeny: calls $1.50
Alameda22: folds 
Sunny-206: folds 
Beregond: folds 
*** FLOP *** [6h 8h 2s]
ld788: bets $2
jimeny: calls $2
*** TURN *** [6h 8h 2s] [7c]
EKrahn joins the table at seat #2 
Elson Silva has returned
ld788: bets $3.50
jimeny: calls $3.50
*** RIVER *** [6h 8h 2s 7c] [5c]
imaliveru joins the table at seat #9 
ld788: bets $3.25
jimeny: folds 
Uncalled bet ($3.25) returned to ld788
ld788 collected $13.65 from pot
*** SUMMARY ***
Total pot $14.35 | Rake $0.70 
Board [6h 8h 2s 7c 5c]
Seat 1: Beregond (big blind) folded before Flop
Seat 3: Gixxer2007 folded before Flop (didn't bet)
Seat 4: ld788 collected ($13.65)
Seat 5: jimeny folded on the River
Seat 6: Alameda22 (button) folded before Flop (didn't bet)
Seat 7: Sunny-206 (small blind) folded before Flop



PokerStars Game #20022492056:  Hold'em No Limit ($0.10/$0.25) - 2008/08/30 - 18:23:04 (ET)
Table 'Bouzareah' 9-max Seat #7 is the button
Seat 1: Beregond ($28.15 in chips) 
Seat 2: EKrahn ($15 in chips) 
Seat 3: Gixxer2007 ($31.10 in chips) 
Seat 4: ld788 ($38.30 in chips) 
Seat 5: jimeny ($21.55 in chips) 
Seat 6: Alameda22 ($21.90 in chips) 
Seat 7: Sunny-206 ($26.45 in chips) 
Elson Silva will be allowed to play after the button
imaliveru will be allowed to play after the button
Beregond: posts small blind $0.10
EKrahn: posts big blind $0.25
*** HOLE CARDS ***
Dealt to Alameda22 [Jd 7d]
Gixxer2007: raises $0.25 to $0.50
ld788: folds 
jimeny: folds 
Alameda22: folds 
Sunny-206: folds 
Beregond: folds 
EKrahn: calls $0.25
*** FLOP *** [7h 2h Td]
EKrahn: checks 
Gixxer2007: checks 
*** TURN *** [7h 2h Td] [6h]
EKrahn: bets $0.50
Gixxer2007: calls $0.50
*** RIVER *** [7h 2h Td 6h] [8s]
EKrahn: bets $1.25
Gixxer2007: folds 
Uncalled bet ($1.25) returned to EKrahn
EKrahn collected $2 from pot
EKrahn: doesn't show hand 
*** SUMMARY ***
Total pot $2.10 | Rake $0.10 
Board [7h 2h Td 6h 8s]
Seat 1: Beregond (small blind) folded before Flop
Seat 2: EKrahn (big blind) collected ($2)
Seat 3: Gixxer2007 folded on the River
Seat 4: ld788 folded before Flop (didn't bet)
Seat 5: jimeny folded before Flop (didn't bet)
Seat 6: Alameda22 folded before Flop (didn't bet)
Seat 7: Sunny-206 (button) folded before Flop (didn't bet)



PokerStars Game #20022526441:  Hold'em No Limit ($0.10/$0.25) - 2008/08/30 - 18:24:39 (ET)
Table 'Bouzareah' 9-max Seat #1 is the button
Seat 1: Beregond ($28.05 in chips) 
Seat 2: EKrahn ($16 in chips) 
Seat 3: Gixxer2007 ($30.10 in chips) 
Seat 4: ld788 ($38.30 in chips) 
Seat 5: jimeny ($21.55 in chips) 
Seat 6: Alameda22 ($21.90 in chips) 
Seat 7: Sunny-206 ($26.45 in chips) 
Seat 8: Elson Silva ($14.75 in chips) 
Seat 9: imaliveru ($20 in chips) 
EKrahn: posts small blind $0.10
Gixxer2007: posts big blind $0.25
Elson Silva: posts small & big blinds $0.35
imaliveru: posts big blind $0.25
*** HOLE CARDS ***
Dealt to Alameda22 [8s 6h]
ld788: folds 
jimeny: raises $1 to $1.25
Alameda22: folds 
Sunny-206: folds 
Elson Silva: folds 
imaliveru: folds 
Beregond: folds 
EKrahn: folds 
Gixxer2007: folds 
Uncalled bet ($1) returned to jimeny
jimeny collected $1.20 from pot
*** SUMMARY ***
Total pot $1.20 | Rake $0 
Seat 1: Beregond (button) folded before Flop (didn't bet)
Seat 2: EKrahn (small blind) folded before Flop
Seat 3: Gixxer2007 (big blind) folded before Flop
Seat 4: ld788 folded before Flop (didn't bet)
Seat 5: jimeny collected ($1.20)
Seat 6: Alameda22 folded before Flop (didn't bet)
Seat 7: Sunny-206 folded before Flop (didn't bet)
Seat 8: Elson Silva folded before Flop
Seat 9: imaliveru folded before Flop



PokerStars Game #20022554386:  Hold'em No Limit ($0.10/$0.25) - 2008/08/30 - 18:25:55 (ET)
Table 'Bouzareah' 9-max Seat #2 is the button
Seat 1: Beregond ($28.05 in chips) 
Seat 2: EKrahn ($15.90 in chips) 
Seat 3: Gixxer2007 ($29.85 in chips) 
Seat 4: ld788 ($38.30 in chips) 
Seat 5: jimeny ($22.50 in chips) 
Seat 6: Alameda22 ($21.90 in chips) 
Seat 7: Sunny-206 ($26.45 in chips) 
Seat 8: Elson Silva ($14.40 in chips) 
Seat 9: imaliveru ($19.75 in chips) 
Gixxer2007: posts small blind $0.10
ld788: posts big blind $0.25
*** HOLE CARDS ***
Dealt to Alameda22 [8s Js]
jimeny: folds 
Alameda22: folds 
Sunny-206: folds 
Elson Silva: folds 
imaliveru: folds 
Beregond: folds 
EKrahn: folds 
Gixxer2007: folds 
Uncalled bet ($0.15) returned to ld788
ld788 collected $0.20 from pot
*** SUMMARY ***
Total pot $0.20 | Rake $0 
Seat 1: Beregond folded before Flop (didn't bet)
Seat 2: EKrahn (button) folded before Flop (didn't bet)
Seat 3: Gixxer2007 (small blind) folded before Flop
Seat 4: ld788 (big blind) collected ($0.20)
Seat 5: jimeny folded before Flop (didn't bet)
Seat 6: Alameda22 folded before Flop (didn't bet)
Seat 7: Sunny-206 folded before Flop (didn't bet)
Seat 8: Elson Silva folded before Flop (didn't bet)
Seat 9: imaliveru folded before Flop (didn't bet)



PokerStars Game #20022566479:  Hold'em No Limit ($0.10/$0.25) - 2008/08/30 - 18:26:28 (ET)
Table 'Bouzareah' 9-max Seat #3 is the button
Seat 1: Beregond ($28.05 in chips) 
Seat 2: EKrahn ($15.90 in chips) 
Seat 3: Gixxer2007 ($29.75 in chips) 
Seat 4: ld788 ($38.40 in chips) 
Seat 5: jimeny ($22.50 in chips) 
Seat 6: Alameda22 ($21.90 in chips) 
Seat 7: Sunny-206 ($26.45 in chips) 
Seat 8: Elson Silva ($14.40 in chips) 
Seat 9: imaliveru ($19.75 in chips) 
ld788: posts small blind $0.10
jimeny: posts big blind $0.25
*** HOLE CARDS ***
Dealt to Alameda22 [3d 6c]
Alameda22: folds 
Sunny-206: calls $0.25
Elson Silva: raises $0.35 to $0.60
imaliveru: calls $0.60
Beregond: folds 
EKrahn: folds 
Gixxer2007: folds 
ld788: folds 
jimeny: calls $0.35
Sunny-206: calls $0.35
*** FLOP *** [9d 8c Qc]
jimeny: checks 
Sunny-206: checks 
Elson Silva: checks 
imaliveru: checks 
*** TURN *** [9d 8c Qc] [4s]
jimeny: bets $0.75
Sunny-206: folds 
Elson Silva: raises $0.75 to $1.50
imaliveru: calls $1.50
jimeny: calls $0.75
*** RIVER *** [9d 8c Qc 4s] [Jd]
jimeny: checks 
Elson Silva: bets $3
imaliveru: raises $3 to $6
jimeny: folds 
Elson Silva: calls $3
*** SHOW DOWN ***
imaliveru: shows [Tc Kc] (a straight, Nine to King)
Elson Silva: mucks hand 
imaliveru collected $18.10 from pot
*** SUMMARY ***
Total pot $19 | Rake $0.90 
Board [9d 8c Qc 4s Jd]
Seat 1: Beregond folded before Flop (didn't bet)
Seat 2: EKrahn folded before Flop (didn't bet)
Seat 3: Gixxer2007 (button) folded before Flop (didn't bet)
Seat 4: ld788 (small blind) folded before Flop
Seat 5: jimeny (big blind) folded on the River
Seat 6: Alameda22 folded before Flop (didn't bet)
Seat 7: Sunny-206 folded on the Turn
Seat 8: Elson Silva mucked [Th Jh]
Seat 9: imaliveru showed [Tc Kc] and won ($18.10) with a straight, Nine to King



PokerStars Game #20022611702:  Hold'em No Limit ($0.10/$0.25) - 2008/08/30 - 18:28:33 (ET)
Table 'Bouzareah' 9-max Seat #4 is the button
Seat 1: Beregond ($28.05 in chips) 
Seat 2: EKrahn ($15.90 in chips) 
Seat 3: Gixxer2007 ($29.75 in chips) 
Seat 4: ld788 ($38.30 in chips) 
Seat 5: jimeny ($20.40 in chips) 
Seat 6: Alameda22 ($21.90 in chips) 
Seat 7: Sunny-206 ($25.85 in chips) 
Seat 8: Elson Silva ($6.30 in chips) 
Seat 9: imaliveru ($29.75 in chips) 
jimeny: posts small blind $0.10
Alameda22: posts big blind $0.25
*** HOLE CARDS ***
Dealt to Alameda22 [3d Jh]
Sunny-206: folds 
Elson Silva: folds 
imaliveru: folds 
Beregond: folds 
EKrahn: folds 
Gixxer2007: folds 
ld788: folds 
jimeny: calls $0.15
Alameda22: checks 
*** FLOP *** [Kh 6h 2c]
jimeny: checks 
Alameda22: checks 
*** TURN *** [Kh 6h 2c] [As]
jimeny: checks 
Alameda22: checks 
*** RIVER *** [Kh 6h 2c As] [Tc]
jimeny: checks 
Alameda22: checks 
*** SHOW DOWN ***
jimeny: shows [8c 9d] (high card Ace)
Alameda22: shows [3d Jh] (high card Ace - King+Jack kicker)
Alameda22 collected $0.50 from pot
*** SUMMARY ***
Total pot $0.50 | Rake $0 
Board [Kh 6h 2c As Tc]
Seat 1: Beregond folded before Flop (didn't bet)
Seat 2: EKrahn folded before Flop (didn't bet)
Seat 3: Gixxer2007 folded before Flop (didn't bet)
Seat 4: ld788 (button) folded before Flop (didn't bet)
Seat 5: jimeny (small blind) showed [8c 9d] and lost with high card Ace
Seat 6: Alameda22 (big blind) showed [3d Jh] and won ($0.50) with high card Ace
Seat 7: Sunny-206 folded before Flop (didn't bet)
Seat 8: Elson Silva folded before Flop (didn't bet)
Seat 9: imaliveru folded before Flop (didn't bet)



PokerStars Game #20022632716:  Hold'em No Limit ($0.10/$0.25) - 2008/08/30 - 18:29:31 (ET)
Table 'Bouzareah' 9-max Seat #5 is the button
Seat 1: Beregond ($28.05 in chips) 
Seat 2: EKrahn ($15.90 in chips) 
Seat 3: Gixxer2007 ($29.75 in chips) 
Seat 4: ld788 ($38.30 in chips) 
Seat 5: jimeny ($20.15 in chips) 
Seat 6: Alameda22 ($22.15 in chips) 
Seat 7: Sunny-206 ($25.85 in chips) 
Seat 8: Elson Silva ($6.30 in chips) 
Seat 9: imaliveru ($29.75 in chips) 
Alameda22: posts small blind $0.10
Sunny-206: posts big blind $0.25
*** HOLE CARDS ***
Dealt to Alameda22 [Kh Js]
Elson Silva has timed out
Elson Silva: folds 
Elson Silva is sitting out
imaliveru: folds 
Beregond: folds 
EKrahn: folds 
Gixxer2007: folds 
ld788: folds 
jimeny: folds 
Alameda22: folds 
Uncalled bet ($0.15) returned to Sunny-206
Sunny-206 collected $0.20 from pot
*** SUMMARY ***
Total pot $0.20 | Rake $0 
Seat 1: Beregond folded before Flop (didn't bet)
Seat 2: EKrahn folded before Flop (didn't bet)
Seat 3: Gixxer2007 folded before Flop (didn't bet)
Seat 4: ld788 folded before Flop (didn't bet)
Seat 5: jimeny (button) folded before Flop (didn't bet)
Seat 6: Alameda22 (small blind) folded before Flop
Seat 7: Sunny-206 (big blind) collected ($0.20)
Seat 8: Elson Silva folded before Flop (didn't bet)
Seat 9: imaliveru folded before Flop (didn't bet)



PokerStars Game #20022653703:  Hold'em No Limit ($0.10/$0.25) - 2008/08/30 - 18:30:29 (ET)
Table 'Bouzareah' 9-max Seat #6 is the button
Seat 1: Beregond ($28.05 in chips) 
Seat 2: EKrahn ($15.90 in chips) 
Seat 3: Gixxer2007 ($29.75 in chips) 
Seat 4: ld788 ($38.30 in chips) 
Seat 5: jimeny ($20.15 in chips) 
Seat 6: Alameda22 ($22.05 in chips) 
Seat 7: Sunny-206 ($25.95 in chips) 
Seat 9: imaliveru ($29.75 in chips) 
Sunny-206: posts small blind $0.10
imaliveru: posts big blind $0.25
*** HOLE CARDS ***
Dealt to Alameda22 [2h 8c]
Beregond: folds 
EKrahn: calls $0.25
Gixxer2007: folds 
ld788: folds 
jimeny: folds 
Alameda22: folds 
Sunny-206: folds 
imaliveru: checks 
*** FLOP *** [4d 3c Jh]
imaliveru: checks 
EKrahn: bets $0.50
imaliveru: folds 
Uncalled bet ($0.50) returned to EKrahn
EKrahn collected $0.60 from pot
EKrahn: doesn't show hand 
*** SUMMARY ***
Total pot $0.60 | Rake $0 
Board [4d 3c Jh]
Seat 1: Beregond folded before Flop (didn't bet)
Seat 2: EKrahn collected ($0.60)
Seat 3: Gixxer2007 folded before Flop (didn't bet)
Seat 4: ld788 folded before Flop (didn't bet)
Seat 5: jimeny folded before Flop (didn't bet)
Seat 6: Alameda22 (button) folded before Flop (didn't bet)
Seat 7: Sunny-206 (small blind) folded before Flop
Seat 9: imaliveru (big blind) folded on the Flop



PokerStars Game #20022677149:  Hold'em No Limit ($0.10/$0.25) - 2008/08/30 - 18:31:33 (ET)
Table 'Bouzareah' 9-max Seat #7 is the button
Seat 1: Beregond ($28.05 in chips) 
Seat 2: EKrahn ($16.25 in chips) 
Seat 3: Gixxer2007 ($29.75 in chips) 
Seat 4: ld788 ($38.30 in chips) 
Seat 5: jimeny ($20.15 in chips) 
Seat 6: Alameda22 ($22.05 in chips) 
Seat 7: Sunny-206 ($25.85 in chips) 
Seat 9: imaliveru ($29.50 in chips) 
imaliveru: posts small blind $0.10
Beregond: posts big blind $0.25
*** HOLE CARDS ***
Dealt to Alameda22 [Ad Jh]
EKrahn: folds 
Gixxer2007: folds 
ld788: folds 
jimeny: folds 
Alameda22: folds 
Sunny-206: raises $0.50 to $0.75
imaliveru: folds 
Beregond: folds 
Uncalled bet ($0.50) returned to Sunny-206
Sunny-206 collected $0.60 from pot
*** SUMMARY ***
Total pot $0.60 | Rake $0 
Seat 1: Beregond (big blind) folded before Flop
Seat 2: EKrahn folded before Flop (didn't bet)
Seat 3: Gixxer2007 folded before Flop (didn't bet)
Seat 4: ld788 folded before Flop (didn't bet)
Seat 5: jimeny folded before Flop (didn't bet)
Seat 6: Alameda22 folded before Flop (didn't bet)
Seat 7: Sunny-206 (button) collected ($0.60)
Seat 9: imaliveru (small blind) folded before Flop



PokerStars Game #20022688575:  Hold'em No Limit ($0.10/$0.25) - 2008/08/30 - 18:32:05 (ET)
Table 'Bouzareah' 9-max Seat #9 is the button
Seat 1: Beregond ($27.80 in chips) 
Seat 2: EKrahn ($16.25 in chips) 
Seat 3: Gixxer2007 ($29.75 in chips) 
Seat 4: ld788 ($38.30 in chips) 
Seat 5: jimeny ($20.15 in chips) 
Seat 6: Alameda22 ($22.05 in chips) 
Seat 7: Sunny-206 ($26.20 in chips) 
Seat 9: imaliveru ($29.40 in chips) 
Beregond: posts small blind $0.10
EKrahn: posts big blind $0.25
*** HOLE CARDS ***
Dealt to Alameda22 [6c 3c]
Gixxer2007: folds 
ld788: folds 
jimeny: calls $0.25
Alameda22: folds 
Sunny-206: folds 
imaliveru: folds 
Beregond: calls $0.15
EKrahn: checks 
*** FLOP *** [4h 5h 5c]
Beregond: checks 
EKrahn: checks 
jimeny: checks 
*** TURN *** [4h 5h 5c] [7c]
Beregond: checks 
EKrahn: bets $0.50
jimeny: raises $0.50 to $1
Beregond: folds 
EKrahn: calls $0.50
*** RIVER *** [4h 5h 5c 7c] [Td]
EKrahn: checks 
jimeny: bets $1.25
EKrahn: folds 
Uncalled bet ($1.25) returned to jimeny
jimeny collected $2.65 from pot
Elson Silva has returned
*** SUMMARY ***
Total pot $2.75 | Rake $0.10 
Board [4h 5h 5c 7c Td]
Seat 1: Beregond (small blind) folded on the Turn
Seat 2: EKrahn (big blind) folded on the River
Seat 3: Gixxer2007 folded before Flop (didn't bet)
Seat 4: ld788 folded before Flop (didn't bet)
Seat 5: jimeny collected ($2.65)
Seat 6: Alameda22 folded before Flop (didn't bet)
Seat 7: Sunny-206 folded before Flop (didn't bet)
Seat 9: imaliveru (button) folded before Flop (didn't bet)



PokerStars Game #20022713218:  Hold'em No Limit ($0.10/$0.25) - 2008/08/30 - 18:33:15 (ET)
Table 'Bouzareah' 9-max Seat #1 is the button
Seat 1: Beregond ($27.55 in chips) 
Seat 2: EKrahn ($15 in chips) 
Seat 3: Gixxer2007 ($29.75 in chips) 
Seat 4: ld788 ($38.30 in chips) 
Seat 5: jimeny ($21.55 in chips) 
Seat 6: Alameda22 ($22.05 in chips) 
Seat 7: Sunny-206 ($26.20 in chips) 
Seat 8: Elson Silva ($6.30 in chips) 
Seat 9: imaliveru ($29.40 in chips) 
EKrahn: posts small blind $0.10
Gixxer2007: posts big blind $0.25
Elson Silva: posts small & big blinds $0.35
*** HOLE CARDS ***
Dealt to Alameda22 [5d 9d]
ld788: folds 
jimeny: folds 
Alameda22: folds 
Sunny-206: folds 
Elson Silva: checks 
imaliveru: calls $0.25
Beregond: raises $1.25 to $1.50
EKrahn: folds 
Gixxer2007: folds 
Elson Silva: folds 
imaliveru: folds 
Uncalled bet ($1.25) returned to Beregond
Beregond collected $1.20 from pot
Beregond: doesn't show hand 
*** SUMMARY ***
Total pot $1.20 | Rake $0 
Seat 1: Beregond (button) collected ($1.20)
Seat 2: EKrahn (small blind) folded before Flop
Seat 3: Gixxer2007 (big blind) folded before Flop
Seat 4: ld788 folded before Flop (didn't bet)
Seat 5: jimeny folded before Flop (didn't bet)
Seat 6: Alameda22 folded before Flop (didn't bet)
Seat 7: Sunny-206 folded before Flop (didn't bet)
Seat 8: Elson Silva folded before Flop
Seat 9: imaliveru folded before Flop



PokerStars Game #20022730718:  Hold'em No Limit ($0.10/$0.25) - 2008/08/30 - 18:34:03 (ET)
Table 'Bouzareah' 9-max Seat #2 is the button
Seat 1: Beregond ($28.50 in chips) 
Seat 2: EKrahn ($14.90 in chips) 
Seat 3: Gixxer2007 ($29.50 in chips) 
Seat 4: ld788 ($38.30 in chips) 
Seat 5: jimeny ($21.55 in chips) 
Seat 6: Alameda22 ($22.05 in chips) 
Seat 7: Sunny-206 ($26.20 in chips) 
Seat 8: Elson Silva ($5.95 in chips) 
Seat 9: imaliveru ($29.15 in chips) 
Gixxer2007: posts small blind $0.10
ld788: posts big blind $0.25
*** HOLE CARDS ***
Dealt to Alameda22 [Jc 5s]
jimeny: calls $0.25
Alameda22: folds 
Sunny-206: folds 
Elson Silva: folds 
imaliveru: calls $0.25
Beregond: folds 
EKrahn: calls $0.25
Gixxer2007: calls $0.15
ld788: checks 
*** FLOP *** [5c 9s Jh]
Gixxer2007: checks 
ld788: checks 
jimeny: checks 
imaliveru: checks 
EKrahn: checks 
*** TURN *** [5c 9s Jh] [2s]
Gixxer2007: checks 
ld788: checks 
jimeny: bets $0.75
imaliveru: calls $0.75
EKrahn is disconnected 
EKrahn is connected 
EKrahn: folds 
Gixxer2007: folds 
ld788: folds 
*** RIVER *** [5c 9s Jh 2s] [9h]
jimeny: checks 
imaliveru: bets $2.25
jimeny: folds 
Uncalled bet ($2.25) returned to imaliveru
imaliveru collected $2.65 from pot
imaliveru: doesn't show hand 
*** SUMMARY ***
Total pot $2.75 | Rake $0.10 
Board [5c 9s Jh 2s 9h]
Seat 1: Beregond folded before Flop (didn't bet)
Seat 2: EKrahn (button) folded on the Turn
Seat 3: Gixxer2007 (small blind) folded on the Turn
Seat 4: ld788 (big blind) folded on the Turn
Seat 5: jimeny folded on the River
Seat 6: Alameda22 folded before Flop (didn't bet)
Seat 7: Sunny-206 folded before Flop (didn't bet)
Seat 8: Elson Silva folded before Flop (didn't bet)
Seat 9: imaliveru collected ($2.65)



PokerStars Game #20022787589:  Hold'em No Limit ($0.10/$0.25) - 2008/08/30 - 18:36:43 (ET)
Table 'Bouzareah' 9-max Seat #3 is the button
Seat 1: Beregond ($28.50 in chips) 
Seat 2: EKrahn ($14.65 in chips) 
Seat 3: Gixxer2007 ($29.25 in chips) 
Seat 4: ld788 ($38.05 in chips) 
Seat 5: jimeny ($20.55 in chips) 
Seat 6: Alameda22 ($22.05 in chips) 
Seat 7: Sunny-206 ($26.20 in chips) 
Seat 8: Elson Silva ($5.95 in chips) 
Seat 9: imaliveru ($30.80 in chips) 
ld788: posts small blind $0.10
jimeny: posts big blind $0.25
*** HOLE CARDS ***
Dealt to Alameda22 [5d 8h]
Alameda22: folds 
Sunny-206: folds 
Elson Silva: folds 
imaliveru: calls $0.25
Beregond: folds 
EKrahn: folds 
Gixxer2007: folds 
ld788: folds 
jimeny: checks 
*** FLOP *** [8s 7h Qc]
jimeny: checks 
imaliveru: bets $0.50
jimeny: folds 
Uncalled bet ($0.50) returned to imaliveru
imaliveru collected $0.60 from pot
imaliveru: doesn't show hand 
*** SUMMARY ***
Total pot $0.60 | Rake $0 
Board [8s 7h Qc]
Seat 1: Beregond folded before Flop (didn't bet)
Seat 2: EKrahn folded before Flop (didn't bet)
Seat 3: Gixxer2007 (button) folded before Flop (didn't bet)
Seat 4: ld788 (small blind) folded before Flop
Seat 5: jimeny (big blind) folded on the Flop
Seat 6: Alameda22 folded before Flop (didn't bet)
Seat 7: Sunny-206 folded before Flop (didn't bet)
Seat 8: Elson Silva folded before Flop (didn't bet)
Seat 9: imaliveru collected ($0.60)



PokerStars Game #20022806091:  Hold'em No Limit ($0.10/$0.25) - 2008/08/30 - 18:37:34 (ET)
Table 'Bouzareah' 9-max Seat #4 is the button
Seat 1: Beregond ($28.50 in chips) 
Seat 2: EKrahn ($14.65 in chips) 
Seat 3: Gixxer2007 ($29.25 in chips) 
Seat 4: ld788 ($37.95 in chips) 
Seat 5: jimeny ($20.30 in chips) 
Seat 6: Alameda22 ($22.05 in chips) 
Seat 7: Sunny-206 ($26.20 in chips) 
Seat 8: Elson Silva ($5.95 in chips) 
Seat 9: imaliveru ($31.15 in chips) 
jimeny: posts small blind $0.10
Alameda22: posts big blind $0.25
*** HOLE CARDS ***
Dealt to Alameda22 [Kh 9d]
Sunny-206: folds 
Elson Silva: folds 
imaliveru: folds 
Beregond: folds 
EKrahn: folds 
Gixxer2007: folds 
ld788: calls $0.25
jimeny: calls $0.15
Alameda22: checks 
*** FLOP *** [4s 6d Qc]
jimeny: checks 
Alameda22: checks 
ld788: bets $0.50
jimeny: folds 
Alameda22: folds 
Uncalled bet ($0.50) returned to ld788
ld788 collected $0.75 from pot
*** SUMMARY ***
Total pot $0.75 | Rake $0 
Board [4s 6d Qc]
Seat 1: Beregond folded before Flop (didn't bet)
Seat 2: EKrahn folded before Flop (didn't bet)
Seat 3: Gixxer2007 folded before Flop (didn't bet)
Seat 4: ld788 (button) collected ($0.75)
Seat 5: jimeny (small blind) folded on the Flop
Seat 6: Alameda22 (big blind) folded on the Flop
Seat 7: Sunny-206 folded before Flop (didn't bet)
Seat 8: Elson Silva folded before Flop (didn't bet)
Seat 9: imaliveru folded before Flop (didn't bet)



PokerStars Game #20022823725:  Hold'em No Limit ($0.10/$0.25) - 2008/08/30 - 18:38:23 (ET)
Table 'Bouzareah' 9-max Seat #5 is the button
Seat 1: Beregond ($28.50 in chips) 
Seat 2: EKrahn ($14.65 in chips) 
Seat 3: Gixxer2007 ($29.25 in chips) 
Seat 4: ld788 ($38.45 in chips) 
Seat 5: jimeny ($20.05 in chips) 
Seat 6: Alameda22 ($21.80 in chips) 
Seat 7: Sunny-206 ($26.20 in chips) 
Seat 8: Elson Silva ($5.95 in chips) 
Seat 9: imaliveru ($31.15 in chips) 
Alameda22: posts small blind $0.10
Sunny-206: posts big blind $0.25
*** HOLE CARDS ***
Dealt to Alameda22 [Ah 8h]
Elson Silva: folds 
imaliveru: folds 
Beregond: folds 
EKrahn: raises $0.50 to $0.75
Gixxer2007: folds 
ld788: folds 
jimeny: folds 
Alameda22: folds 
Sunny-206: folds 
Uncalled bet ($0.50) returned to EKrahn
EKrahn collected $0.60 from pot
EKrahn: doesn't show hand 
*** SUMMARY ***
Total pot $0.60 | Rake $0 
Seat 1: Beregond folded before Flop (didn't bet)
Seat 2: EKrahn collected ($0.60)
Seat 3: Gixxer2007 folded before Flop (didn't bet)
Seat 4: ld788 folded before Flop (didn't bet)
Seat 5: jimeny (button) folded before Flop (didn't bet)
Seat 6: Alameda22 (small blind) folded before Flop
Seat 7: Sunny-206 (big blind) folded before Flop
Seat 8: Elson Silva folded before Flop (didn't bet)
Seat 9: imaliveru folded before Flop (didn't bet)



PokerStars Game #20022838460:  Hold'em No Limit ($0.10/$0.25) - 2008/08/30 - 18:39:02 (ET)
Table 'Bouzareah' 9-max Seat #6 is the button
Seat 1: Beregond ($28.50 in chips) 
Seat 2: EKrahn ($15 in chips) 
Seat 3: Gixxer2007 ($29.25 in chips) 
Seat 4: ld788 ($38.45 in chips) 
Seat 5: jimeny ($20.05 in chips) 
Seat 6: Alameda22 ($21.70 in chips) 
Seat 7: Sunny-206 ($25.95 in chips) 
Seat 8: Elson Silva ($5.95 in chips) 
Seat 9: imaliveru ($31.15 in chips) 
Sunny-206: posts small blind $0.10
Elson Silva: posts big blind $0.25
*** HOLE CARDS ***
Dealt to Alameda22 [Ac Qd]
imaliveru: calls $0.25
Beregond: folds 
EKrahn: folds 
Gixxer2007: folds 
ld788: folds 
jimeny: folds 
Alameda22: raises $1 to $1.25
Sunny-206: folds 
Elson Silva: calls $1
jimeny leaves the table
legionverde joins the table at seat #5 
imaliveru: folds 
*** FLOP *** [8d 9c 9s]
Elson Silva: checks 
Alameda22: checks 
*** TURN *** [8d 9c 9s] [Js]
Elson Silva: checks 
Alameda22: checks 
*** RIVER *** [8d 9c 9s Js] [Kd]
Elson Silva: bets $4.70 and is all-in
Alameda22: folds 
Uncalled bet ($4.70) returned to Elson Silva
Elson Silva collected $2.75 from pot
*** SUMMARY ***
Total pot $2.85 | Rake $0.10 
Board [8d 9c 9s Js Kd]
Seat 1: Beregond folded before Flop (didn't bet)
Seat 2: EKrahn folded before Flop (didn't bet)
Seat 3: Gixxer2007 folded before Flop (didn't bet)
Seat 4: ld788 folded before Flop (didn't bet)
Seat 5: jimeny folded before Flop (didn't bet)
Seat 6: Alameda22 (button) folded on the River
Seat 7: Sunny-206 (small blind) folded before Flop
Seat 8: Elson Silva (big blind) collected ($2.75)
Seat 9: imaliveru folded before Flop



PokerStars Game #20022886955:  Hold'em No Limit ($0.10/$0.25) - 2008/08/30 - 18:41:14 (ET)
Table 'Bouzareah' 9-max Seat #7 is the button
Seat 1: Beregond ($28.50 in chips) 
Seat 2: EKrahn ($15 in chips) 
Seat 3: Gixxer2007 ($29.25 in chips) 
Seat 4: ld788 ($38.45 in chips) 
Seat 6: Alameda22 ($20.45 in chips) 
Seat 7: Sunny-206 ($25.85 in chips) 
Seat 8: Elson Silva ($7.45 in chips) 
Seat 9: imaliveru ($30.90 in chips) 
Elson Silva: posts small blind $0.10
imaliveru: posts big blind $0.25
legionverde: sits out 
*** HOLE CARDS ***
Dealt to Alameda22 [3s 7d]
Beregond: folds 
EKrahn: folds 
Gixxer2007: folds 
ld788: folds 
Alameda22: folds 
Sunny-206: calls $0.25
Elson Silva: calls $0.15
imaliveru: checks 
*** FLOP *** [Jh 4d Jd]
Elson Silva: checks 
imaliveru: checks 
Sunny-206: checks 
*** TURN *** [Jh 4d Jd] [Th]
Elson Silva: checks 
imaliveru: checks 
Sunny-206: checks 
*** RIVER *** [Jh 4d Jd Th] [5d]
Elson Silva: checks 
imaliveru: checks 
Sunny-206: checks 
*** SHOW DOWN ***
Elson Silva: shows [Qc 7c] (a pair of Jacks)
imaliveru: mucks hand 
Sunny-206: shows [2h 2d] (two pair, Jacks and Deuces)
Sunny-206 collected $0.75 from pot
*** SUMMARY ***
Total pot $0.75 | Rake $0 
Board [Jh 4d Jd Th 5d]
Seat 1: Beregond folded before Flop (didn't bet)
Seat 2: EKrahn folded before Flop (didn't bet)
Seat 3: Gixxer2007 folded before Flop (didn't bet)
Seat 4: ld788 folded before Flop (didn't bet)
Seat 6: Alameda22 folded before Flop (didn't bet)
Seat 7: Sunny-206 (button) showed [2h 2d] and won ($0.75) with two pair, Jacks and Deuces
Seat 8: Elson Silva (small blind) showed [Qc 7c] and lost with a pair of Jacks
Seat 9: imaliveru (big blind) mucked [9h 6h]



PokerStars Game #20022919750:  Hold'em No Limit ($0.10/$0.25) - 2008/08/30 - 18:42:44 (ET)
Table 'Bouzareah' 9-max Seat #8 is the button
Seat 1: Beregond ($28.50 in chips) 
Seat 2: EKrahn ($15 in chips) 
Seat 3: Gixxer2007 ($29.25 in chips) 
Seat 4: ld788 ($38.45 in chips) 
Seat 6: Alameda22 ($20.45 in chips) 
Seat 7: Sunny-206 ($26.35 in chips) 
Seat 8: Elson Silva ($7.20 in chips) 
Seat 9: imaliveru ($30.65 in chips) 
imaliveru: posts small blind $0.10
Beregond: posts big blind $0.25
legionverde: sits out 
*** HOLE CARDS ***
Dealt to Alameda22 [Qc 6d]
EKrahn: folds 
Gixxer2007: folds 
ld788: folds 
Alameda22: folds 
Sunny-206: folds 
Elson Silva: folds 
imaliveru: folds 
Uncalled bet ($0.15) returned to Beregond
Beregond collected $0.20 from pot
Beregond: doesn't show hand 
*** SUMMARY ***
Total pot $0.20 | Rake $0 
Seat 1: Beregond (big blind) collected ($0.20)
Seat 2: EKrahn folded before Flop (didn't bet)
Seat 3: Gixxer2007 folded before Flop (didn't bet)
Seat 4: ld788 folded before Flop (didn't bet)
Seat 6: Alameda22 folded before Flop (didn't bet)
Seat 7: Sunny-206 folded before Flop (didn't bet)
Seat 8: Elson Silva (button) folded before Flop (didn't bet)
Seat 9: imaliveru (small blind) folded before Flop



PokerStars Game #20022938643:  Hold'em No Limit ($0.10/$0.25) - 2008/08/30 - 18:43:35 (ET)
Table 'Bouzareah' 9-max Seat #9 is the button
Seat 1: Beregond ($28.60 in chips) 
Seat 2: EKrahn ($15 in chips) 
Seat 3: Gixxer2007 ($29.25 in chips) 
Seat 4: ld788 ($38.45 in chips) 
Seat 6: Alameda22 ($20.45 in chips) 
Seat 7: Sunny-206 ($26.35 in chips) 
Seat 8: Elson Silva ($7.20 in chips) 
Seat 9: imaliveru ($30.55 in chips) 
Beregond: posts small blind $0.10
EKrahn: posts big blind $0.25
legionverde: sits out 
*** HOLE CARDS ***
Dealt to Alameda22 [8h 5s]
Gixxer2007: folds 
ld788: folds 
Alameda22: folds 
Sunny-206: folds 
Elson Silva: raises $0.25 to $0.50
imaliveru: folds 
Beregond: folds 
EKrahn: calls $0.25
*** FLOP *** [Kc 2c 4d]
EKrahn: checks 
Elson Silva: checks 
*** TURN *** [Kc 2c 4d] [9s]
EKrahn: checks 
Elson Silva: checks 
*** RIVER *** [Kc 2c 4d 9s] [5c]
EKrahn: checks 
Elson Silva: bets $6.70 and is all-in
EKrahn: folds 
Uncalled bet ($6.70) returned to Elson Silva
Elson Silva collected $1.05 from pot
Elson Silva: doesn't show hand 
*** SUMMARY ***
Total pot $1.10 | Rake $0.05 
Board [Kc 2c 4d 9s 5c]
Seat 1: Beregond (small blind) folded before Flop
Seat 2: EKrahn (big blind) folded on the River
Seat 3: Gixxer2007 folded before Flop (didn't bet)
Seat 4: ld788 folded before Flop (didn't bet)
Seat 6: Alameda22 folded before Flop (didn't bet)
Seat 7: Sunny-206 folded before Flop (didn't bet)
Seat 8: Elson Silva collected ($1.05)
Seat 9: imaliveru (button) folded before Flop (didn't bet)



PokerStars Game #20022985262:  Hold'em No Limit ($0.10/$0.25) - 2008/08/30 - 18:45:44 (ET)
Table 'Bouzareah' 9-max Seat #1 is the button
Seat 1: Beregond ($28.50 in chips) 
Seat 2: EKrahn ($14.50 in chips) 
Seat 3: Gixxer2007 ($29.25 in chips) 
Seat 4: ld788 ($38.45 in chips) 
Seat 6: Alameda22 ($20.45 in chips) 
Seat 7: Sunny-206 ($26.35 in chips) 
Seat 8: Elson Silva ($17.75 in chips) 
Seat 9: imaliveru ($30.55 in chips) 
EKrahn: posts small blind $0.10
Gixxer2007: posts big blind $0.25
legionverde: sits out 
*** HOLE CARDS ***
Dealt to Alameda22 [Jh 5c]
ld788: folds 
Alameda22: folds 
Sunny-206: folds 
Elson Silva: folds 
imaliveru: raises $0.50 to $0.75
Beregond: folds 
EKrahn: folds 
Gixxer2007: folds 
Uncalled bet ($0.50) returned to imaliveru
imaliveru collected $0.60 from pot
imaliveru: doesn't show hand 
*** SUMMARY ***
Total pot $0.60 | Rake $0 
Seat 1: Beregond (button) folded before Flop (didn't bet)
Seat 2: EKrahn (small blind) folded before Flop
Seat 3: Gixxer2007 (big blind) folded before Flop
Seat 4: ld788 folded before Flop (didn't bet)
Seat 6: Alameda22 folded before Flop (didn't bet)
Seat 7: Sunny-206 folded before Flop (didn't bet)
Seat 8: Elson Silva folded before Flop (didn't bet)
Seat 9: imaliveru collected ($0.60)



PokerStars Game #20023004838:  Hold'em No Limit ($0.10/$0.25) - 2008/08/30 - 18:46:38 (ET)
Table 'Bouzareah' 9-max Seat #2 is the button
Seat 1: Beregond ($28.50 in chips) 
Seat 2: EKrahn ($14.40 in chips) 
Seat 3: Gixxer2007 ($29 in chips) 
Seat 4: ld788 ($38.45 in chips) 
Seat 6: Alameda22 ($20.45 in chips) 
Seat 7: Sunny-206 ($26.35 in chips) 
Seat 8: Elson Silva ($17.75 in chips) 
Seat 9: imaliveru ($30.90 in chips) 
Gixxer2007: posts small blind $0.10
ld788: posts big blind $0.25
legionverde: sits out 
*** HOLE CARDS ***
Dealt to Alameda22 [Kd 6d]
Alameda22: folds 
Sunny-206: folds 
Elson Silva: folds 
imaliveru: folds 
Beregond: folds 
EKrahn: folds 
Gixxer2007: raises $0.75 to $1
ld788: folds 
Uncalled bet ($0.75) returned to Gixxer2007
Gixxer2007 collected $0.50 from pot
Gixxer2007: doesn't show hand 
*** SUMMARY ***
Total pot $0.50 | Rake $0 
Seat 1: Beregond folded before Flop (didn't bet)
Seat 2: EKrahn (button) folded before Flop (didn't bet)
Seat 3: Gixxer2007 (small blind) collected ($0.50)
Seat 4: ld788 (big blind) folded before Flop
Seat 6: Alameda22 folded before Flop (didn't bet)
Seat 7: Sunny-206 folded before Flop (didn't bet)
Seat 8: Elson Silva folded before Flop (didn't bet)
Seat 9: imaliveru folded before Flop (didn't bet)



PokerStars Game #20023015895:  Hold'em No Limit ($0.10/$0.25) - 2008/08/30 - 18:47:08 (ET)
Table 'Bouzareah' 9-max Seat #3 is the button
Seat 1: Beregond ($28.50 in chips) 
Seat 2: EKrahn ($14.40 in chips) 
Seat 3: Gixxer2007 ($29.25 in chips) 
Seat 4: ld788 ($38.20 in chips) 
Seat 5: legionverde ($25 in chips) 
Seat 6: Alameda22 ($20.45 in chips) 
Seat 7: Sunny-206 ($26.35 in chips) 
Seat 8: Elson Silva ($17.75 in chips) 
Seat 9: imaliveru ($30.90 in chips) 
ld788: posts small blind $0.10
legionverde: posts big blind $0.25
*** HOLE CARDS ***
Dealt to Alameda22 [4s 2h]
Alameda22: folds 
Sunny-206: folds 
Elson Silva: folds 
imaliveru: folds 
Beregond: folds 
EKrahn: calls $0.25
Gixxer2007: raises $1 to $1.25
ld788: folds 
legionverde: folds 
EKrahn: calls $1
*** FLOP *** [Js Jd Kd]
EKrahn: checks 
Gixxer2007: checks 
*** TURN *** [Js Jd Kd] [4h]
EKrahn: checks 
Gixxer2007: bets $1.25
EKrahn: folds 
Uncalled bet ($1.25) returned to Gixxer2007
Gixxer2007 collected $2.75 from pot
Gixxer2007: doesn't show hand 
*** SUMMARY ***
Total pot $2.85 | Rake $0.10 
Board [Js Jd Kd 4h]
Seat 1: Beregond folded before Flop (didn't bet)
Seat 2: EKrahn folded on the Turn
Seat 3: Gixxer2007 (button) collected ($2.75)
Seat 4: ld788 (small blind) folded before Flop
Seat 5: legionverde (big blind) folded before Flop
Seat 6: Alameda22 folded before Flop (didn't bet)
Seat 7: Sunny-206 folded before Flop (didn't bet)
Seat 8: Elson Silva folded before Flop (didn't bet)
Seat 9: imaliveru folded before Flop (didn't bet)



PokerStars Game #20023041086:  Hold'em No Limit ($0.10/$0.25) - 2008/08/30 - 18:48:16 (ET)
Table 'Bouzareah' 9-max Seat #4 is the button
Seat 1: Beregond ($28.50 in chips) 
Seat 2: EKrahn ($13.15 in chips) 
Seat 3: Gixxer2007 ($30.75 in chips) 
Seat 4: ld788 ($38.10 in chips) 
Seat 5: legionverde ($24.75 in chips) 
Seat 6: Alameda22 ($20.45 in chips) 
Seat 7: Sunny-206 ($26.35 in chips) 
Seat 8: Elson Silva ($17.75 in chips) 
Seat 9: imaliveru ($30.90 in chips) 
legionverde: posts small blind $0.10
Alameda22: posts big blind $0.25
*** HOLE CARDS ***
Dealt to Alameda22 [9c 7c]
Sunny-206: folds 
Elson Silva: folds 
imaliveru: folds 
Beregond: calls $0.25
EKrahn: raises $0.75 to $1
Gixxer2007: calls $1
ld788: calls $1
legionverde: folds 
Alameda22: folds 
Beregond: calls $0.75
*** FLOP *** [Kh 5s Jc]
Beregond: checks 
EKrahn: bets $1.50
Gixxer2007: calls $1.50
ld788: folds 
Beregond: raises $3 to $4.50
EKrahn: folds 
Gixxer2007: folds 
Uncalled bet ($3) returned to Beregond
Beregond collected $8.45 from pot
Beregond: doesn't show hand 
*** SUMMARY ***
Total pot $8.85 | Rake $0.40 
Board [Kh 5s Jc]
Seat 1: Beregond collected ($8.45)
Seat 2: EKrahn folded on the Flop
Seat 3: Gixxer2007 folded on the Flop
Seat 4: ld788 (button) folded on the Flop
Seat 5: legionverde (small blind) folded before Flop
Seat 6: Alameda22 (big blind) folded before Flop
Seat 7: Sunny-206 folded before Flop (didn't bet)
Seat 8: Elson Silva folded before Flop (didn't bet)
Seat 9: imaliveru folded before Flop (didn't bet)



PokerStars Game #20023077041:  Hold'em No Limit ($0.10/$0.25) - 2008/08/30 - 18:49:55 (ET)
Table 'Bouzareah' 9-max Seat #5 is the button
Seat 1: Beregond ($34.45 in chips) 
Seat 2: EKrahn ($10.65 in chips) 
Seat 3: Gixxer2007 ($28.25 in chips) 
Seat 4: ld788 ($37.10 in chips) 
Seat 5: legionverde ($24.65 in chips) 
Seat 6: Alameda22 ($20.20 in chips) 
Seat 7: Sunny-206 ($26.35 in chips) 
Seat 8: Elson Silva ($17.75 in chips) 
Seat 9: imaliveru ($30.90 in chips) 
Alameda22: posts small blind $0.10
Sunny-206: posts big blind $0.25
*** HOLE CARDS ***
Dealt to Alameda22 [6c Td]
Elson Silva: folds 
imaliveru: folds 
Beregond: folds 
EKrahn: raises $0.50 to $0.75
Gixxer2007: folds 
ld788: folds 
legionverde: folds 
Alameda22: folds 
Sunny-206: folds 
Uncalled bet ($0.50) returned to EKrahn
EKrahn collected $0.60 from pot
EKrahn: doesn't show hand 
*** SUMMARY ***
Total pot $0.60 | Rake $0 
Seat 1: Beregond folded before Flop (didn't bet)
Seat 2: EKrahn collected ($0.60)
Seat 3: Gixxer2007 folded before Flop (didn't bet)
Seat 4: ld788 folded before Flop (didn't bet)
Seat 5: legionverde (button) folded before Flop (didn't bet)
Seat 6: Alameda22 (small blind) folded before Flop
Seat 7: Sunny-206 (big blind) folded before Flop
Seat 8: Elson Silva folded before Flop (didn't bet)
Seat 9: imaliveru folded before Flop (didn't bet)



PokerStars Game #20023093722:  Hold'em No Limit ($0.10/$0.25) - 2008/08/30 - 18:50:41 (ET)
Table 'Bouzareah' 9-max Seat #6 is the button
Seat 1: Beregond ($34.45 in chips) 
Seat 2: EKrahn ($11 in chips) 
Seat 3: Gixxer2007 ($28.25 in chips) 
Seat 4: ld788 ($37.10 in chips) 
Seat 5: legionverde ($24.65 in chips) 
Seat 6: Alameda22 ($25 in chips) 
Seat 7: Sunny-206 ($26.10 in chips) 
Seat 8: Elson Silva ($17.75 in chips) 
Seat 9: imaliveru ($30.90 in chips) 
Sunny-206: posts small blind $0.10
Elson Silva: posts big blind $0.25
*** HOLE CARDS ***
Dealt to Alameda22 [Ac 8d]
imaliveru: folds 
Beregond: folds 
EKrahn: calls $0.25
Gixxer2007: folds 
ld788: folds 
legionverde: folds 
Alameda22: folds 
Sunny-206: folds 
Elson Silva: checks 
*** FLOP *** [5d 5s Kc]
Elson Silva: checks 
EKrahn: checks 
*** TURN *** [5d 5s Kc] [7s]
Elson Silva: checks 
EKrahn: bets $0.50
Elson Silva: calls $0.50
*** RIVER *** [5d 5s Kc 7s] [Tc]
Elson Silva: checks 
EKrahn: bets $0.75
Elson Silva: folds 
Uncalled bet ($0.75) returned to EKrahn
EKrahn collected $1.55 from pot
EKrahn: doesn't show hand 
*** SUMMARY ***
Total pot $1.60 | Rake $0.05 
Board [5d 5s Kc 7s Tc]
Seat 1: Beregond folded before Flop (didn't bet)
Seat 2: EKrahn collected ($1.55)
Seat 3: Gixxer2007 folded before Flop (didn't bet)
Seat 4: ld788 folded before Flop (didn't bet)
Seat 5: legionverde folded before Flop (didn't bet)
Seat 6: Alameda22 (button) folded before Flop (didn't bet)
Seat 7: Sunny-206 (small blind) folded before Flop
Seat 8: Elson Silva (big blind) folded on the River
Seat 9: imaliveru folded before Flop (didn't bet)



PokerStars Game #20023135612:  Hold'em No Limit ($0.10/$0.25) - 2008/08/30 - 18:52:36 (ET)
Table 'Bouzareah' 9-max Seat #7 is the button
Seat 1: Beregond ($34.45 in chips) 
Seat 2: EKrahn ($11.80 in chips) 
Seat 3: Gixxer2007 ($28.25 in chips) 
Seat 4: ld788 ($37.10 in chips) 
Seat 5: legionverde ($24.65 in chips) 
Seat 6: Alameda22 ($25 in chips) 
Seat 7: Sunny-206 ($26 in chips) 
Seat 8: Elson Silva ($17 in chips) 
Seat 9: imaliveru ($30.90 in chips) 
Elson Silva: posts small blind $0.10
imaliveru: posts big blind $0.25
*** HOLE CARDS ***
Dealt to Alameda22 [4s Jd]
Beregond: folds 
EKrahn is disconnected 
EKrahn has timed out while disconnected
EKrahn: folds 
EKrahn is sitting out
Gixxer2007: folds 
ld788: folds 
legionverde: folds 
Alameda22: folds 
Sunny-206: folds 
Elson Silva: folds 
Uncalled bet ($0.15) returned to imaliveru
imaliveru collected $0.20 from pot
imaliveru: doesn't show hand 
*** SUMMARY ***
Total pot $0.20 | Rake $0 
Seat 1: Beregond folded before Flop (didn't bet)
Seat 2: EKrahn folded before Flop (didn't bet)
Seat 3: Gixxer2007 folded before Flop (didn't bet)
Seat 4: ld788 folded before Flop (didn't bet)
Seat 5: legionverde folded before Flop (didn't bet)
Seat 6: Alameda22 folded before Flop (didn't bet)
Seat 7: Sunny-206 (button) folded before Flop (didn't bet)
Seat 8: Elson Silva (small blind) folded before Flop
Seat 9: imaliveru (big blind) collected ($0.20)



PokerStars Game #20023174043:  Hold'em No Limit ($0.10/$0.25) - 2008/08/30 - 18:54:23 (ET)
Table 'Bouzareah' 9-max Seat #8 is the button
Seat 1: Beregond ($34.45 in chips) 
Seat 3: Gixxer2007 ($28.25 in chips) 
Seat 4: ld788 ($37.10 in chips) 
Seat 5: legionverde ($24.65 in chips) 
Seat 6: Alameda22 ($25 in chips) 
Seat 7: Sunny-206 ($26 in chips) 
Seat 8: Elson Silva ($16.90 in chips) 
Seat 9: imaliveru ($31 in chips) 
imaliveru: posts small blind $0.10
Beregond: posts big blind $0.25
*** HOLE CARDS ***
Dealt to Alameda22 [4c Ac]
Gixxer2007: raises $0.75 to $1
ld788: calls $1
legionverde: folds 
Alameda22: folds 
Sunny-206: folds 
Elson Silva: folds 
imaliveru: folds 
Beregond: folds 
*** FLOP *** [Qc 3d Jh]
Gixxer2007: bets $1.75
EKrahn is connected 
ld788: folds 
Uncalled bet ($1.75) returned to Gixxer2007
EKrahn has returned
Gixxer2007 collected $2.25 from pot
Gixxer2007: doesn't show hand 
*** SUMMARY ***
Total pot $2.35 | Rake $0.10 
Board [Qc 3d Jh]
Seat 1: Beregond (big blind) folded before Flop
Seat 3: Gixxer2007 collected ($2.25)
Seat 4: ld788 folded on the Flop
Seat 5: legionverde folded before Flop (didn't bet)
Seat 6: Alameda22 folded before Flop (didn't bet)
Seat 7: Sunny-206 folded before Flop (didn't bet)
Seat 8: Elson Silva (button) folded before Flop (didn't bet)
Seat 9: imaliveru (small blind) folded before Flop



PokerStars Game #20023201427:  Hold'em No Limit ($0.10/$0.25) - 2008/08/30 - 18:55:38 (ET)
Table 'Bouzareah' 9-max Seat #9 is the button
Seat 1: Beregond ($34.20 in chips) 
Seat 2: EKrahn ($11.80 in chips) 
Seat 3: Gixxer2007 ($29.50 in chips) 
Seat 4: ld788 ($36.10 in chips) 
Seat 5: legionverde ($24.65 in chips) 
Seat 6: Alameda22 ($25 in chips) 
Seat 7: Sunny-206 ($26 in chips) 
Seat 8: Elson Silva ($16.90 in chips) 
Seat 9: imaliveru ($30.90 in chips) 
Beregond: posts small blind $0.10
EKrahn: posts big blind $0.25
*** HOLE CARDS ***
Dealt to Alameda22 [8s Tc]
Gixxer2007: folds 
ld788: folds 
legionverde: folds 
Alameda22: folds 
Sunny-206: folds 
Elson Silva: folds 
imaliveru: folds 
Beregond: folds 
Uncalled bet ($0.15) returned to EKrahn
EKrahn collected $0.20 from pot
EKrahn: doesn't show hand 
*** SUMMARY ***
Total pot $0.20 | Rake $0 
Seat 1: Beregond (small blind) folded before Flop
Seat 2: EKrahn (big blind) collected ($0.20)
Seat 3: Gixxer2007 folded before Flop (didn't bet)
Seat 4: ld788 folded before Flop (didn't bet)
Seat 5: legionverde folded before Flop (didn't bet)
Seat 6: Alameda22 folded before Flop (didn't bet)
Seat 7: Sunny-206 folded before Flop (didn't bet)
Seat 8: Elson Silva folded before Flop (didn't bet)
Seat 9: imaliveru (button) folded before Flop (didn't bet)



PokerStars Game #20023227208:  Hold'em No Limit ($0.10/$0.25) - 2008/08/30 - 18:56:50 (ET)
Table 'Bouzareah' 9-max Seat #1 is the button
Seat 1: Beregond ($34.10 in chips) 
Seat 2: EKrahn ($11.90 in chips) 
Seat 3: Gixxer2007 ($29.50 in chips) 
Seat 4: ld788 ($36.10 in chips) 
Seat 5: legionverde ($24.65 in chips) 
Seat 6: Alameda22 ($25 in chips) 
Seat 7: Sunny-206 ($26 in chips) 
Seat 8: Elson Silva ($16.90 in chips) 
Seat 9: imaliveru ($30.90 in chips) 
EKrahn: posts small blind $0.10
Gixxer2007: posts big blind $0.25
*** HOLE CARDS ***
Dealt to Alameda22 [Ac 5s]
ld788: folds 
legionverde: folds 
Alameda22: folds 
Sunny-206: folds 
Elson Silva: folds 
imaliveru: folds 
Beregond: folds 
EKrahn: calls $0.15
Gixxer2007: checks 
*** FLOP *** [8d 6h 4d]
EKrahn: checks 
Gixxer2007: checks 
*** TURN *** [8d 6h 4d] [Js]
EKrahn: checks 
Gixxer2007: checks 
*** RIVER *** [8d 6h 4d Js] [3d]
EKrahn: checks 
Gixxer2007: checks 
*** SHOW DOWN ***
EKrahn: shows [Ad 3h] (a pair of Threes)
Gixxer2007: shows [Qd 4h] (a pair of Fours)
Gixxer2007 collected $0.50 from pot
*** SUMMARY ***
Total pot $0.50 | Rake $0 
Board [8d 6h 4d Js 3d]
Seat 1: Beregond (button) folded before Flop (didn't bet)
Seat 2: EKrahn (small blind) showed [Ad 3h] and lost with a pair of Threes
Seat 3: Gixxer2007 (big blind) showed [Qd 4h] and won ($0.50) with a pair of Fours
Seat 4: ld788 folded before Flop (didn't bet)
Seat 5: legionverde folded before Flop (didn't bet)
Seat 6: Alameda22 folded before Flop (didn't bet)
Seat 7: Sunny-206 folded before Flop (didn't bet)
Seat 8: Elson Silva folded before Flop (didn't bet)
Seat 9: imaliveru folded before Flop (didn't bet)



PokerStars Game #20023253200:  Hold'em No Limit ($0.10/$0.25) - 2008/08/30 - 18:58:03 (ET)
Table 'Bouzareah' 9-max Seat #2 is the button
Seat 1: Beregond ($34.10 in chips) 
Seat 2: EKrahn ($11.65 in chips) 
Seat 3: Gixxer2007 ($29.75 in chips) 
Seat 4: ld788 ($36.10 in chips) 
Seat 5: legionverde ($24.65 in chips) 
Seat 6: Alameda22 ($25 in chips) 
Seat 7: Sunny-206 ($26 in chips) 
Seat 8: Elson Silva ($16.90 in chips) 
Seat 9: imaliveru ($30.90 in chips) 
Gixxer2007: posts small blind $0.10
ld788: posts big blind $0.25
*** HOLE CARDS ***
Dealt to Alameda22 [5s 3c]
legionverde: calls $0.25
Alameda22: folds 
Sunny-206: folds 
Elson Silva: folds 
imaliveru: calls $0.25
Beregond: folds 
EKrahn: folds 
Gixxer2007: calls $0.15
ld788: checks 
*** FLOP *** [Jc 9h 6c]
Gixxer2007: checks 
ld788: checks 
legionverde: checks 
imaliveru: checks 
*** TURN *** [Jc 9h 6c] [2h]
Gixxer2007: checks 
ld788: checks 
legionverde: checks 
imaliveru: checks 
*** RIVER *** [Jc 9h 6c 2h] [8d]
Gixxer2007: checks 
ld788: checks 
legionverde: checks 
imaliveru: checks 
*** SHOW DOWN ***
Gixxer2007: shows [Kd 6d] (a pair of Sixes)
ld788: mucks hand 
legionverde: mucks hand 
imaliveru: shows [9s Ts] (a pair of Nines)
imaliveru collected $0.95 from pot
*** SUMMARY ***
Total pot $1 | Rake $0.05 
Board [Jc 9h 6c 2h 8d]
Seat 1: Beregond folded before Flop (didn't bet)
Seat 2: EKrahn (button) folded before Flop (didn't bet)
Seat 3: Gixxer2007 (small blind) showed [Kd 6d] and lost with a pair of Sixes
Seat 4: ld788 (big blind) mucked [Th 4d]
Seat 5: legionverde mucked [Ad Qh]
Seat 6: Alameda22 folded before Flop (didn't bet)
Seat 7: Sunny-206 folded before Flop (didn't bet)
Seat 8: Elson Silva folded before Flop (didn't bet)
Seat 9: imaliveru showed [9s Ts] and won ($0.95) with a pair of Nines



PokerStars Game #20023289677:  Hold'em No Limit ($0.10/$0.25) - 2008/08/30 - 18:59:46 (ET)
Table 'Bouzareah' 9-max Seat #3 is the button
Seat 1: Beregond ($34.10 in chips) 
Seat 2: EKrahn ($11.65 in chips) 
Seat 3: Gixxer2007 ($29.50 in chips) 
Seat 4: ld788 ($35.85 in chips) 
Seat 5: legionverde ($24.40 in chips) 
Seat 6: Alameda22 ($25 in chips) 
Seat 7: Sunny-206 ($26 in chips) 
Seat 8: Elson Silva ($16.90 in chips) 
Seat 9: imaliveru ($31.60 in chips) 
ld788: posts small blind $0.10
legionverde: posts big blind $0.25
*** HOLE CARDS ***
Dealt to Alameda22 [3d 4s]
Alameda22: folds 
Sunny-206: calls $0.25
Elson Silva: folds 
imaliveru: folds 
Beregond: folds 
EKrahn: folds 
Gixxer2007: folds 
ld788: folds 
legionverde: checks 
*** FLOP *** [2c 3s 7h]
legionverde: checks 
Sunny-206: checks 
*** TURN *** [2c 3s 7h] [9c]
legionverde: checks 
Sunny-206: checks 
*** RIVER *** [2c 3s 7h 9c] [Jc]
legionverde: checks 
Sunny-206: bets $0.75
Alameda22 is disconnected 
legionverde: folds 
Uncalled bet ($0.75) returned to Sunny-206
Sunny-206 collected $0.60 from pot
*** SUMMARY ***
Total pot $0.60 | Rake $0 
Board [2c 3s 7h 9c Jc]
Seat 1: Beregond folded before Flop (didn't bet)
Seat 2: EKrahn folded before Flop (didn't bet)
Seat 3: Gixxer2007 (button) folded before Flop (didn't bet)
Seat 4: ld788 (small blind) folded before Flop
Seat 5: legionverde (big blind) folded on the River
Seat 6: Alameda22 folded before Flop (didn't bet)
Seat 7: Sunny-206 collected ($0.60)
Seat 8: Elson Silva folded before Flop (didn't bet)
Seat 9: imaliveru folded before Flop (didn't bet)



PokerStars Game #20023330212:  Hold'em No Limit ($0.10/$0.25) - 2008/08/30 - 19:01:39 (ET)
Table 'Bouzareah' 9-max Seat #4 is the button
Seat 1: Beregond ($34.10 in chips) 
Seat 2: EKrahn ($11.65 in chips) 
Seat 3: Gixxer2007 ($29.50 in chips) 
Seat 4: ld788 ($35.75 in chips) 
Seat 5: legionverde ($24.15 in chips) 
Seat 6: Alameda22 ($25 in chips) 
Seat 7: Sunny-206 ($26.35 in chips) 
Seat 8: Elson Silva ($16.90 in chips) 
Seat 9: imaliveru ($31.60 in chips) 
legionverde: posts small blind $0.10
Alameda22 is connected 
Alameda22: posts big blind $0.25
*** HOLE CARDS ***
Dealt to Alameda22 [6c Jd]
Sunny-206: folds 
Sunny-206 leaves the table
Elson Silva: folds 
EKrahn is disconnected 
imaliveru: folds 
Beregond: folds 
EKrahn is connected 
EKrahn: calls $0.25
Gixxer2007: folds 
ld788: calls $0.25
legionverde: folds 
Alameda22: checks 
*** FLOP *** [Kd 2c 9h]
Alameda22: checks 
EKrahn: bets $0.50
ld788: folds 
Alameda22: folds 
Uncalled bet ($0.50) returned to EKrahn
EKrahn collected $0.85 from pot
very2lucky joins the table at seat #7 
EKrahn: doesn't show hand 
*** SUMMARY ***
Total pot $0.85 | Rake $0 
Board [Kd 2c 9h]
Seat 1: Beregond folded before Flop (didn't bet)
Seat 2: EKrahn collected ($0.85)
Seat 3: Gixxer2007 folded before Flop (didn't bet)
Seat 4: ld788 (button) folded on the Flop
Seat 5: legionverde (small blind) folded before Flop
Seat 6: Alameda22 (big blind) folded on the Flop
Seat 7: Sunny-206 folded before Flop (didn't bet)
Seat 8: Elson Silva folded before Flop (didn't bet)
Seat 9: imaliveru folded before Flop (didn't bet)



PokerStars Game #20023364744:  Hold'em No Limit ($0.10/$0.25) - 2008/08/30 - 19:03:16 (ET)
Table 'Bouzareah' 9-max Seat #5 is the button
Seat 1: Beregond ($34.10 in chips) 
Seat 2: EKrahn ($12.25 in chips) 
Seat 3: Gixxer2007 ($29.50 in chips) 
Seat 4: ld788 ($35.50 in chips) 
Seat 5: legionverde ($24.05 in chips) 
Seat 6: Alameda22 ($24.75 in chips) 
Seat 8: Elson Silva ($16.90 in chips) 
Seat 9: imaliveru ($31.60 in chips) 
Alameda22: posts small blind $0.10
very2lucky: is sitting out 
Elson Silva: posts big blind $0.25
*** HOLE CARDS ***
Dealt to Alameda22 [Qc Td]
imaliveru: calls $0.25
Beregond: folds 
EKrahn: calls $0.25
Gixxer2007: folds 
ld788: folds 
legionverde: folds 
Alameda22: folds 
Elson Silva: checks 
*** FLOP *** [Jd 5c Jh]
very2lucky has returned
Elson Silva: checks 
imaliveru: checks 
EKrahn: bets $0.50
Elson Silva: folds 
imaliveru: folds 
Uncalled bet ($0.50) returned to EKrahn
EKrahn collected $0.85 from pot
EKrahn: doesn't show hand 
*** SUMMARY ***
Total pot $0.85 | Rake $0 
Board [Jd 5c Jh]
Seat 1: Beregond folded before Flop (didn't bet)
Seat 2: EKrahn collected ($0.85)
Seat 3: Gixxer2007 folded before Flop (didn't bet)
Seat 4: ld788 folded before Flop (didn't bet)
Seat 5: legionverde (button) folded before Flop (didn't bet)
Seat 6: Alameda22 (small blind) folded before Flop
Seat 8: Elson Silva (big blind) folded on the Flop
Seat 9: imaliveru folded on the Flop



PokerStars Game #20023404054:  Hold'em No Limit ($0.10/$0.25) - 2008/08/30 - 19:05:05 (ET)
Table 'Bouzareah' 9-max Seat #6 is the button
Seat 1: Beregond ($34.10 in chips) 
Seat 2: EKrahn ($12.85 in chips) 
Seat 3: Gixxer2007 ($29.50 in chips) 
Seat 4: ld788 ($35.50 in chips) 
Seat 5: legionverde ($24.05 in chips) 
Seat 6: Alameda22 ($24.65 in chips) 
Seat 8: Elson Silva ($16.65 in chips) 
very2lucky will be allowed to play after the button
Elson Silva: posts small blind $0.10
imaliveru: is sitting out 
Beregond: posts big blind $0.25
*** HOLE CARDS ***
Dealt to Alameda22 [Th 9h]
imaliveru leaves the table
EKrahn: folds 
Gixxer2007: folds 
ld788: folds 
*Cafo* joins the table at seat #9 
legionverde: folds 
Alameda22: raises $0.75 to $1
Elson Silva: folds 
Beregond: folds 
Uncalled bet ($0.75) returned to Alameda22
Alameda22 collected $0.60 from pot
Alameda22: doesn't show hand 
*** SUMMARY ***
Total pot $0.60 | Rake $0 
Seat 1: Beregond (big blind) folded before Flop
Seat 2: EKrahn folded before Flop (didn't bet)
Seat 3: Gixxer2007 folded before Flop (didn't bet)
Seat 4: ld788 folded before Flop (didn't bet)
Seat 5: legionverde folded before Flop (didn't bet)
Seat 6: Alameda22 (button) collected ($0.60)
Seat 8: Elson Silva (small blind) folded before Flop



PokerStars Game #20023438043:  Hold'em No Limit ($0.10/$0.25) - 2008/08/30 - 19:06:41 (ET)
Table 'Bouzareah' 9-max Seat #8 is the button
Seat 1: Beregond ($33.85 in chips) 
Seat 2: EKrahn ($12.85 in chips) 
Seat 3: Gixxer2007 ($29.50 in chips) 
Seat 4: ld788 ($35.50 in chips) 
Seat 5: legionverde ($24.05 in chips) 
Seat 6: Alameda22 ($25 in chips) 
Seat 7: very2lucky ($10 in chips) 
Seat 8: Elson Silva ($16.55 in chips) 
*Cafo* will be allowed to play after the button
Beregond: posts small blind $0.10
EKrahn: posts big blind $0.25
very2lucky: posts big blind $0.25
*** HOLE CARDS ***
Dealt to Alameda22 [9s Jd]
Gixxer2007: folds 
ld788: calls $0.25
legionverde: folds 
Alameda22: folds 
very2lucky: checks 
Elson Silva: folds 
Beregond: calls $0.15
EKrahn: checks 
*** FLOP *** [Kc 5d 7h]
Beregond: checks 
EKrahn: checks 
ld788: checks 
very2lucky: checks 
*** TURN *** [Kc 5d 7h] [6h]
Beregond: checks 
EKrahn: bets $0.50
ld788: folds 
very2lucky: folds 
Beregond: folds 
Uncalled bet ($0.50) returned to EKrahn
EKrahn collected $0.95 from pot
EKrahn: doesn't show hand 
*** SUMMARY ***
Total pot $1 | Rake $0.05 
Board [Kc 5d 7h 6h]
Seat 1: Beregond (small blind) folded on the Turn
Seat 2: EKrahn (big blind) collected ($0.95)
Seat 3: Gixxer2007 folded before Flop (didn't bet)
Seat 4: ld788 folded on the Turn
Seat 5: legionverde folded before Flop (didn't bet)
Seat 6: Alameda22 folded before Flop (didn't bet)
Seat 7: very2lucky folded on the Turn
Seat 8: Elson Silva (button) folded before Flop (didn't bet)



PokerStars Game #20023470841:  Hold'em No Limit ($0.10/$0.25) - 2008/08/30 - 19:08:13 (ET)
Table 'Bouzareah' 9-max Seat #1 is the button
Seat 1: Beregond ($33.60 in chips) 
Seat 2: EKrahn ($13.55 in chips) 
Seat 3: Gixxer2007 ($29.50 in chips) 
Seat 4: ld788 ($35.25 in chips) 
Seat 5: legionverde ($24.05 in chips) 
Seat 6: Alameda22 ($25 in chips) 
Seat 7: very2lucky ($9.75 in chips) 
Seat 8: Elson Silva ($16.55 in chips) 
Seat 9: *Cafo* ($5 in chips) 
EKrahn: posts small blind $0.10
Gixxer2007: posts big blind $0.25
*Cafo*: posts big blind $0.25
*** HOLE CARDS ***
Dealt to Alameda22 [Ts 4c]
ld788: folds 
legionverde: folds 
Alameda22: folds 
very2lucky: folds 
Elson Silva: calls $0.25
*Cafo*: checks 
Beregond: folds 
EKrahn: calls $0.15
Gixxer2007: checks 
*** FLOP *** [8d 2s Qs]
EKrahn: checks 
Gixxer2007: checks 
Elson Silva: checks 
*Cafo*: checks 
*** TURN *** [8d 2s Qs] [7c]
EKrahn: checks 
Gixxer2007: checks 
Elson Silva: checks 
*Cafo*: bets $0.75
EKrahn: raises $1.50 to $2.25
Gixxer2007: folds 
Elson Silva: folds 
*Cafo*: calls $1.50
*** RIVER *** [8d 2s Qs 7c] [4s]
EKrahn: bets $2.50
*Cafo*: calls $2.50 and is all-in
*** SHOW DOWN ***
EKrahn: shows [7s Ah] (a pair of Sevens)
*Cafo*: shows [9s 6s] (a flush, Queen high)
*Cafo* collected $10 from pot
*** SUMMARY ***
Total pot $10.50 | Rake $0.50 
Board [8d 2s Qs 7c 4s]
Seat 1: Beregond (button) folded before Flop (didn't bet)
Seat 2: EKrahn (small blind) showed [7s Ah] and lost with a pair of Sevens
Seat 3: Gixxer2007 (big blind) folded on the Turn
Seat 4: ld788 folded before Flop (didn't bet)
Seat 5: legionverde folded before Flop (didn't bet)
Seat 6: Alameda22 folded before Flop (didn't bet)
Seat 7: very2lucky folded before Flop (didn't bet)
Seat 8: Elson Silva folded on the Turn
Seat 9: *Cafo* showed [9s 6s] and won ($10) with a flush, Queen high



PokerStars Game #20023514208:  Hold'em No Limit ($0.10/$0.25) - 2008/08/30 - 19:10:17 (ET)
Table 'Bouzareah' 9-max Seat #2 is the button
Seat 1: Beregond ($33.60 in chips) 
Seat 2: EKrahn ($8.55 in chips) 
Seat 3: Gixxer2007 ($29.25 in chips) 
Seat 4: ld788 ($35.25 in chips) 
Seat 5: legionverde ($24.05 in chips) 
Seat 6: Alameda22 ($25 in chips) 
Seat 7: very2lucky ($9.75 in chips) 
Seat 8: Elson Silva ($16.30 in chips) 
Seat 9: *Cafo* ($10 in chips) 
Gixxer2007: posts small blind $0.10
ld788: posts big blind $0.25
*** HOLE CARDS ***
Dealt to Alameda22 [Qc Qs]
legionverde: folds 
*Cafo* said, "lol"
Alameda22: raises $0.75 to $1
very2lucky: folds 
Elson Silva: folds 
*Cafo*: folds 
*Cafo* leaves the table
Beregond: folds 
EKrahn: folds 
Gixxer2007: folds 
ld788: folds 
Uncalled bet ($0.75) returned to Alameda22
Alameda22 collected $0.60 from pot
Alameda22: doesn't show hand 
*** SUMMARY ***
Total pot $0.60 | Rake $0 
Seat 1: Beregond folded before Flop (didn't bet)
Seat 2: EKrahn (button) folded before Flop (didn't bet)
Seat 3: Gixxer2007 (small blind) folded before Flop
Seat 4: ld788 (big blind) folded before Flop
Seat 5: legionverde folded before Flop (didn't bet)
Seat 6: Alameda22 collected ($0.60)
Seat 7: very2lucky folded before Flop (didn't bet)
Seat 8: Elson Silva folded before Flop (didn't bet)
Seat 9: *Cafo* folded before Flop (didn't bet)



PokerStars Game #20023529251:  Hold'em No Limit ($0.10/$0.25) - 2008/08/30 - 19:10:59 (ET)
Table 'Bouzareah' 9-max Seat #3 is the button
Seat 1: Beregond ($33.60 in chips) 
Seat 2: EKrahn ($8.55 in chips) 
Seat 3: Gixxer2007 ($29.15 in chips) 
Seat 4: ld788 ($35 in chips) 
Seat 5: legionverde ($24.05 in chips) 
Seat 6: Alameda22 ($25.35 in chips) 
Seat 7: very2lucky ($9.75 in chips) 
Seat 8: Elson Silva ($16.30 in chips) 
ld788: posts small blind $0.10
legionverde: posts big blind $0.25
*** HOLE CARDS ***
Dealt to Alameda22 [3d Jd]
Alameda22: folds 
very2lucky: folds 
chessmanA1 joins the table at seat #9 
Elson Silva: folds 
Beregond: folds 
EKrahn: calls $0.25
Gixxer2007: folds 
ld788: folds 
legionverde: checks 
*** FLOP *** [6s 4s Jc]
legionverde: checks 
EKrahn: checks 
*** TURN *** [6s 4s Jc] [5c]
legionverde: checks 
EKrahn: bets $0.50
legionverde: calls $0.50
*** RIVER *** [6s 4s Jc 5c] [Ac]
legionverde: checks 
EKrahn: checks 
*** SHOW DOWN ***
legionverde: shows [6c Qc] (a flush, Ace high)
EKrahn: mucks hand 
legionverde collected $1.55 from pot
*** SUMMARY ***
Total pot $1.60 | Rake $0.05 
Board [6s 4s Jc 5c Ac]
Seat 1: Beregond folded before Flop (didn't bet)
Seat 2: EKrahn mucked [5d Kd]
Seat 3: Gixxer2007 (button) folded before Flop (didn't bet)
Seat 4: ld788 (small blind) folded before Flop
Seat 5: legionverde (big blind) showed [6c Qc] and won ($1.55) with a flush, Ace high
Seat 6: Alameda22 folded before Flop (didn't bet)
Seat 7: very2lucky folded before Flop (didn't bet)
Seat 8: Elson Silva folded before Flop (didn't bet)



PokerStars Game #20023557853:  Hold'em No Limit ($0.10/$0.25) - 2008/08/30 - 19:12:21 (ET)
Table 'Bouzareah' 9-max Seat #4 is the button
Seat 1: Beregond ($33.60 in chips) 
Seat 2: EKrahn ($7.80 in chips) 
Seat 3: Gixxer2007 ($29.15 in chips) 
Seat 4: ld788 ($34.90 in chips) 
Seat 5: legionverde ($24.85 in chips) 
Seat 6: Alameda22 ($25.35 in chips) 
Seat 7: very2lucky ($9.75 in chips) 
Seat 8: Elson Silva ($16.30 in chips) 
legionverde: posts small blind $0.10
Alameda22: posts big blind $0.25
chessmanA1: sits out 
*** HOLE CARDS ***
Dealt to Alameda22 [Qh 7s]
very2lucky: folds 
Elson Silva: folds 
Beregond: folds 
EKrahn: folds 
Gixxer2007: folds 
ld788: folds 
legionverde: folds 
Uncalled bet ($0.15) returned to Alameda22
Alameda22 collected $0.20 from pot
Alameda22: doesn't show hand 
*** SUMMARY ***
Total pot $0.20 | Rake $0 
Seat 1: Beregond folded before Flop (didn't bet)
Seat 2: EKrahn folded before Flop (didn't bet)
Seat 3: Gixxer2007 folded before Flop (didn't bet)
Seat 4: ld788 (button) folded before Flop (didn't bet)
Seat 5: legionverde (small blind) folded before Flop
Seat 6: Alameda22 (big blind) collected ($0.20)
Seat 7: very2lucky folded before Flop (didn't bet)
Seat 8: Elson Silva folded before Flop (didn't bet)



PokerStars Game #20023582889:  Hold'em No Limit ($0.10/$0.25) - 2008/08/30 - 19:13:33 (ET)
Table 'Bouzareah' 9-max Seat #5 is the button
Seat 1: Beregond ($33.60 in chips) 
Seat 2: EKrahn ($7.80 in chips) 
Seat 3: Gixxer2007 ($29.15 in chips) 
Seat 4: ld788 ($34.90 in chips) 
Seat 5: legionverde ($24.75 in chips) 
Seat 6: Alameda22 ($25.45 in chips) 
Seat 7: very2lucky ($9.75 in chips) 
Seat 8: Elson Silva ($16.30 in chips) 
Alameda22: posts small blind $0.10
very2lucky: posts big blind $0.25
chessmanA1: sits out 
*** HOLE CARDS ***
Dealt to Alameda22 [6s 5d]
Elson Silva: folds 
Beregond: folds 
EKrahn: folds 
Gixxer2007: folds 
ld788: folds 
legionverde: folds 
Alameda22: folds 
Uncalled bet ($0.15) returned to very2lucky
very2lucky collected $0.20 from pot
*** SUMMARY ***
Total pot $0.20 | Rake $0 
Seat 1: Beregond folded before Flop (didn't bet)
Seat 2: EKrahn folded before Flop (didn't bet)
Seat 3: Gixxer2007 folded before Flop (didn't bet)
Seat 4: ld788 folded before Flop (didn't bet)
Seat 5: legionverde (button) folded before Flop (didn't bet)
Seat 6: Alameda22 (small blind) folded before Flop
Seat 7: very2lucky (big blind) collected ($0.20)
Seat 8: Elson Silva folded before Flop (didn't bet)



PokerStars Game #20023593229:  Hold'em No Limit ($0.10/$0.25) - 2008/08/30 - 19:14:02 (ET)
Table 'Bouzareah' 9-max Seat #6 is the button
Seat 1: Beregond ($33.60 in chips) 
Seat 2: EKrahn ($7.80 in chips) 
Seat 3: Gixxer2007 ($29.15 in chips) 
Seat 4: ld788 ($34.90 in chips) 
Seat 5: legionverde ($24.75 in chips) 
Seat 6: Alameda22 ($25.35 in chips) 
Seat 7: very2lucky ($9.85 in chips) 
Seat 8: Elson Silva ($16.30 in chips) 
very2lucky: posts small blind $0.10
Elson Silva: posts big blind $0.25
chessmanA1: sits out 
*** HOLE CARDS ***
Dealt to Alameda22 [7s Qs]
Beregond: folds 
EKrahn: calls $0.25
Gixxer2007: raises $1 to $1.25
ld788: folds 
legionverde: folds 
Alameda22: folds 
very2lucky: folds 
Elson Silva: folds 
EKrahn: folds 
Uncalled bet ($1) returned to Gixxer2007
Gixxer2007 collected $0.85 from pot
Gixxer2007: doesn't show hand 
*** SUMMARY ***
Total pot $0.85 | Rake $0 
Seat 1: Beregond folded before Flop (didn't bet)
Seat 2: EKrahn folded before Flop
Seat 3: Gixxer2007 collected ($0.85)
Seat 4: ld788 folded before Flop (didn't bet)
Seat 5: legionverde folded before Flop (didn't bet)
Seat 6: Alameda22 (button) folded before Flop (didn't bet)
Seat 7: very2lucky (small blind) folded before Flop
Seat 8: Elson Silva (big blind) folded before Flop



PokerStars Game #20023611669:  Hold'em No Limit ($0.10/$0.25) - 2008/08/30 - 19:14:55 (ET)
Table 'Bouzareah' 9-max Seat #7 is the button
Seat 1: Beregond ($33.60 in chips) 
Seat 2: EKrahn ($7.55 in chips) 
Seat 3: Gixxer2007 ($29.75 in chips) 
Seat 4: ld788 ($34.90 in chips) 
Seat 5: legionverde ($24.75 in chips) 
Seat 6: Alameda22 ($25.35 in chips) 
Seat 7: very2lucky ($9.75 in chips) 
Seat 8: Elson Silva ($16.05 in chips) 
Seat 9: chessmanA1 ($15 in chips) 
Elson Silva: posts small blind $0.10
chessmanA1: posts big blind $0.25
*** HOLE CARDS ***
Dealt to Alameda22 [Jh Th]
Beregond: folds 
EKrahn: folds 
Gixxer2007: folds 
ld788: folds 
legionverde: folds 
Alameda22: raises $0.75 to $1
very2lucky: folds 
Elson Silva: folds 
chessmanA1: folds 
Uncalled bet ($0.75) returned to Alameda22
Alameda22 collected $0.60 from pot
Alameda22: doesn't show hand 
*** SUMMARY ***
Total pot $0.60 | Rake $0 
Seat 1: Beregond folded before Flop (didn't bet)
Seat 2: EKrahn folded before Flop (didn't bet)
Seat 3: Gixxer2007 folded before Flop (didn't bet)
Seat 4: ld788 folded before Flop (didn't bet)
Seat 5: legionverde folded before Flop (didn't bet)
Seat 6: Alameda22 collected ($0.60)
Seat 7: very2lucky (button) folded before Flop (didn't bet)
Seat 8: Elson Silva (small blind) folded before Flop
Seat 9: chessmanA1 (big blind) folded before Flop



PokerStars Game #20023638190:  Hold'em No Limit ($0.10/$0.25) - 2008/08/30 - 19:16:12 (ET)
Table 'Bouzareah' 9-max Seat #8 is the button
Seat 1: Beregond ($33.60 in chips) 
Seat 2: EKrahn ($7.55 in chips) 
Seat 3: Gixxer2007 ($29.75 in chips) 
Seat 4: ld788 ($34.90 in chips) 
Seat 5: legionverde ($24.75 in chips) 
Seat 6: Alameda22 ($25.70 in chips) 
Seat 7: very2lucky ($9.75 in chips) 
Seat 8: Elson Silva ($15.95 in chips) 
Seat 9: chessmanA1 ($14.75 in chips) 
chessmanA1: posts small blind $0.10
Beregond: posts big blind $0.25
*** HOLE CARDS ***
Dealt to Alameda22 [Tc Ac]
EKrahn: calls $0.25
Gixxer2007: calls $0.25
ld788: folds 
legionverde: folds 
Alameda22: folds 
very2lucky: folds 
Elson Silva: folds 
chessmanA1: folds 
Beregond: checks 
*** FLOP *** [9s 2d Jh]
Beregond: checks 
EKrahn: bets $0.50
Gixxer2007: folds 
Beregond: folds 
Uncalled bet ($0.50) returned to EKrahn
EKrahn collected $0.85 from pot
EKrahn: doesn't show hand 
*** SUMMARY ***
Total pot $0.85 | Rake $0 
Board [9s 2d Jh]
Seat 1: Beregond (big blind) folded on the Flop
Seat 2: EKrahn collected ($0.85)
Seat 3: Gixxer2007 folded on the Flop
Seat 4: ld788 folded before Flop (didn't bet)
Seat 5: legionverde folded before Flop (didn't bet)
Seat 6: Alameda22 folded before Flop (didn't bet)
Seat 7: very2lucky folded before Flop (didn't bet)
Seat 8: Elson Silva (button) folded before Flop (didn't bet)
Seat 9: chessmanA1 (small blind) folded before Flop



PokerStars Game #20023655554:  Hold'em No Limit ($0.10/$0.25) - 2008/08/30 - 19:17:02 (ET)
Table 'Bouzareah' 9-max Seat #9 is the button
Seat 1: Beregond ($33.35 in chips) 
Seat 2: EKrahn ($8.15 in chips) 
Seat 3: Gixxer2007 ($29.50 in chips) 
Seat 4: ld788 ($34.90 in chips) 
Seat 5: legionverde ($24.75 in chips) 
Seat 6: Alameda22 ($25.70 in chips) 
Seat 7: very2lucky ($9.75 in chips) 
Seat 8: Elson Silva ($15.95 in chips) 
Seat 9: chessmanA1 ($14.65 in chips) 
Beregond: posts small blind $0.10
EKrahn: posts big blind $0.25
*** HOLE CARDS ***
Dealt to Alameda22 [Jd 5s]
Gixxer2007: folds 
ld788: folds 
Gixxer2007 leaves the table
legionverde: folds 
Alameda22: folds 
very2lucky: folds 
Elson Silva: calls $0.25
chessmanA1: folds 
Beregond: folds 
EKrahn: checks 
*** FLOP *** [5d 7c 3c]
EKrahn: bets $0.50
Elson Silva: calls $0.50
*** TURN *** [5d 7c 3c] [9s]
EKrahn: bets $1.25
Elson Silva: calls $1.25
*** RIVER *** [5d 7c 3c 9s] [7d]
EKrahn: bets $2.25
Elson Silva: folds 
Uncalled bet ($2.25) returned to EKrahn
EKrahn collected $3.90 from pot
EKrahn: doesn't show hand 
*** SUMMARY ***
Total pot $4.10 | Rake $0.20 
Board [5d 7c 3c 9s 7d]
Seat 1: Beregond (small blind) folded before Flop
Seat 2: EKrahn (big blind) collected ($3.90)
Seat 3: Gixxer2007 folded before Flop (didn't bet)
Seat 4: ld788 folded before Flop (didn't bet)
Seat 5: legionverde folded before Flop (didn't bet)
Seat 6: Alameda22 folded before Flop (didn't bet)
Seat 7: very2lucky folded before Flop (didn't bet)
Seat 8: Elson Silva folded on the River
Seat 9: chessmanA1 (button) folded before Flop (didn't bet)



PokerStars Game #20023684974:  Hold'em No Limit ($0.10/$0.25) - 2008/08/30 - 19:18:27 (ET)
Table 'Bouzareah' 9-max Seat #1 is the button
Seat 1: Beregond ($33.25 in chips) 
Seat 2: EKrahn ($10.05 in chips) 
Seat 4: ld788 ($34.90 in chips) 
Seat 5: legionverde ($24.75 in chips) 
Seat 6: Alameda22 ($25.70 in chips) 
Seat 7: very2lucky ($9.75 in chips) 
Seat 8: Elson Silva ($13.95 in chips) 
Seat 9: chessmanA1 ($14.65 in chips) 
EKrahn: posts small blind $0.10
ld788: posts big blind $0.25
*** HOLE CARDS ***
Dealt to Alameda22 [Th Ah]
legionverde: folds 
Alameda22: folds 
very2lucky: folds 
Elson Silva: folds 
chessmanA1: folds 
Beregond: folds 
EKrahn: calls $0.15
ld788: checks 
*** FLOP *** [6s As Jc]
EKrahn: checks 
ld788: checks 
*** TURN *** [6s As Jc] [2c]
EKrahn: checks 
ld788: checks 
*** RIVER *** [6s As Jc 2c] [7c]
EKrahn: checks 
ld788: checks 
*** SHOW DOWN ***
EKrahn: shows [Qh 2h] (a pair of Deuces)
ld788: shows [3h 3d] (a pair of Threes)
ld788 collected $0.50 from pot
*** SUMMARY ***
Total pot $0.50 | Rake $0 
Board [6s As Jc 2c 7c]
Seat 1: Beregond (button) folded before Flop (didn't bet)
Seat 2: EKrahn (small blind) showed [Qh 2h] and lost with a pair of Deuces
Seat 4: ld788 (big blind) showed [3h 3d] and won ($0.50) with a pair of Threes
Seat 5: legionverde folded before Flop (didn't bet)
Seat 6: Alameda22 folded before Flop (didn't bet)
Seat 7: very2lucky folded before Flop (didn't bet)
Seat 8: Elson Silva folded before Flop (didn't bet)
Seat 9: chessmanA1 folded before Flop (didn't bet)



PokerStars Game #20023712076:  Hold'em No Limit ($0.10/$0.25) - 2008/08/30 - 19:19:45 (ET)
Table 'Bouzareah' 9-max Seat #2 is the button
Seat 1: Beregond ($33.25 in chips) 
Seat 2: EKrahn ($9.80 in chips) 
Seat 4: ld788 ($35.15 in chips) 
Seat 5: legionverde ($24.75 in chips) 
Seat 6: Alameda22 ($25.70 in chips) 
Seat 7: very2lucky ($9.75 in chips) 
Seat 8: Elson Silva ($23.95 in chips) 
Seat 9: chessmanA1 ($14.65 in chips) 
ld788: posts small blind $0.10
legionverde: posts big blind $0.25
*** HOLE CARDS ***
Dealt to Alameda22 [9c 2d]
LiSsoFff joins the table at seat #3 
Alameda22: folds 
very2lucky: folds 
Elson Silva: calls $0.25
chessmanA1: folds 
Beregond: folds 
EKrahn: calls $0.25
ld788: calls $0.15
legionverde: checks 
*** FLOP *** [6s Qs Th]
ld788: bets $0.75
legionverde: calls $0.75
Elson Silva: calls $0.75
EKrahn: calls $0.75
*** TURN *** [6s Qs Th] [Tc]
ld788: checks 
legionverde: bets $2.25
Elson Silva: folds 
EKrahn: folds 
LiSsoFff leaves the table
ld788: folds 
Uncalled bet ($2.25) returned to legionverde
legionverde collected $3.85 from pot
legionverde: doesn't show hand 
*** SUMMARY ***
Total pot $4 | Rake $0.15 
Board [6s Qs Th Tc]
Seat 1: Beregond folded before Flop (didn't bet)
Seat 2: EKrahn (button) folded on the Turn
Seat 4: ld788 (small blind) folded on the Turn
Seat 5: legionverde (big blind) collected ($3.85)
Seat 6: Alameda22 folded before Flop (didn't bet)
Seat 7: very2lucky folded before Flop (didn't bet)
Seat 8: Elson Silva folded on the Turn
Seat 9: chessmanA1 folded before Flop (didn't bet)



PokerStars Game #20023744617:  Hold'em No Limit ($0.10/$0.25) - 2008/08/30 - 19:21:19 (ET)
Table 'Bouzareah' 9-max Seat #4 is the button
Seat 1: Beregond ($33.25 in chips) 
Seat 2: EKrahn ($8.80 in chips) 
Seat 4: ld788 ($34.15 in chips) 
Seat 5: legionverde ($27.60 in chips) 
Seat 6: Alameda22 ($25.70 in chips) 
Seat 7: very2lucky ($9.75 in chips) 
Seat 8: Elson Silva ($22.95 in chips) 
Seat 9: chessmanA1 ($14.65 in chips) 
legionverde: posts small blind $0.10
Alameda22: posts big blind $0.25
*** HOLE CARDS ***
Dealt to Alameda22 [As 6d]
very2lucky: folds 
very2lucky leaves the table
Elson Silva: folds 
chessmanA1: folds 
Beregond: folds 
EKrahn: folds 
ld788: folds 
LiSsoFff joins the table at seat #7 
legionverde: calls $0.15
wksek joins the table at seat #3 
Alameda22: checks 
*** FLOP *** [Td 9d 2h]
legionverde: checks 
Alameda22: checks 
*** TURN *** [Td 9d 2h] [8s]
legionverde: checks 
Alameda22: checks 
*** RIVER *** [Td 9d 2h 8s] [Ks]
legionverde: checks 
Alameda22: checks 
*** SHOW DOWN ***
legionverde: shows [2d Qd] (a pair of Deuces)
Alameda22: mucks hand 
legionverde collected $0.50 from pot
*** SUMMARY ***
Total pot $0.50 | Rake $0 
Board [Td 9d 2h 8s Ks]
Seat 1: Beregond folded before Flop (didn't bet)
Seat 2: EKrahn folded before Flop (didn't bet)
Seat 4: ld788 (button) folded before Flop (didn't bet)
Seat 5: legionverde (small blind) showed [2d Qd] and won ($0.50) with a pair of Deuces
Seat 6: Alameda22 (big blind) mucked [As 6d]
Seat 7: very2lucky folded before Flop (didn't bet)
Seat 8: Elson Silva folded before Flop (didn't bet)
Seat 9: chessmanA1 folded before Flop (didn't bet)



PokerStars Game #20023780528:  Hold'em No Limit ($0.10/$0.25) - 2008/08/30 - 19:23:04 (ET)
Table 'Bouzareah' 9-max Seat #5 is the button
Seat 1: Beregond ($33.25 in chips) 
Seat 2: EKrahn ($8.80 in chips) 
Seat 3: wksek ($5 in chips) 
Seat 4: ld788 ($34.15 in chips) 
Seat 5: legionverde ($27.85 in chips) 
Seat 6: Alameda22 ($25.45 in chips) 
Seat 7: LiSsoFff ($5 in chips) 
Seat 8: Elson Silva ($22.95 in chips) 
Seat 9: chessmanA1 ($14.65 in chips) 
Alameda22: posts small blind $0.10
LiSsoFff: posts big blind $0.25
wksek: posts big blind $0.25
*** HOLE CARDS ***
Dealt to Alameda22 [As 6s]
Elson Silva: calls $0.25
chessmanA1: folds 
Beregond: folds 
EKrahn: raises $0.75 to $1
wksek: folds 
ld788: folds 
legionverde: folds 
Alameda22: folds 
LiSsoFff: folds 
Elson Silva: calls $0.75
*** FLOP *** [Kc Kh 4c]
Elson Silva: checks 
EKrahn: bets $1.25
Elson Silva: calls $1.25
*** TURN *** [Kc Kh 4c] [Jc]
Elson Silva: checks 
EKrahn: bets $2.75
Elson Silva: calls $2.75
*** RIVER *** [Kc Kh 4c Jc] [8h]
Elson Silva: bets $3.80
EKrahn: folds 
Uncalled bet ($3.80) returned to Elson Silva
Elson Silva collected $10.10 from pot
*** SUMMARY ***
Total pot $10.60 | Rake $0.50 
Board [Kc Kh 4c Jc 8h]
Seat 1: Beregond folded before Flop (didn't bet)
Seat 2: EKrahn folded on the River
Seat 3: wksek folded before Flop
Seat 4: ld788 folded before Flop (didn't bet)
Seat 5: legionverde (button) folded before Flop (didn't bet)
Seat 6: Alameda22 (small blind) folded before Flop
Seat 7: LiSsoFff (big blind) folded before Flop
Seat 8: Elson Silva collected ($10.10)
Seat 9: chessmanA1 folded before Flop (didn't bet)



PokerStars Game #20023815983:  Hold'em No Limit ($0.10/$0.25) - 2008/08/30 - 19:24:48 (ET)
Table 'Bouzareah' 9-max Seat #6 is the button
Seat 1: Beregond ($33.25 in chips) 
Seat 2: EKrahn ($3.80 in chips) 
Seat 3: wksek ($4.75 in chips) 
Seat 4: ld788 ($34.15 in chips) 
Seat 5: legionverde ($27.85 in chips) 
Seat 6: Alameda22 ($25.35 in chips) 
Seat 7: LiSsoFff ($4.75 in chips) 
Seat 8: Elson Silva ($28.05 in chips) 
Seat 9: chessmanA1 ($14.65 in chips) 
LiSsoFff: posts small blind $0.10
Elson Silva: posts big blind $0.25
*** HOLE CARDS ***
Dealt to Alameda22 [4h As]
chessmanA1: folds 
Beregond: folds 
EKrahn: folds 
wksek: folds 
ld788: folds 
legionverde: calls $0.25
Alameda22: folds 
LiSsoFff: folds 
Elson Silva: checks 
*** FLOP *** [Qs 9h 2s]
Elson Silva: checks 
legionverde: checks 
*** TURN *** [Qs 9h 2s] [7c]
Elson Silva: checks 
legionverde: checks 
*** RIVER *** [Qs 9h 2s 7c] [6d]
Elson Silva: checks 
legionverde: checks 
*** SHOW DOWN ***
Elson Silva: shows [4s Ts] (high card Queen)
legionverde: shows [Ad 4d] (high card Ace)
legionverde collected $0.60 from pot
*** SUMMARY ***
Total pot $0.60 | Rake $0 
Board [Qs 9h 2s 7c 6d]
Seat 1: Beregond folded before Flop (didn't bet)
Seat 2: EKrahn folded before Flop (didn't bet)
Seat 3: wksek folded before Flop (didn't bet)
Seat 4: ld788 folded before Flop (didn't bet)
Seat 5: legionverde showed [Ad 4d] and won ($0.60) with high card Ace
Seat 6: Alameda22 (button) folded before Flop (didn't bet)
Seat 7: LiSsoFff (small blind) folded before Flop
Seat 8: Elson Silva (big blind) showed [4s Ts] and lost with high card Queen
Seat 9: chessmanA1 folded before Flop (didn't bet)



PokerStars Game #20023845603:  Hold'em No Limit ($0.10/$0.25) - 2008/08/30 - 19:26:16 (ET)
Table 'Bouzareah' 9-max Seat #7 is the button
Seat 1: Beregond ($33.25 in chips) 
Seat 2: EKrahn ($3.80 in chips) 
Seat 3: wksek ($4.75 in chips) 
Seat 4: ld788 ($34.15 in chips) 
Seat 5: legionverde ($28.20 in chips) 
Seat 6: Alameda22 ($25.35 in chips) 
Seat 7: LiSsoFff ($4.65 in chips) 
Seat 9: chessmanA1 ($14.65 in chips) 
Elson Silva has timed out
Elson Silva: is sitting out 
chessmanA1: posts small blind $0.10
Beregond: posts big blind $0.25
*** HOLE CARDS ***
Dealt to Alameda22 [2d 2s]
Elson Silva has returned
EKrahn: folds 
wksek: raises $0.50 to $0.75
ld788: folds 
legionverde: folds 
Alameda22: folds 
LiSsoFff: folds 
chessmanA1: calls $0.65
Beregond: folds 
*** FLOP *** [Tc 4s Jd]
chessmanA1: checks 
wksek: bets $1
chessmanA1: calls $1
*** TURN *** [Tc 4s Jd] [9s]
chessmanA1: checks 
wksek: bets $2
chessmanA1: calls $2
*** RIVER *** [Tc 4s Jd 9s] [Qh]
chessmanA1: bets $1
wksek: calls $1 and is all-in
*** SHOW DOWN ***
chessmanA1: shows [Ad Kh] (a straight, Ten to Ace)
wksek: mucks hand 
chessmanA1 collected $9.30 from pot
*** SUMMARY ***
Total pot $9.75 | Rake $0.45 
Board [Tc 4s Jd 9s Qh]
Seat 1: Beregond (big blind) folded before Flop
Seat 2: EKrahn folded before Flop (didn't bet)
Seat 3: wksek mucked [Jc As]
Seat 4: ld788 folded before Flop (didn't bet)
Seat 5: legionverde folded before Flop (didn't bet)
Seat 6: Alameda22 folded before Flop (didn't bet)
Seat 7: LiSsoFff (button) folded before Flop (didn't bet)
Seat 9: chessmanA1 (small blind) showed [Ad Kh] and won ($9.30) with a straight, Ten to Ace



PokerStars Game #20023882096:  Hold'em No Limit ($0.10/$0.25) - 2008/08/30 - 19:28:03 (ET)
Table 'Bouzareah' 9-max Seat #9 is the button
Seat 1: Beregond ($33 in chips) 
Seat 2: EKrahn ($3.80 in chips) 
Seat 4: ld788 ($34.15 in chips) 
Seat 5: legionverde ($28.20 in chips) 
Seat 6: Alameda22 ($25.35 in chips) 
Seat 7: LiSsoFff ($4.65 in chips) 
Seat 8: Elson Silva ($27.80 in chips) 
Seat 9: chessmanA1 ($19.20 in chips) 
Beregond: posts small blind $0.10
EKrahn: posts big blind $0.25
wksek has returned
Elson Silva: posts small blind $0.10
*** HOLE CARDS ***
Dealt to Alameda22 [9d 7c]
ld788: folds 
legionverde: folds 
EKrahn is disconnected 
Alameda22: folds 
LiSsoFff: folds 
Elson Silva: folds 
chessmanA1: folds 
Beregond: raises $0.75 to $1
EKrahn has timed out while disconnected
EKrahn: folds 
Uncalled bet ($0.75) returned to Beregond
EKrahn is sitting out
EKrahn is connected 
Beregond collected $0.60 from pot
Beregond: doesn't show hand 
*** SUMMARY ***
Total pot $0.60 | Rake $0 
Seat 1: Beregond (small blind) collected ($0.60)
Seat 2: EKrahn (big blind) folded before Flop
Seat 4: ld788 folded before Flop (didn't bet)
Seat 5: legionverde folded before Flop (didn't bet)
Seat 6: Alameda22 folded before Flop (didn't bet)
Seat 7: LiSsoFff folded before Flop (didn't bet)
Seat 8: Elson Silva folded before Flop
Seat 9: chessmanA1 (button) folded before Flop (didn't bet)



PokerStars Game #20023922916:  Hold'em No Limit ($0.10/$0.25) - 2008/08/30 - 19:30:03 (ET)
Table 'Bouzareah' 9-max Seat #1 is the button
Seat 1: Beregond ($33.35 in chips) 
Seat 3: wksek ($7 in chips) 
Seat 4: ld788 ($34.15 in chips) 
Seat 5: legionverde ($28.20 in chips) 
Seat 6: Alameda22 ($25.35 in chips) 
Seat 7: LiSsoFff ($4.65 in chips) 
Seat 8: Elson Silva ($27.70 in chips) 
Seat 9: chessmanA1 ($19.20 in chips) 
wksek: posts small blind $0.10
ld788: posts big blind $0.25
*** HOLE CARDS ***
Dealt to Alameda22 [Tc 7c]
EKrahn has returned
legionverde: folds 
EKrahn leaves the table
Alameda22: folds 
LiSsoFff: folds 
Elson Silva: folds 
chessmanA1: folds 
Beregond: folds 
wksek: calls $0.15
joanemilie joins the table at seat #2 
ld788: checks 
*** FLOP *** [3d Jc 9d]
wksek: checks 
ld788: checks 
*** TURN *** [3d Jc 9d] [6h]
wksek: checks 
ld788: bets $0.50
wksek: folds 
Uncalled bet ($0.50) returned to ld788
ld788 collected $0.50 from pot
*** SUMMARY ***
Total pot $0.50 | Rake $0 
Board [3d Jc 9d 6h]
Seat 1: Beregond (button) folded before Flop (didn't bet)
Seat 3: wksek (small blind) folded on the Turn
Seat 4: ld788 (big blind) collected ($0.50)
Seat 5: legionverde folded before Flop (didn't bet)
Seat 6: Alameda22 folded before Flop (didn't bet)
Seat 7: LiSsoFff folded before Flop (didn't bet)
Seat 8: Elson Silva folded before Flop (didn't bet)
Seat 9: chessmanA1 folded before Flop (didn't bet)



PokerStars Game #20023940230:  Hold'em No Limit ($0.10/$0.25) - 2008/08/30 - 19:30:54 (ET)
Table 'Bouzareah' 9-max Seat #3 is the button
Seat 1: Beregond ($33.35 in chips) 
Seat 2: joanemilie ($15 in chips) 
Seat 3: wksek ($6.75 in chips) 
Seat 4: ld788 ($34.40 in chips) 
Seat 5: legionverde ($28.20 in chips) 
Seat 6: Alameda22 ($25.35 in chips) 
Seat 7: LiSsoFff ($4.65 in chips) 
Seat 8: Elson Silva ($27.70 in chips) 
Seat 9: chessmanA1 ($19.20 in chips) 
ld788: posts small blind $0.10
legionverde: posts big blind $0.25
joanemilie: posts big blind $0.25
*** HOLE CARDS ***
Dealt to Alameda22 [Kc Qd]
Alameda22: folds 
LiSsoFff: folds 
Elson Silva: folds 
chessmanA1: folds 
Beregond: folds 
joanemilie: checks 
wksek: raises $0.50 to $0.75
ld788: folds 
legionverde: folds 
joanemilie: folds 
Uncalled bet ($0.50) returned to wksek
wksek collected $0.85 from pot
wksek: doesn't show hand 
*** SUMMARY ***
Total pot $0.85 | Rake $0 
Seat 1: Beregond folded before Flop (didn't bet)
Seat 2: joanemilie folded before Flop
Seat 3: wksek (button) collected ($0.85)
Seat 4: ld788 (small blind) folded before Flop
Seat 5: legionverde (big blind) folded before Flop
Seat 6: Alameda22 folded before Flop (didn't bet)
Seat 7: LiSsoFff folded before Flop (didn't bet)
Seat 8: Elson Silva folded before Flop (didn't bet)
Seat 9: chessmanA1 folded before Flop (didn't bet)



PokerStars Game #20023965436:  Hold'em No Limit ($0.10/$0.25) - 2008/08/30 - 19:32:06 (ET)
Table 'Bouzareah' 9-max Seat #4 is the button
Seat 1: Beregond ($33.35 in chips) 
Seat 2: joanemilie ($14.75 in chips) 
Seat 3: wksek ($7.35 in chips) 
Seat 4: ld788 ($34.30 in chips) 
Seat 5: legionverde ($27.95 in chips) 
Seat 6: Alameda22 ($25.35 in chips) 
Seat 7: LiSsoFff ($4.65 in chips) 
Seat 8: Elson Silva ($27.70 in chips) 
Seat 9: chessmanA1 ($19.20 in chips) 
legionverde: posts small blind $0.10
Alameda22: posts big blind $0.25
*** HOLE CARDS ***
Dealt to Alameda22 [8c 7h]
LiSsoFff: folds 
Elson Silva: folds 
LiSsoFff leaves the table
chessmanA1: folds 
Beregond: folds 
joanemilie: calls $0.25
wksek: folds 
ld788: folds 
legionverde: calls $0.15
Alameda22: checks 
*** FLOP *** [Qh 6d 5s]
legionverde: checks 
Fokkus77 joins the table at seat #7 
Alameda22: bets $0.50
joanemilie: folds 
legionverde: folds 
Uncalled bet ($0.50) returned to Alameda22
Alameda22 collected $0.75 from pot
Alameda22: doesn't show hand 
*** SUMMARY ***
Total pot $0.75 | Rake $0 
Board [Qh 6d 5s]
Seat 1: Beregond folded before Flop (didn't bet)
Seat 2: joanemilie folded on the Flop
Seat 3: wksek folded before Flop (didn't bet)
Seat 4: ld788 (button) folded before Flop (didn't bet)
Seat 5: legionverde (small blind) folded on the Flop
Seat 6: Alameda22 (big blind) collected ($0.75)
Seat 7: LiSsoFff folded before Flop (didn't bet)
Seat 8: Elson Silva folded before Flop (didn't bet)
Seat 9: chessmanA1 folded before Flop (didn't bet)



PokerStars Game #20023990252:  Hold'em No Limit ($0.10/$0.25) - 2008/08/30 - 19:33:18 (ET)
Table 'Bouzareah' 9-max Seat #5 is the button
Seat 1: Beregond ($33.35 in chips) 
Seat 2: joanemilie ($14.50 in chips) 
Seat 3: wksek ($7.35 in chips) 
Seat 4: ld788 ($34.30 in chips) 
Seat 5: legionverde ($27.70 in chips) 
Seat 6: Alameda22 ($25.85 in chips) 
Seat 7: Fokkus77 ($5 in chips) 
Seat 8: Elson Silva ($27.70 in chips) 
Seat 9: chessmanA1 ($19.20 in chips) 
Alameda22: posts small blind $0.10
Fokkus77: posts big blind $0.25
*** HOLE CARDS ***
Dealt to Alameda22 [Qh As]
Elson Silva: folds 
chessmanA1: folds 
Beregond: folds 
joanemilie: folds 
wksek: folds 
ld788: folds 
legionverde: folds 
Alameda22: raises $0.75 to $1
Fokkus77: folds 
Uncalled bet ($0.75) returned to Alameda22
Alameda22 collected $0.50 from pot
Alameda22: doesn't show hand 
*** SUMMARY ***
Total pot $0.50 | Rake $0 
Seat 1: Beregond folded before Flop (didn't bet)
Seat 2: joanemilie folded before Flop (didn't bet)
Seat 3: wksek folded before Flop (didn't bet)
Seat 4: ld788 folded before Flop (didn't bet)
Seat 5: legionverde (button) folded before Flop (didn't bet)
Seat 6: Alameda22 (small blind) collected ($0.50)
Seat 7: Fokkus77 (big blind) folded before Flop
Seat 8: Elson Silva folded before Flop (didn't bet)
Seat 9: chessmanA1 folded before Flop (didn't bet)



PokerStars Game #20024001529:  Hold'em No Limit ($0.10/$0.25) - 2008/08/30 - 19:33:52 (ET)
Table 'Bouzareah' 9-max Seat #6 is the button
Seat 1: Beregond ($33.35 in chips) 
Seat 2: joanemilie ($14.50 in chips) 
Seat 3: wksek ($7.35 in chips) 
Seat 4: ld788 ($34.30 in chips) 
Seat 5: legionverde ($27.70 in chips) 
Seat 6: Alameda22 ($26.10 in chips) 
Seat 7: Fokkus77 ($4.75 in chips) 
Seat 8: Elson Silva ($27.70 in chips) 
Seat 9: chessmanA1 ($19.20 in chips) 
Fokkus77: posts small blind $0.10
Elson Silva: posts big blind $0.25
*** HOLE CARDS ***
Dealt to Alameda22 [4h Jd]
chessmanA1: folds 
Beregond: folds 
joanemilie: folds 
wksek: folds 
ld788: folds 
legionverde: folds 
Alameda22: folds 
Fokkus77: folds 
Uncalled bet ($0.15) returned to Elson Silva
Elson Silva collected $0.20 from pot
*** SUMMARY ***
Total pot $0.20 | Rake $0 
Seat 1: Beregond folded before Flop (didn't bet)
Seat 2: joanemilie folded before Flop (didn't bet)
Seat 3: wksek folded before Flop (didn't bet)
Seat 4: ld788 folded before Flop (didn't bet)
Seat 5: legionverde folded before Flop (didn't bet)
Seat 6: Alameda22 (button) folded before Flop (didn't bet)
Seat 7: Fokkus77 (small blind) folded before Flop
Seat 8: Elson Silva (big blind) collected ($0.20)
Seat 9: chessmanA1 folded before Flop (didn't bet)



PokerStars Game #20024024675:  Hold'em No Limit ($0.10/$0.25) - 2008/08/30 - 19:34:59 (ET)
Table 'Bouzareah' 9-max Seat #7 is the button
Seat 1: Beregond ($33.35 in chips) 
Seat 2: joanemilie ($14.50 in chips) 
Seat 3: wksek ($7.35 in chips) 
Seat 4: ld788 ($34.30 in chips) 
Seat 5: legionverde ($27.70 in chips) 
Seat 6: Alameda22 ($26.10 in chips) 
Seat 7: Fokkus77 ($4.65 in chips) 
Seat 8: Elson Silva ($27.80 in chips) 
Seat 9: chessmanA1 ($19.20 in chips) 
Elson Silva: posts small blind $0.10
chessmanA1: posts big blind $0.25
*** HOLE CARDS ***
Dealt to Alameda22 [Ac 7h]
Beregond: calls $0.25
joanemilie: calls $0.25
wksek: folds 
ld788: folds 
legionverde: folds 
Alameda22: folds 
Fokkus77: folds 
Elson Silva: calls $0.15
chessmanA1: checks 
*** FLOP *** [4d Kc 2h]
Elson Silva: checks 
chessmanA1: checks 
Beregond: checks 
joanemilie: bets $0.75
Elson Silva: calls $0.75
chessmanA1: folds 
Beregond: folds 
*** TURN *** [4d Kc 2h] [5d]
Elson Silva: checks 
joanemilie: bets $0.50
Elson Silva: calls $0.50
*** RIVER *** [4d Kc 2h 5d] [8c]
Elson Silva: checks 
joanemilie: checks 
*** SHOW DOWN ***
Elson Silva: shows [Qd Ad] (high card Ace)
joanemilie: shows [9h Kh] (a pair of Kings)
joanemilie collected $3.35 from pot
*** SUMMARY ***
Total pot $3.50 | Rake $0.15 
Board [4d Kc 2h 5d 8c]
Seat 1: Beregond folded on the Flop
Seat 2: joanemilie showed [9h Kh] and won ($3.35) with a pair of Kings
Seat 3: wksek folded before Flop (didn't bet)
Seat 4: ld788 folded before Flop (didn't bet)
Seat 5: legionverde folded before Flop (didn't bet)
Seat 6: Alameda22 folded before Flop (didn't bet)
Seat 7: Fokkus77 (button) folded before Flop (didn't bet)
Seat 8: Elson Silva (small blind) showed [Qd Ad] and lost with high card Ace
Seat 9: chessmanA1 (big blind) folded on the Flop



PokerStars Game #20024056290:  Hold'em No Limit ($0.10/$0.25) - 2008/08/30 - 19:36:32 (ET)
Table 'Bouzareah' 9-max Seat #8 is the button
Seat 1: Beregond ($33.10 in chips) 
Seat 2: joanemilie ($16.35 in chips) 
Seat 3: wksek ($7.35 in chips) 
Seat 4: ld788 ($34.30 in chips) 
Seat 5: legionverde ($27.70 in chips) 
Seat 6: Alameda22 ($26.10 in chips) 
Seat 7: Fokkus77 ($4.65 in chips) 
Seat 8: Elson Silva ($26.30 in chips) 
Seat 9: chessmanA1 ($18.95 in chips) 
chessmanA1: posts small blind $0.10
Beregond: posts big blind $0.25
*** HOLE CARDS ***
Dealt to Alameda22 [7c Ts]
joanemilie: calls $0.25
wksek: calls $0.25
ld788: folds 
legionverde: folds 
Alameda22: folds 
Fokkus77: folds 
Elson Silva: folds 
chessmanA1: folds 
Beregond: checks 
*** FLOP *** [Td Js Qd]
Beregond: checks 
joanemilie: bets $0.75
wksek: folds 
Beregond: folds 
Uncalled bet ($0.75) returned to joanemilie
joanemilie collected $0.85 from pot
*** SUMMARY ***
Total pot $0.85 | Rake $0 
Board [Td Js Qd]
Seat 1: Beregond (big blind) folded on the Flop
Seat 2: joanemilie collected ($0.85)
Seat 3: wksek folded on the Flop
Seat 4: ld788 folded before Flop (didn't bet)
Seat 5: legionverde folded before Flop (didn't bet)
Seat 6: Alameda22 folded before Flop (didn't bet)
Seat 7: Fokkus77 folded before Flop (didn't bet)
Seat 8: Elson Silva (button) folded before Flop (didn't bet)
Seat 9: chessmanA1 (small blind) folded before Flop



PokerStars Game #20024085837:  Hold'em No Limit ($0.10/$0.25) - 2008/08/30 - 19:37:58 (ET)
Table 'Bouzareah' 9-max Seat #9 is the button
Seat 1: Beregond ($32.85 in chips) 
Seat 2: joanemilie ($16.95 in chips) 
Seat 3: wksek ($7.10 in chips) 
Seat 4: ld788 ($34.30 in chips) 
Seat 5: legionverde ($27.70 in chips) 
Seat 6: Alameda22 ($26.10 in chips) 
Seat 7: Fokkus77 ($4.65 in chips) 
Seat 8: Elson Silva ($26.30 in chips) 
Seat 9: chessmanA1 ($18.85 in chips) 
Beregond: posts small blind $0.10
joanemilie: posts big blind $0.25
*** HOLE CARDS ***
Dealt to Alameda22 [7s 5s]
wksek: folds 
ld788: folds 
legionverde: folds 
Alameda22: folds 
Fokkus77: folds 
Elson Silva: folds 
chessmanA1: folds 
Beregond: calls $0.15
joanemilie: checks 
*** FLOP *** [7d 6d 4c]
Beregond: checks 
joanemilie: checks 
*** TURN *** [7d 6d 4c] [8c]
Beregond: checks 
joanemilie: bets $0.25
Beregond: calls $0.25
*** RIVER *** [7d 6d 4c 8c] [7c]
Beregond: checks 
joanemilie: checks 
*** SHOW DOWN ***
Beregond: shows [5h 5d] (a straight, Four to Eight)
joanemilie: shows [Td 4s] (two pair, Sevens and Fours)
Beregond collected $0.95 from pot
*** SUMMARY ***
Total pot $1 | Rake $0.05 
Board [7d 6d 4c 8c 7c]
Seat 1: Beregond (small blind) showed [5h 5d] and won ($0.95) with a straight, Four to Eight
Seat 2: joanemilie (big blind) showed [Td 4s] and lost with two pair, Sevens and Fours
Seat 3: wksek folded before Flop (didn't bet)
Seat 4: ld788 folded before Flop (didn't bet)
Seat 5: legionverde folded before Flop (didn't bet)
Seat 6: Alameda22 folded before Flop (didn't bet)
Seat 7: Fokkus77 folded before Flop (didn't bet)
Seat 8: Elson Silva folded before Flop (didn't bet)
Seat 9: chessmanA1 (button) folded before Flop (didn't bet)



PokerStars Game #20024109905:  Hold'em No Limit ($0.10/$0.25) - 2008/08/30 - 19:39:08 (ET)
Table 'Bouzareah' 9-max Seat #1 is the button
Seat 1: Beregond ($33.30 in chips) 
Seat 2: joanemilie ($16.45 in chips) 
Seat 3: wksek ($7.10 in chips) 
Seat 4: ld788 ($34.30 in chips) 
Seat 5: legionverde ($27.70 in chips) 
Seat 6: Alameda22 ($26.10 in chips) 
Seat 7: Fokkus77 ($4.65 in chips) 
Seat 8: Elson Silva ($26.30 in chips) 
Seat 9: chessmanA1 ($18.85 in chips) 
joanemilie: posts small blind $0.10
wksek: posts big blind $0.25
*** HOLE CARDS ***
Dealt to Alameda22 [Tc 8c]
ld788: folds 
legionverde: folds 
Alameda22: folds 
Fokkus77: folds 
Elson Silva: folds 
chessmanA1: folds 
Beregond: folds 
joanemilie: calls $0.15
wksek: checks 
*** FLOP *** [8s 2c 6h]
joanemilie: checks 
wksek: checks 
*** TURN *** [8s 2c 6h] [9h]
joanemilie: bets $0.50
wksek: folds 
Uncalled bet ($0.50) returned to joanemilie
joanemilie collected $0.50 from pot
*** SUMMARY ***
Total pot $0.50 | Rake $0 
Board [8s 2c 6h 9h]
Seat 1: Beregond (button) folded before Flop (didn't bet)
Seat 2: joanemilie (small blind) collected ($0.50)
Seat 3: wksek (big blind) folded on the Turn
Seat 4: ld788 folded before Flop (didn't bet)
Seat 5: legionverde folded before Flop (didn't bet)
Seat 6: Alameda22 folded before Flop (didn't bet)
Seat 7: Fokkus77 folded before Flop (didn't bet)
Seat 8: Elson Silva folded before Flop (didn't bet)
Seat 9: chessmanA1 folded before Flop (didn't bet)



PokerStars Game #20024135912:  Hold'em No Limit ($0.10/$0.25) - 2008/08/30 - 19:40:23 (ET)
Table 'Bouzareah' 9-max Seat #2 is the button
Seat 1: Beregond ($33.30 in chips) 
Seat 2: joanemilie ($16.70 in chips) 
Seat 3: wksek ($6.85 in chips) 
Seat 4: ld788 ($34.30 in chips) 
Seat 5: legionverde ($27.70 in chips) 
Seat 6: Alameda22 ($26.10 in chips) 
Seat 7: Fokkus77 ($4.65 in chips) 
Seat 8: Elson Silva ($26.30 in chips) 
Seat 9: chessmanA1 ($18.85 in chips) 
wksek: posts small blind $0.10
ld788: posts big blind $0.25
*** HOLE CARDS ***
Dealt to Alameda22 [Qd 7h]
legionverde: folds 
Alameda22: folds 
Fokkus77: folds 
Elson Silva: folds 
chessmanA1: folds 
Beregond: raises $0.75 to $1
joanemilie: folds 
wksek: folds 
ld788: folds 
Uncalled bet ($0.75) returned to Beregond
Beregond collected $0.60 from pot
Beregond: doesn't show hand 
*** SUMMARY ***
Total pot $0.60 | Rake $0 
Seat 1: Beregond collected ($0.60)
Seat 2: joanemilie (button) folded before Flop (didn't bet)
Seat 3: wksek (small blind) folded before Flop
Seat 4: ld788 (big blind) folded before Flop
Seat 5: legionverde folded before Flop (didn't bet)
Seat 6: Alameda22 folded before Flop (didn't bet)
Seat 7: Fokkus77 folded before Flop (didn't bet)
Seat 8: Elson Silva folded before Flop (didn't bet)
Seat 9: chessmanA1 folded before Flop (didn't bet)



PokerStars Game #20024158875:  Hold'em No Limit ($0.10/$0.25) - 2008/08/30 - 19:41:30 (ET)
Table 'Bouzareah' 9-max Seat #3 is the button
Seat 1: Beregond ($33.65 in chips) 
Seat 2: joanemilie ($16.70 in chips) 
Seat 3: wksek ($6.75 in chips) 
Seat 4: ld788 ($34.05 in chips) 
Seat 5: legionverde ($27.70 in chips) 
Seat 6: Alameda22 ($26.10 in chips) 
Seat 7: Fokkus77 ($4.65 in chips) 
Seat 8: Elson Silva ($26.30 in chips) 
Seat 9: chessmanA1 ($18.85 in chips) 
ld788: posts small blind $0.10
legionverde: posts big blind $0.25
*** HOLE CARDS ***
Dealt to Alameda22 [Ts 4c]
Alameda22: folds 
Fokkus77: folds 
Elson Silva: folds 
chessmanA1: calls $0.25
Beregond: folds 
Beregond leaves the table
joanemilie: calls $0.25
wksek: raises $0.25 to $0.50
ld788: folds 
legionverde: folds 
chessmanA1: calls $0.25
joanemilie: calls $0.25
*** FLOP *** [5s 9h 7s]
chessmanA1: checks 
joanemilie: checks 
wksek: bets $1
chessmanA1: calls $1
joanemilie: folds 
*** TURN *** [5s 9h 7s] [8c]
chessmanA1: checks 
wksek: bets $2
chessmanA1: calls $2
*** RIVER *** [5s 9h 7s 8c] [2c]
chessmanA1: checks 
wksek: bets $3.25 and is all-in
chessmanA1: calls $3.25
*** SHOW DOWN ***
wksek: shows [Kd Jd] (high card King)
chessmanA1: shows [Jc Js] (a pair of Jacks)
chessmanA1 collected $13.65 from pot
*** SUMMARY ***
Total pot $14.35 | Rake $0.70 
Board [5s 9h 7s 8c 2c]
Seat 1: Beregond folded before Flop (didn't bet)
Seat 2: joanemilie folded on the Flop
Seat 3: wksek (button) showed [Kd Jd] and lost with high card King
Seat 4: ld788 (small blind) folded before Flop
Seat 5: legionverde (big blind) folded before Flop
Seat 6: Alameda22 folded before Flop (didn't bet)
Seat 7: Fokkus77 folded before Flop (didn't bet)
Seat 8: Elson Silva folded before Flop (didn't bet)
Seat 9: chessmanA1 showed [Jc Js] and won ($13.65) with a pair of Jacks



PokerStars Game #20024193119:  Hold'em No Limit ($0.10/$0.25) - 2008/08/30 - 19:43:11 (ET)
Table 'Bouzareah' 9-max Seat #4 is the button
Seat 2: joanemilie ($16.20 in chips) 
Seat 3: wksek ($5 in chips) 
Seat 4: ld788 ($33.95 in chips) 
Seat 5: legionverde ($27.45 in chips) 
Seat 6: Alameda22 ($26.10 in chips) 
Seat 7: Fokkus77 ($4.65 in chips) 
Seat 8: Elson Silva ($26.30 in chips) 
Seat 9: chessmanA1 ($25.75 in chips) 
legionverde: posts small blind $0.10
Alameda22: posts big blind $0.25
*** HOLE CARDS ***
Dealt to Alameda22 [Ac As]
Fokkus77: folds 
Elson Silva: folds 
chessmanA1: folds 
joanemilie: calls $0.25
wksek: folds 
ld788: folds 
legionverde: folds 
Alameda22: raises $1 to $1.25
joanemilie: folds 
Uncalled bet ($1) returned to Alameda22
miqu11 joins the table at seat #1 
Alameda22 collected $0.60 from pot
Alameda22: doesn't show hand 
*** SUMMARY ***
Total pot $0.60 | Rake $0 
Seat 2: joanemilie folded before Flop
Seat 3: wksek folded before Flop (didn't bet)
Seat 4: ld788 (button) folded before Flop (didn't bet)
Seat 5: legionverde (small blind) folded before Flop
Seat 6: Alameda22 (big blind) collected ($0.60)
Seat 7: Fokkus77 folded before Flop (didn't bet)
Seat 8: Elson Silva folded before Flop (didn't bet)
Seat 9: chessmanA1 folded before Flop (didn't bet)



PokerStars Game #20024211195:  Hold'em No Limit ($0.10/$0.25) - 2008/08/30 - 19:44:04 (ET)
Table 'Bouzareah' 9-max Seat #5 is the button
Seat 2: joanemilie ($15.95 in chips) 
Seat 3: wksek ($5 in chips) 
Seat 4: ld788 ($33.95 in chips) 
Seat 5: legionverde ($27.35 in chips) 
Seat 6: Alameda22 ($26.45 in chips) 
Seat 7: Fokkus77 ($4.65 in chips) 
Seat 8: Elson Silva ($26.30 in chips) 
Seat 9: chessmanA1 ($25.75 in chips) 
Alameda22: posts small blind $0.10
Fokkus77: posts big blind $0.25
miqu11: sits out 
*** HOLE CARDS ***
Dealt to Alameda22 [3d Tc]
Elson Silva: folds 
chessmanA1: folds 
joanemilie: folds 
wksek: folds 
ld788: folds 
legionverde: folds 
Alameda22: folds 
Uncalled bet ($0.15) returned to Fokkus77
Fokkus77 collected $0.20 from pot
Fokkus77: doesn't show hand 
*** SUMMARY ***
Total pot $0.20 | Rake $0 
Seat 2: joanemilie folded before Flop (didn't bet)
Seat 3: wksek folded before Flop (didn't bet)
Seat 4: ld788 folded before Flop (didn't bet)
Seat 5: legionverde (button) folded before Flop (didn't bet)
Seat 6: Alameda22 (small blind) folded before Flop
Seat 7: Fokkus77 (big blind) collected ($0.20)
Seat 8: Elson Silva folded before Flop (didn't bet)
Seat 9: chessmanA1 folded before Flop (didn't bet)



PokerStars Game #20024230547:  Hold'em No Limit ($0.10/$0.25) - 2008/08/30 - 19:45:02 (ET)
Table 'Bouzareah' 9-max Seat #6 is the button
Seat 2: joanemilie ($15.95 in chips) 
Seat 3: wksek ($5 in chips) 
Seat 4: ld788 ($33.95 in chips) 
Seat 5: legionverde ($27.35 in chips) 
Seat 6: Alameda22 ($26.35 in chips) 
Seat 7: Fokkus77 ($4.75 in chips) 
Seat 8: Elson Silva ($26.30 in chips) 
Seat 9: chessmanA1 ($25.75 in chips) 
Fokkus77: posts small blind $0.10
Elson Silva: posts big blind $0.25
miqu11: sits out 
*** HOLE CARDS ***
Dealt to Alameda22 [5d Qc]
chessmanA1: folds 
joanemilie: calls $0.25
wksek: folds 
ld788: folds 
legionverde: folds 
Alameda22: folds 
Fokkus77: folds 
Elson Silva: checks 
*** FLOP *** [3d 4h Qd]
Elson Silva: checks 
joanemilie: checks 
*** TURN *** [3d 4h Qd] [Kd]
Elson Silva: checks 
joanemilie: bets $0.50
Elson Silva: folds 
Uncalled bet ($0.50) returned to joanemilie
joanemilie collected $0.60 from pot
*** SUMMARY ***
Total pot $0.60 | Rake $0 
Board [3d 4h Qd Kd]
Seat 2: joanemilie collected ($0.60)
Seat 3: wksek folded before Flop (didn't bet)
Seat 4: ld788 folded before Flop (didn't bet)
Seat 5: legionverde folded before Flop (didn't bet)
Seat 6: Alameda22 (button) folded before Flop (didn't bet)
Seat 7: Fokkus77 (small blind) folded before Flop
Seat 8: Elson Silva (big blind) folded on the Turn
Seat 9: chessmanA1 folded before Flop (didn't bet)



PokerStars Game #20024260037:  Hold'em No Limit ($0.10/$0.25) - 2008/08/30 - 19:46:28 (ET)
Table 'Bouzareah' 9-max Seat #7 is the button
Seat 2: joanemilie ($16.30 in chips) 
Seat 3: wksek ($5 in chips) 
Seat 4: ld788 ($33.95 in chips) 
Seat 5: legionverde ($27.35 in chips) 
Seat 6: Alameda22 ($26.35 in chips) 
Seat 7: Fokkus77 ($4.65 in chips) 
Seat 8: Elson Silva ($26.05 in chips) 
Seat 9: chessmanA1 ($25.75 in chips) 
Elson Silva: posts small blind $0.10
chessmanA1: posts big blind $0.25
miqu11: sits out 
*** HOLE CARDS ***
Dealt to Alameda22 [Ks Qc]
joanemilie: folds 
wksek: folds 
ld788: folds 
legionverde: folds 
Alameda22: folds 
Fokkus77: raises $1 to $1.25
Elson Silva: calls $1.15
chessmanA1: folds 
*** FLOP *** [Qs 7s 5h]
Elson Silva: checks 
Fokkus77: bets $1
Elson Silva: calls $1
*** TURN *** [Qs 7s 5h] [8s]
Elson Silva: checks 
Fokkus77: bets $1
Elson Silva: calls $1
*** RIVER *** [Qs 7s 5h 8s] [Ac]
Elson Silva: checks 
Fokkus77: bets $1.25
Elson Silva: calls $1.25
*** SHOW DOWN ***
Fokkus77: shows [As Js] (a flush, Ace high)
Elson Silva: mucks hand 
Fokkus77 collected $8.85 from pot
*** SUMMARY ***
Total pot $9.25 | Rake $0.40 
Board [Qs 7s 5h 8s Ac]
Seat 2: joanemilie folded before Flop (didn't bet)
Seat 3: wksek folded before Flop (didn't bet)
Seat 4: ld788 folded before Flop (didn't bet)
Seat 5: legionverde folded before Flop (didn't bet)
Seat 6: Alameda22 folded before Flop (didn't bet)
Seat 7: Fokkus77 (button) showed [As Js] and won ($8.85) with a flush, Ace high
Seat 8: Elson Silva (small blind) mucked [Jh Qh]
Seat 9: chessmanA1 (big blind) folded before Flop



PokerStars Game #20024304421:  Hold'em No Limit ($0.10/$0.25) - 2008/08/30 - 19:48:40 (ET)
Table 'Bouzareah' 9-max Seat #8 is the button
Seat 1: miqu11 ($5 in chips) 
Seat 2: joanemilie ($16.30 in chips) 
Seat 3: wksek ($5 in chips) 
Seat 4: ld788 ($33.95 in chips) 
Seat 5: legionverde ($27.35 in chips) 
Seat 6: Alameda22 ($26.35 in chips) 
Seat 7: Fokkus77 ($9 in chips) 
Seat 8: Elson Silva ($21.55 in chips) 
Seat 9: chessmanA1 ($25.50 in chips) 
chessmanA1: posts small blind $0.10
miqu11: posts big blind $0.25
*** HOLE CARDS ***
Dealt to Alameda22 [5c Th]
joanemilie: folds 
wksek: folds 
ld788: folds 
legionverde: folds 
Alameda22: folds 
Fokkus77: folds 
Elson Silva: folds 
Elson Silva is sitting out
chessmanA1: folds 
Uncalled bet ($0.15) returned to miqu11
miqu11 collected $0.20 from pot
miqu11: doesn't show hand 
*** SUMMARY ***
Total pot $0.20 | Rake $0 
Seat 1: miqu11 (big blind) collected ($0.20)
Seat 2: joanemilie folded before Flop (didn't bet)
Seat 3: wksek folded before Flop (didn't bet)
Seat 4: ld788 folded before Flop (didn't bet)
Seat 5: legionverde folded before Flop (didn't bet)
Seat 6: Alameda22 folded before Flop (didn't bet)
Seat 7: Fokkus77 folded before Flop (didn't bet)
Seat 8: Elson Silva (button) folded before Flop (didn't bet)
Seat 9: chessmanA1 (small blind) folded before Flop



PokerStars Game #20024318163:  Hold'em No Limit ($0.10/$0.25) - 2008/08/30 - 19:49:20 (ET)
Table 'Bouzareah' 9-max Seat #9 is the button
Seat 1: miqu11 ($5.10 in chips) 
Seat 2: joanemilie ($16.30 in chips) 
Seat 3: wksek ($5 in chips) 
Seat 4: ld788 ($33.95 in chips) 
Seat 5: legionverde ($27.35 in chips) 
Seat 6: Alameda22 ($26.35 in chips) 
Seat 7: Fokkus77 ($9 in chips) 
Seat 9: chessmanA1 ($25.40 in chips) 
miqu11: posts small blind $0.10
joanemilie: posts big blind $0.25
*** HOLE CARDS ***
Dealt to Alameda22 [Qc 5s]
wksek: raises $0.50 to $0.75
ld788: folds 
legionverde: folds 
Alameda22: folds 
Fokkus77: folds 
chessmanA1: folds 
miqu11: folds 
joanemilie: calls $0.50
*** FLOP *** [3s 7h 2c]
joanemilie: bets $0.25
wksek: raises $0.75 to $1
joanemilie: calls $0.75
*** TURN *** [3s 7h 2c] [3c]
joanemilie: bets $0.75
wksek: raises $2.50 to $3.25 and is all-in
joanemilie: calls $2.50
*** RIVER *** [3s 7h 2c 3c] [4d]
*** SHOW DOWN ***
joanemilie: shows [6s 6c] (two pair, Sixes and Threes)
wksek: shows [Ac Ah] (two pair, Aces and Threes)
wksek collected $9.65 from pot
*** SUMMARY ***
Total pot $10.10 | Rake $0.45 
Board [3s 7h 2c 3c 4d]
Seat 1: miqu11 (small blind) folded before Flop
Seat 2: joanemilie (big blind) showed [6s 6c] and lost with two pair, Sixes and Threes
Seat 3: wksek showed [Ac Ah] and won ($9.65) with two pair, Aces and Threes
Seat 4: ld788 folded before Flop (didn't bet)
Seat 5: legionverde folded before Flop (didn't bet)
Seat 6: Alameda22 folded before Flop (didn't bet)
Seat 7: Fokkus77 folded before Flop (didn't bet)
Seat 9: chessmanA1 (button) folded before Flop (didn't bet)



PokerStars Game #20024352730:  Hold'em No Limit ($0.10/$0.25) - 2008/08/30 - 19:51:03 (ET)
Table 'Bouzareah' 9-max Seat #1 is the button
Seat 1: miqu11 ($5 in chips) 
Seat 2: joanemilie ($11.30 in chips) 
Seat 3: wksek ($9.65 in chips) 
Seat 4: ld788 ($33.95 in chips) 
Seat 5: legionverde ($27.35 in chips) 
Seat 6: Alameda22 ($26.35 in chips) 
Seat 7: Fokkus77 ($9 in chips) 
Seat 9: chessmanA1 ($25.40 in chips) 
joanemilie: posts small blind $0.10
wksek: posts big blind $0.25
*** HOLE CARDS ***
Dealt to Alameda22 [Ks 2h]
ld788: folds 
legionverde: folds 
Alameda22: folds 
Fokkus77: folds 
chessmanA1: folds 
miqu11: raises $0.75 to $1
joanemilie: folds 
wksek: folds 
Uncalled bet ($0.75) returned to miqu11
miqu11 collected $0.60 from pot
miqu11: doesn't show hand 
*** SUMMARY ***
Total pot $0.60 | Rake $0 
Seat 1: miqu11 (button) collected ($0.60)
Seat 2: joanemilie (small blind) folded before Flop
Seat 3: wksek (big blind) folded before Flop
Seat 4: ld788 folded before Flop (didn't bet)
Seat 5: legionverde folded before Flop (didn't bet)
Seat 6: Alameda22 folded before Flop (didn't bet)
Seat 7: Fokkus77 folded before Flop (didn't bet)
Seat 9: chessmanA1 folded before Flop (didn't bet)



PokerStars Game #20024371576:  Hold'em No Limit ($0.10/$0.25) - 2008/08/30 - 19:51:59 (ET)
Table 'Bouzareah' 9-max Seat #2 is the button
Seat 1: miqu11 ($5.35 in chips) 
Seat 2: joanemilie ($11.20 in chips) 
Seat 3: wksek ($9.40 in chips) 
Seat 4: ld788 ($33.95 in chips) 
Seat 5: legionverde ($27.35 in chips) 
Seat 6: Alameda22 ($26.35 in chips) 
Seat 7: Fokkus77 ($9 in chips) 
Seat 9: chessmanA1 ($25.40 in chips) 
wksek: posts small blind $0.10
ld788: posts big blind $0.25
*** HOLE CARDS ***
Dealt to Alameda22 [Qs 8s]
legionverde: folds 
Alameda22: folds 
Fokkus77: folds 
chessmanA1: folds 
miqu11: folds 
joanemilie: folds 
wksek: folds 
Uncalled bet ($0.15) returned to ld788
ld788 collected $0.20 from pot
*** SUMMARY ***
Total pot $0.20 | Rake $0 
Seat 1: miqu11 folded before Flop (didn't bet)
Seat 2: joanemilie (button) folded before Flop (didn't bet)
Seat 3: wksek (small blind) folded before Flop
Seat 4: ld788 (big blind) collected ($0.20)
Seat 5: legionverde folded before Flop (didn't bet)
Seat 6: Alameda22 folded before Flop (didn't bet)
Seat 7: Fokkus77 folded before Flop (didn't bet)
Seat 9: chessmanA1 folded before Flop (didn't bet)



PokerStars Game #20024383697:  Hold'em No Limit ($0.10/$0.25) - 2008/08/30 - 19:52:36 (ET)
Table 'Bouzareah' 9-max Seat #3 is the button
Seat 1: miqu11 ($5.35 in chips) 
Seat 2: joanemilie ($11.20 in chips) 
Seat 3: wksek ($9.30 in chips) 
Seat 4: ld788 ($34.05 in chips) 
Seat 5: legionverde ($27.35 in chips) 
Seat 6: Alameda22 ($26.35 in chips) 
Seat 7: Fokkus77 ($9 in chips) 
Seat 9: chessmanA1 ($25.40 in chips) 
ld788: posts small blind $0.10
legionverde: posts big blind $0.25
*** HOLE CARDS ***
Dealt to Alameda22 [Ac Jc]
Alameda22: folds 
Fokkus77: calls $0.25
chessmanA1: folds 
miqu11: folds 
joanemilie: folds 
wksek: folds 
ld788: folds 
legionverde: checks 
*** FLOP *** [5d Qh 5s]
legionverde: checks 
Fokkus77: checks 
*** TURN *** [5d Qh 5s] [3h]
legionverde: checks 
Fokkus77: bets $0.25
legionverde: calls $0.25
*** RIVER *** [5d Qh 5s 3h] [Ah]
legionverde: checks 
Fokkus77: checks 
*** SHOW DOWN ***
legionverde: shows [9c 9s] (two pair, Nines and Fives)
Fokkus77: mucks hand 
legionverde collected $1.05 from pot
*** SUMMARY ***
Total pot $1.10 | Rake $0.05 
Board [5d Qh 5s 3h Ah]
Seat 1: miqu11 folded before Flop (didn't bet)
Seat 2: joanemilie folded before Flop (didn't bet)
Seat 3: wksek (button) folded before Flop (didn't bet)
Seat 4: ld788 (small blind) folded before Flop
Seat 5: legionverde (big blind) showed [9c 9s] and won ($1.05) with two pair, Nines and Fives
Seat 6: Alameda22 folded before Flop (didn't bet)
Seat 7: Fokkus77 mucked [2h 2d]
Seat 9: chessmanA1 folded before Flop (didn't bet)



PokerStars Game #20024410000:  Hold'em No Limit ($0.10/$0.25) - 2008/08/30 - 19:53:54 (ET)
Table 'Bouzareah' 9-max Seat #4 is the button
Seat 1: miqu11 ($5.35 in chips) 
Seat 2: joanemilie ($11.20 in chips) 
Seat 3: wksek ($9.30 in chips) 
Seat 4: ld788 ($33.95 in chips) 
Seat 5: legionverde ($27.90 in chips) 
Seat 6: Alameda22 ($26.35 in chips) 
Seat 7: Fokkus77 ($8.50 in chips) 
Seat 9: chessmanA1 ($25.40 in chips) 
legionverde: posts small blind $0.10
Alameda22: posts big blind $0.25
*** HOLE CARDS ***
Dealt to Alameda22 [Js 5c]
Fokkus77: raises $1 to $1.25
chessmanA1: folds 
miqu11: folds 
joanemilie: folds 
wksek: folds 
ld788: folds 
legionverde: folds 
Alameda22: folds 
Uncalled bet ($1) returned to Fokkus77
Fokkus77 collected $0.60 from pot
Fokkus77: doesn't show hand 
*** SUMMARY ***
Total pot $0.60 | Rake $0 
Seat 1: miqu11 folded before Flop (didn't bet)
Seat 2: joanemilie folded before Flop (didn't bet)
Seat 3: wksek folded before Flop (didn't bet)
Seat 4: ld788 (button) folded before Flop (didn't bet)
Seat 5: legionverde (small blind) folded before Flop
Seat 6: Alameda22 (big blind) folded before Flop
Seat 7: Fokkus77 collected ($0.60)
Seat 9: chessmanA1 folded before Flop (didn't bet)



PokerStars Game #20024431073:  Hold'em No Limit ($0.10/$0.25) - 2008/08/30 - 19:54:58 (ET)
Table 'Bouzareah' 9-max Seat #5 is the button
Seat 1: miqu11 ($5.35 in chips) 
Seat 2: joanemilie ($11.20 in chips) 
Seat 3: wksek ($9.30 in chips) 
Seat 4: ld788 ($33.95 in chips) 
Seat 5: legionverde ($27.80 in chips) 
Seat 6: Alameda22 ($26.10 in chips) 
Seat 9: chessmanA1 ($25.40 in chips) 
Alameda22: posts small blind $0.10
Fokkus77: is sitting out 
Fokkus77 leaves the table
chessmanA1: posts big blind $0.25
*** HOLE CARDS ***
Dealt to Alameda22 [Qh Th]
miqu11: folds 
joanemilie: folds 
wksek: folds 
ld788: folds 
legionverde: raises $0.75 to $1
Trinity Pokr joins the table at seat #7 
Alameda22: folds 
chessmanA1: folds 
Uncalled bet ($0.75) returned to legionverde
legionverde collected $0.60 from pot
legionverde: doesn't show hand 
*** SUMMARY ***
Total pot $0.60 | Rake $0 
Seat 1: miqu11 folded before Flop (didn't bet)
Seat 2: joanemilie folded before Flop (didn't bet)
Seat 3: wksek folded before Flop (didn't bet)
Seat 4: ld788 folded before Flop (didn't bet)
Seat 5: legionverde (button) collected ($0.60)
Seat 6: Alameda22 (small blind) folded before Flop
Seat 9: chessmanA1 (big blind) folded before Flop



PokerStars Game #20024451213:  Hold'em No Limit ($0.10/$0.25) - 2008/08/30 - 19:55:58 (ET)
Table 'Bouzareah' 9-max Seat #6 is the button
Seat 1: miqu11 ($5.35 in chips) 
Seat 2: joanemilie ($11.20 in chips) 
Seat 3: wksek ($9.30 in chips) 
Seat 4: ld788 ($33.95 in chips) 
Seat 5: legionverde ($28.15 in chips) 
Seat 6: Alameda22 ($26 in chips) 
Seat 9: chessmanA1 ($25.15 in chips) 
Trinity Pokr will be allowed to play after the button
chessmanA1: posts small blind $0.10
miqu11: posts big blind $0.25
*** HOLE CARDS ***
Dealt to Alameda22 [Ad 5h]
joanemilie: folds 
wksek: folds 
ld788: folds 
legionverde: folds 
Alameda22: folds 
chessmanA1: folds 
Uncalled bet ($0.15) returned to miqu11
miqu11 collected $0.20 from pot
miqu11: doesn't show hand 
*** SUMMARY ***
Total pot $0.20 | Rake $0 
Seat 1: miqu11 (big blind) collected ($0.20)
Seat 2: joanemilie folded before Flop (didn't bet)
Seat 3: wksek folded before Flop (didn't bet)
Seat 4: ld788 folded before Flop (didn't bet)
Seat 5: legionverde folded before Flop (didn't bet)
Seat 6: Alameda22 (button) folded before Flop (didn't bet)
Seat 9: chessmanA1 (small blind) folded before Flop



PokerStars Game #20024475557:  Hold'em No Limit ($0.10/$0.25) - 2008/08/30 - 19:57:12 (ET)
Table 'Bouzareah' 9-max Seat #9 is the button
Seat 1: miqu11 ($5.45 in chips) 
Seat 2: joanemilie ($11.20 in chips) 
Seat 3: wksek ($9.30 in chips) 
Seat 4: ld788 ($33.95 in chips) 
Seat 5: legionverde ($28.15 in chips) 
Seat 6: Alameda22 ($26 in chips) 
Seat 7: Trinity Pokr ($25 in chips) 
Seat 9: chessmanA1 ($25.05 in chips) 
miqu11: posts small blind $0.10
joanemilie: posts big blind $0.25
Trinity Pokr: posts big blind $0.25
*** HOLE CARDS ***
Dealt to Alameda22 [9c Qh]
wksek: folds 
ld788: folds 
legionverde: folds 
Alameda22: folds 
Trinity Pokr: checks 
Elson Silva has returned
chessmanA1: calls $0.25
miqu11: raises $1.25 to $1.50
joanemilie: folds 
Trinity Pokr: folds 
chessmanA1: folds 
Uncalled bet ($1.25) returned to miqu11
miqu11 collected $1 from pot
miqu11: doesn't show hand 
*** SUMMARY ***
Total pot $1 | Rake $0 
Seat 1: miqu11 (small blind) collected ($1)
Seat 2: joanemilie (big blind) folded before Flop
Seat 3: wksek folded before Flop (didn't bet)
Seat 4: ld788 folded before Flop (didn't bet)
Seat 5: legionverde folded before Flop (didn't bet)
Seat 6: Alameda22 folded before Flop (didn't bet)
Seat 7: Trinity Pokr folded before Flop
Seat 9: chessmanA1 (button) folded before Flop



PokerStars Game #20024501962:  Hold'em No Limit ($0.10/$0.25) - 2008/08/30 - 19:58:32 (ET)
Table 'Bouzareah' 9-max Seat #1 is the button
Seat 1: miqu11 ($6.20 in chips) 
Seat 2: joanemilie ($10.95 in chips) 
Seat 3: wksek ($9.30 in chips) 
Seat 4: ld788 ($33.95 in chips) 
Seat 5: legionverde ($28.15 in chips) 
Seat 6: Alameda22 ($26 in chips) 
Seat 7: Trinity Pokr ($24.75 in chips) 
Seat 8: Elson Silva ($21.55 in chips) 
Seat 9: chessmanA1 ($24.80 in chips) 
joanemilie: posts small blind $0.10
wksek: posts big blind $0.25
Elson Silva: posts small & big blinds $0.35
*** HOLE CARDS ***
Dealt to Alameda22 [Qs Qd]
ld788: folds 
legionverde: calls $0.25
Alameda22: raises $1.25 to $1.50
Trinity Pokr: folds 
Elson Silva: folds 
chessmanA1: folds 
miqu11: folds 
joanemilie: folds 
wksek: folds 
legionverde: folds 
Uncalled bet ($1.25) returned to Alameda22
Alameda22 collected $1.20 from pot
Alameda22: doesn't show hand 
*** SUMMARY ***
Total pot $1.20 | Rake $0 
Seat 1: miqu11 (button) folded before Flop (didn't bet)
Seat 2: joanemilie (small blind) folded before Flop
Seat 3: wksek (big blind) folded before Flop
Seat 4: ld788 folded before Flop (didn't bet)
Seat 5: legionverde folded before Flop
Seat 6: Alameda22 collected ($1.20)
Seat 7: Trinity Pokr folded before Flop (didn't bet)
Seat 8: Elson Silva folded before Flop
Seat 9: chessmanA1 folded before Flop (didn't bet)



PokerStars Game #20024540319:  Hold'em No Limit ($0.10/$0.25) - 2008/08/30 - 20:00:27 (ET)
Table 'Bouzareah' 9-max Seat #2 is the button
Seat 1: miqu11 ($6.20 in chips) 
Seat 2: joanemilie ($10.85 in chips) 
Seat 3: wksek ($9.05 in chips) 
Seat 5: legionverde ($27.90 in chips) 
Seat 6: Alameda22 ($26.95 in chips) 
Seat 7: Trinity Pokr ($24.75 in chips) 
Seat 8: Elson Silva ($21.20 in chips) 
Seat 9: chessmanA1 ($24.80 in chips) 
wksek: posts small blind $0.10
ld788: is sitting out 
legionverde: posts big blind $0.25
*** HOLE CARDS ***
Dealt to Alameda22 [6h 5s]
ld788 leaves the table
Alameda22: folds 
Trinity Pokr: folds 
Elson Silva: folds 
chessmanA1: folds 
miqu11: folds 
joanemilie: folds 
wksek: folds 
Uncalled bet ($0.15) returned to legionverde
legionverde collected $0.20 from pot
legionverde: doesn't show hand 
*** SUMMARY ***
Total pot $0.20 | Rake $0 
Seat 1: miqu11 folded before Flop (didn't bet)
Seat 2: joanemilie (button) folded before Flop (didn't bet)
Seat 3: wksek (small blind) folded before Flop
Seat 5: legionverde (big blind) collected ($0.20)
Seat 6: Alameda22 folded before Flop (didn't bet)
Seat 7: Trinity Pokr folded before Flop (didn't bet)
Seat 8: Elson Silva folded before Flop (didn't bet)
Seat 9: chessmanA1 folded before Flop (didn't bet)



PokerStars Game #20024555153:  Hold'em No Limit ($0.10/$0.25) - 2008/08/30 - 20:01:12 (ET)
Table 'Bouzareah' 9-max Seat #3 is the button
Seat 1: miqu11 ($6.20 in chips) 
Seat 2: joanemilie ($10.85 in chips) 
Seat 3: wksek ($8.95 in chips) 
Seat 5: legionverde ($28 in chips) 
Seat 6: Alameda22 ($26.95 in chips) 
Seat 7: Trinity Pokr ($24.75 in chips) 
Seat 8: Elson Silva ($21.20 in chips) 
Seat 9: chessmanA1 ($24.80 in chips) 
legionverde: posts small blind $0.10
Alameda22: posts big blind $0.25
*** HOLE CARDS ***
Dealt to Alameda22 [Jc 9d]
Trinity Pokr: raises $0.50 to $0.75
Elson Silva has timed out
Elson Silva: folds 
Elson Silva is sitting out
chessmanA1: folds 
miqu11: folds 
joanemilie: folds 
wksek: folds 
legionverde: folds 
Alameda22: folds 
Uncalled bet ($0.50) returned to Trinity Pokr
Trinity Pokr collected $0.60 from pot
Trinity Pokr: doesn't show hand 
*** SUMMARY ***
Total pot $0.60 | Rake $0 
Seat 1: miqu11 folded before Flop (didn't bet)
Seat 2: joanemilie folded before Flop (didn't bet)
Seat 3: wksek (button) folded before Flop (didn't bet)
Seat 5: legionverde (small blind) folded before Flop
Seat 6: Alameda22 (big blind) folded before Flop
Seat 7: Trinity Pokr collected ($0.60)
Seat 8: Elson Silva folded before Flop (didn't bet)
Seat 9: chessmanA1 folded before Flop (didn't bet)



PokerStars Game #20024575147:  Hold'em No Limit ($0.10/$0.25) - 2008/08/30 - 20:02:11 (ET)
Table 'Bouzareah' 9-max Seat #5 is the button
Seat 1: miqu11 ($6.20 in chips) 
Seat 2: joanemilie ($10.85 in chips) 
Seat 3: wksek ($8.95 in chips) 
Seat 5: legionverde ($27.90 in chips) 
Seat 6: Alameda22 ($26.70 in chips) 
Seat 7: Trinity Pokr ($25.10 in chips) 
Seat 9: chessmanA1 ($24.80 in chips) 
Alameda22: posts small blind $0.10
Trinity Pokr: posts big blind $0.25
*** HOLE CARDS ***
Dealt to Alameda22 [Kc 2h]
chessmanA1: folds 
miqu11: folds 
joanemilie: folds 
wksek: folds 
legionverde: folds 
Alameda22: folds 
Uncalled bet ($0.15) returned to Trinity Pokr
Trinity Pokr collected $0.20 from pot
Trinity Pokr: doesn't show hand 
*** SUMMARY ***
Total pot $0.20 | Rake $0 
Seat 1: miqu11 folded before Flop (didn't bet)
Seat 2: joanemilie folded before Flop (didn't bet)
Seat 3: wksek folded before Flop (didn't bet)
Seat 5: legionverde (button) folded before Flop (didn't bet)
Seat 6: Alameda22 (small blind) folded before Flop
Seat 7: Trinity Pokr (big blind) collected ($0.20)
Seat 9: chessmanA1 folded before Flop (didn't bet)



PokerStars Game #20024589044:  Hold'em No Limit ($0.10/$0.25) - 2008/08/30 - 20:02:52 (ET)
Table 'Bouzareah' 9-max Seat #6 is the button
Seat 1: miqu11 ($6.20 in chips) 
Seat 2: joanemilie ($10.85 in chips) 
Seat 3: wksek ($8.95 in chips) 
Seat 5: legionverde ($27.90 in chips) 
Seat 6: Alameda22 ($26.60 in chips) 
Seat 7: Trinity Pokr ($25.20 in chips) 
Seat 9: chessmanA1 ($24.80 in chips) 
Trinity Pokr: posts small blind $0.10
chessmanA1: posts big blind $0.25
*** HOLE CARDS ***
Dealt to Alameda22 [As 3c]
miqu11: folds 
Elson Silva has returned
joanemilie: calls $0.25
wksek: folds 
legionverde: folds 
Alameda22: folds 
Trinity Pokr: calls $0.15
chessmanA1: checks 
*** FLOP *** [2c Jh 4h]
Trinity Pokr: checks 
chessmanA1: checks 
joanemilie: bets $0.75
Trinity Pokr: folds 
chessmanA1: folds 
Uncalled bet ($0.75) returned to joanemilie
joanemilie collected $0.75 from pot
*** SUMMARY ***
Total pot $0.75 | Rake $0 
Board [2c Jh 4h]
Seat 1: miqu11 folded before Flop (didn't bet)
Seat 2: joanemilie collected ($0.75)
Seat 3: wksek folded before Flop (didn't bet)
Seat 5: legionverde folded before Flop (didn't bet)
Seat 6: Alameda22 (button) folded before Flop (didn't bet)
Seat 7: Trinity Pokr (small blind) folded on the Flop
Seat 9: chessmanA1 (big blind) folded on the Flop



PokerStars Game #20024618328:  Hold'em No Limit ($0.10/$0.25) - 2008/08/30 - 20:04:19 (ET)
Table 'Bouzareah' 9-max Seat #7 is the button
Seat 2: joanemilie ($11.35 in chips) 
Seat 3: wksek ($8.95 in chips) 
Seat 5: legionverde ($27.90 in chips) 
Seat 6: Alameda22 ($26.60 in chips) 
Seat 7: Trinity Pokr ($24.95 in chips) 
Seat 9: chessmanA1 ($24.55 in chips) 
Elson Silva will be allowed to play after the button
chessmanA1: posts small blind $0.10
miqu11: is sitting out 
joanemilie: posts big blind $0.25
*** HOLE CARDS ***
Dealt to Alameda22 [Td Jh]
miqu11 leaves the table
wksek: folds 
legionverde: folds 
Alameda22: folds 
Trinity Pokr: folds 
chessmanA1: folds 
Uncalled bet ($0.15) returned to joanemilie
joanemilie collected $0.20 from pot
*** SUMMARY ***
Total pot $0.20 | Rake $0 
Seat 2: joanemilie (big blind) collected ($0.20)
Seat 3: wksek folded before Flop (didn't bet)
Seat 5: legionverde folded before Flop (didn't bet)
Seat 6: Alameda22 folded before Flop (didn't bet)
Seat 7: Trinity Pokr (button) folded before Flop (didn't bet)
Seat 9: chessmanA1 (small blind) folded before Flop



PokerStars Game #20024629820:  Hold'em No Limit ($0.10/$0.25) - 2008/08/30 - 20:04:53 (ET)
Table 'Bouzareah' 9-max Seat #9 is the button
Seat 2: joanemilie ($11.45 in chips) 
Seat 3: wksek ($8.95 in chips) 
Seat 5: legionverde ($27.90 in chips) 
Seat 6: Alameda22 ($26.60 in chips) 
Seat 7: Trinity Pokr ($24.95 in chips) 
Seat 8: Elson Silva ($21.20 in chips) 
Seat 9: chessmanA1 ($24.45 in chips) 
joanemilie: posts small blind $0.10
wksek: posts big blind $0.25
Elson Silva: posts small & big blinds $0.35
*** HOLE CARDS ***
Dealt to Alameda22 [5d 2h]
legionverde: folds 
Alameda22: folds 
Trinity Pokr: calls $0.25
Elson Silva: checks 
chessmanA1: folds 
joanemilie: calls $0.15
wksek: checks 
*** FLOP *** [6d 3h 9d]
joanemilie: checks 
wksek: checks 
Trinity Pokr: checks 
Elson Silva: checks 
*** TURN *** [6d 3h 9d] [Ks]
joanemilie: bets $0.75
wksek: folds 
Trinity Pokr: calls $0.75
Elson Silva: folds 
*** RIVER *** [6d 3h 9d Ks] [4c]
joanemilie: bets $0.75
Trinity Pokr: calls $0.75
*** SHOW DOWN ***
joanemilie: shows [Jc Kd] (a pair of Kings)
Trinity Pokr: mucks hand 
joanemilie collected $3.90 from pot
*** SUMMARY ***
Total pot $4.10 | Rake $0.20 
Board [6d 3h 9d Ks 4c]
Seat 2: joanemilie (small blind) showed [Jc Kd] and won ($3.90) with a pair of Kings
Seat 3: wksek (big blind) folded on the Turn
Seat 5: legionverde folded before Flop (didn't bet)
Seat 6: Alameda22 folded before Flop (didn't bet)
Seat 7: Trinity Pokr mucked [8d Kh]
Seat 8: Elson Silva folded on the Turn
Seat 9: chessmanA1 (button) folded before Flop (didn't bet)



PokerStars Game #20024660829:  Hold'em No Limit ($0.10/$0.25) - 2008/08/30 - 20:06:24 (ET)
Table 'Bouzareah' 9-max Seat #2 is the button
Seat 2: joanemilie ($13.60 in chips) 
Seat 3: wksek ($8.70 in chips) 
Seat 5: legionverde ($27.90 in chips) 
Seat 6: Alameda22 ($26.60 in chips) 
Seat 7: Trinity Pokr ($23.20 in chips) 
Seat 8: Elson Silva ($20.85 in chips) 
Seat 9: chessmanA1 ($24.45 in chips) 
nembo joins the table at seat #4 
wksek: posts small blind $0.10
legionverde: posts big blind $0.25
*** HOLE CARDS ***
Dealt to Alameda22 [Td Ks]
Alameda22: folds 
Trinity Pokr: folds 
Elson Silva: calls $0.25
chessmanA1: folds 
joanemilie: calls $0.25
wksek: calls $0.15
legionverde: checks 
*** FLOP *** [6d Jc Kd]
wksek: checks 
legionverde: checks 
Elson Silva: checks 
joanemilie: checks 
*** TURN *** [6d Jc Kd] [Jh]
wksek: checks 
SarinaJess joins the table at seat #1 
legionverde: checks 
Elson Silva: checks 
joanemilie: checks 
*** RIVER *** [6d Jc Kd Jh] [7d]
wksek: checks 
legionverde: checks 
Elson Silva: checks 
joanemilie: checks 
*** SHOW DOWN ***
wksek: shows [Qs 9s] (a pair of Jacks)
legionverde: shows [4c Ah] (a pair of Jacks - Ace kicker)
Elson Silva: shows [7s 8s] (two pair, Jacks and Sevens)
joanemilie: shows [7c Tc] (two pair, Jacks and Sevens)
Elson Silva collected $0.50 from pot
joanemilie collected $0.45 from pot
*** SUMMARY ***
Total pot $1 | Rake $0.05 
Board [6d Jc Kd Jh 7d]
Seat 2: joanemilie (button) showed [7c Tc] and won ($0.45) with two pair, Jacks and Sevens
Seat 3: wksek (small blind) showed [Qs 9s] and lost with a pair of Jacks
Seat 5: legionverde (big blind) showed [4c Ah] and lost with a pair of Jacks
Seat 6: Alameda22 folded before Flop (didn't bet)
Seat 7: Trinity Pokr folded before Flop (didn't bet)
Seat 8: Elson Silva showed [7s 8s] and won ($0.50) with two pair, Jacks and Sevens
Seat 9: chessmanA1 folded before Flop (didn't bet)



PokerStars Game #20024689881:  Hold'em No Limit ($0.10/$0.25) - 2008/08/30 - 20:07:49 (ET)
Table 'Bouzareah' 9-max Seat #3 is the button
Seat 1: SarinaJess ($5 in chips) 
Seat 2: joanemilie ($13.80 in chips) 
Seat 3: wksek ($8.45 in chips) 
Seat 5: legionverde ($27.65 in chips) 
Seat 6: Alameda22 ($26.60 in chips) 
Seat 7: Trinity Pokr ($23.20 in chips) 
Seat 8: Elson Silva ($21.10 in chips) 
Seat 9: chessmanA1 ($24.45 in chips) 
nembo will be allowed to play after the button
legionverde: posts small blind $0.10
Alameda22: posts big blind $0.25
SarinaJess: posts big blind $0.25
*** HOLE CARDS ***
Dealt to Alameda22 [8d Qh]
Trinity Pokr: folds 
Elson Silva: folds 
chessmanA1: folds 
SarinaJess: checks 
joanemilie: calls $0.25
wksek: folds 
legionverde: calls $0.15
Alameda22: checks 
*** FLOP *** [9h 2d Jh]
legionverde: checks 
Alameda22: checks 
SarinaJess: checks 
joanemilie: bets $1
legionverde: folds 
Alameda22: folds 
SarinaJess: folds 
Uncalled bet ($1) returned to joanemilie
joanemilie collected $0.95 from pot
*** SUMMARY ***
Total pot $1 | Rake $0.05 
Board [9h 2d Jh]
Seat 1: SarinaJess folded on the Flop
Seat 2: joanemilie collected ($0.95)
Seat 3: wksek (button) folded before Flop (didn't bet)
Seat 5: legionverde (small blind) folded on the Flop
Seat 6: Alameda22 (big blind) folded on the Flop
Seat 7: Trinity Pokr folded before Flop (didn't bet)
Seat 8: Elson Silva folded before Flop (didn't bet)
Seat 9: chessmanA1 folded before Flop (didn't bet)



PokerStars Game #20024725692:  Hold'em No Limit ($0.10/$0.25) - 2008/08/30 - 20:09:35 (ET)
Table 'Bouzareah' 9-max Seat #5 is the button
Seat 1: SarinaJess ($4.75 in chips) 
Seat 2: joanemilie ($14.50 in chips) 
Seat 3: wksek ($8.45 in chips) 
Seat 4: nembo ($5 in chips) 
Seat 5: legionverde ($27.40 in chips) 
Seat 6: Alameda22 ($26.35 in chips) 
Seat 7: Trinity Pokr ($23.20 in chips) 
Seat 8: Elson Silva ($21.10 in chips) 
Seat 9: chessmanA1 ($24.45 in chips) 
Alameda22: posts small blind $0.10
Trinity Pokr: posts big blind $0.25
nembo: posts big blind $0.25
*** HOLE CARDS ***
Dealt to Alameda22 [7c 7d]
Elson Silva: calls $0.25
chessmanA1: folds 
SarinaJess: folds 
joanemilie: calls $0.25
wksek: folds 
nembo: checks 
legionverde: folds 
Alameda22: calls $0.15
Trinity Pokr: checks 
*** FLOP *** [9c 2c Js]
Alameda22: checks 
Trinity Pokr: bets $0.75
Elson Silva: raises $0.75 to $1.50
joanemilie: calls $1.50
nembo: folds 
Alameda22: folds 
Trinity Pokr: calls $0.75
*** TURN *** [9c 2c Js] [Tc]
Trinity Pokr: bets $1.25
Elson Silva: calls $1.25
joanemilie: calls $1.25
*** RIVER *** [9c 2c Js Tc] [Ks]
Trinity Pokr: bets $1.25
Elson Silva: calls $1.25
joanemilie: raises $1.75 to $3
Trinity Pokr: calls $1.75
Elson Silva: calls $1.75
*** SHOW DOWN ***
joanemilie: shows [4c Kc] (a flush, King high)
Trinity Pokr: mucks hand 
Elson Silva: mucks hand 
joanemilie collected $17.60 from pot
*** SUMMARY ***
Total pot $18.50 | Rake $0.90 
Board [9c 2c Js Tc Ks]
Seat 1: SarinaJess folded before Flop (didn't bet)
Seat 2: joanemilie showed [4c Kc] and won ($17.60) with a flush, King high
Seat 3: wksek folded before Flop (didn't bet)
Seat 4: nembo folded on the Flop
Seat 5: legionverde (button) folded before Flop (didn't bet)
Seat 6: Alameda22 (small blind) folded on the Flop
Seat 7: Trinity Pokr (big blind) mucked [5c 6c]
Seat 8: Elson Silva mucked [Jh Qd]
Seat 9: chessmanA1 folded before Flop (didn't bet)



PokerStars Game #20024766820:  Hold'em No Limit ($0.10/$0.25) - 2008/08/30 - 20:11:37 (ET)
Table 'Bouzareah' 9-max Seat #6 is the button
Seat 1: SarinaJess ($4.75 in chips) 
Seat 2: joanemilie ($26.10 in chips) 
Seat 3: wksek ($8.45 in chips) 
Seat 4: nembo ($4.75 in chips) 
Seat 5: legionverde ($27.40 in chips) 
Seat 6: Alameda22 ($26.10 in chips) 
Seat 7: Trinity Pokr ($17.20 in chips) 
Seat 8: Elson Silva ($15.10 in chips) 
Seat 9: chessmanA1 ($24.45 in chips) 
Trinity Pokr: posts small blind $0.10
Elson Silva: posts big blind $0.25
*** HOLE CARDS ***
Dealt to Alameda22 [Jh 8d]
chessmanA1: folds 
SarinaJess: calls $0.25
joanemilie: calls $0.25
wksek: folds 
nembo: folds 
legionverde: folds 
Alameda22: folds 
Trinity Pokr: folds 
Elson Silva: checks 
*** FLOP *** [7h 2h 7d]
Trinity Pokr leaves the table
Elson Silva: checks 
SarinaJess: checks 
joanemilie: checks 
*** TURN *** [7h 2h 7d] [4d]
Elson Silva: checks 
SarinaJess: bets $1.25
joanemilie: folds 
Elson Silva: calls $1.25
*** RIVER *** [7h 2h 7d 4d] [4h]
Elson Silva: bets $3.25
SarinaJess: folds 
Uncalled bet ($3.25) returned to Elson Silva
Elson Silva collected $3.20 from pot
Elson Silva: doesn't show hand 
*** SUMMARY ***
Total pot $3.35 | Rake $0.15 
Board [7h 2h 7d 4d 4h]
Seat 1: SarinaJess folded on the River
Seat 2: joanemilie folded on the Turn
Seat 3: wksek folded before Flop (didn't bet)
Seat 4: nembo folded before Flop (didn't bet)
Seat 5: legionverde folded before Flop (didn't bet)
Seat 6: Alameda22 (button) folded before Flop (didn't bet)
Seat 7: Trinity Pokr (small blind) folded before Flop
Seat 8: Elson Silva (big blind) collected ($3.20)
Seat 9: chessmanA1 folded before Flop (didn't bet)



PokerStars Game #20024801623:  Hold'em No Limit ($0.10/$0.25) - 2008/08/30 - 20:13:21 (ET)
Table 'Bouzareah' 9-max Seat #8 is the button
Seat 1: SarinaJess ($3.25 in chips) 
Seat 2: joanemilie ($25.85 in chips) 
Seat 3: wksek ($8.45 in chips) 
Seat 4: nembo ($4.75 in chips) 
Seat 5: legionverde ($27.40 in chips) 
Seat 6: Alameda22 ($26.10 in chips) 
Seat 8: Elson Silva ($16.80 in chips) 
chessmanA1: is sitting out 
SarinaJess: posts small blind $0.10
chessmanA1 leaves the table
joanemilie: posts big blind $0.25
*** HOLE CARDS ***
Dealt to Alameda22 [3s 5d]
wksek: folds 
nembo: raises $0.50 to $0.75
legionverde: folds 
Alameda22: folds 
Elson Silva: folds 
SarinaJess: folds 
joanemilie: folds 
Uncalled bet ($0.50) returned to nembo
nembo collected $0.60 from pot
nembo: doesn't show hand 
*** SUMMARY ***
Total pot $0.60 | Rake $0 
Seat 1: SarinaJess (small blind) folded before Flop
Seat 2: joanemilie (big blind) folded before Flop
Seat 3: wksek folded before Flop (didn't bet)
Seat 4: nembo collected ($0.60)
Seat 5: legionverde folded before Flop (didn't bet)
Seat 6: Alameda22 folded before Flop (didn't bet)
Seat 8: Elson Silva (button) folded before Flop (didn't bet)



PokerStars Game #20024817486:  Hold'em No Limit ($0.10/$0.25) - 2008/08/30 - 20:14:09 (ET)
Table 'Bouzareah' 9-max Seat #1 is the button
Seat 1: SarinaJess ($3.15 in chips) 
Seat 2: joanemilie ($25.60 in chips) 
Seat 3: wksek ($8.45 in chips) 
Seat 4: nembo ($5.10 in chips) 
Seat 5: legionverde ($27.40 in chips) 
Seat 6: Alameda22 ($26.10 in chips) 
Seat 8: Elson Silva ($16.80 in chips) 
joanemilie: posts small blind $0.10
wksek: posts big blind $0.25
*** HOLE CARDS ***
Dealt to Alameda22 [As 6c]
nembo: folds 
legionverde: calls $0.25
Alameda22: folds 
Elson Silva: folds 
Elson Silva leaves the table
SarinaJess: folds 
joanemilie: calls $0.15
wksek: checks 
*** FLOP *** [4h 7s 8h]
joanemilie: checks 
wksek: checks 
legionverde: bets $0.75
joanemilie: folds 
wksek: folds 
Uncalled bet ($0.75) returned to legionverde
legionverde collected $0.75 from pot
legionverde: doesn't show hand 
*** SUMMARY ***
Total pot $0.75 | Rake $0 
Board [4h 7s 8h]
Seat 1: SarinaJess (button) folded before Flop (didn't bet)
Seat 2: joanemilie (small blind) folded on the Flop
Seat 3: wksek (big blind) folded on the Flop
Seat 4: nembo folded before Flop (didn't bet)
Seat 5: legionverde collected ($0.75)
Seat 6: Alameda22 folded before Flop (didn't bet)
Seat 8: Elson Silva folded before Flop (didn't bet)



PokerStars Game #20024839228:  Hold'em No Limit ($0.10/$0.25) - 2008/08/30 - 20:15:12 (ET)
Table 'Bouzareah' 9-max Seat #2 is the button
Seat 1: SarinaJess ($3.15 in chips) 
Seat 2: joanemilie ($25.35 in chips) 
Seat 3: wksek ($8.20 in chips) 
Seat 4: nembo ($5.10 in chips) 
Seat 5: legionverde ($27.90 in chips) 
Seat 6: Alameda22 ($26.10 in chips) 
wksek: posts small blind $0.10
nembo: posts big blind $0.25
*** HOLE CARDS ***
Dealt to Alameda22 [Jd 7s]
legionverde: folds 
Alameda22: folds 
SarinaJess: raises $0.75 to $1
joanemilie: folds 
wksek: folds 
nembo: folds 
Uncalled bet ($0.75) returned to SarinaJess
SarinaJess collected $0.60 from pot
SarinaJess: doesn't show hand 
*** SUMMARY ***
Total pot $0.60 | Rake $0 
Seat 1: SarinaJess collected ($0.60)
Seat 2: joanemilie (button) folded before Flop (didn't bet)
Seat 3: wksek (small blind) folded before Flop
Seat 4: nembo (big blind) folded before Flop
Seat 5: legionverde folded before Flop (didn't bet)
Seat 6: Alameda22 folded before Flop (didn't bet)



PokerStars Game #20024855314:  Hold'em No Limit ($0.10/$0.25) - 2008/08/30 - 20:15:59 (ET)
Table 'Bouzareah' 9-max Seat #3 is the button
Seat 1: SarinaJess ($3.50 in chips) 
Seat 2: joanemilie ($25.35 in chips) 
Seat 3: wksek ($8.10 in chips) 
Seat 4: nembo ($4.85 in chips) 
Seat 5: legionverde ($27.90 in chips) 
Seat 6: Alameda22 ($26.10 in chips) 
nembo: posts small blind $0.10
legionverde: posts big blind $0.25
*** HOLE CARDS ***
Dealt to Alameda22 [2h Ts]
Alameda22: folds 
SarinaJess: folds 
joanemilie: folds 
wksek: folds 
nembo: calls $0.15
legionverde: checks 
*** FLOP *** [2d Td Ks]
nembo: checks 
legionverde: checks 
*** TURN *** [2d Td Ks] [Ah]
nembo: checks 
legionverde: checks 
*** RIVER *** [2d Td Ks Ah] [8s]
nembo: checks 
legionverde: checks 
*** SHOW DOWN ***
nembo: shows [5s 4h] (high card Ace)
legionverde: shows [Js 2c] (a pair of Deuces)
legionverde collected $0.50 from pot
*** SUMMARY ***
Total pot $0.50 | Rake $0 
Board [2d Td Ks Ah 8s]
Seat 1: SarinaJess folded before Flop (didn't bet)
Seat 2: joanemilie folded before Flop (didn't bet)
Seat 3: wksek (button) folded before Flop (didn't bet)
Seat 4: nembo (small blind) showed [5s 4h] and lost with high card Ace
Seat 5: legionverde (big blind) showed [Js 2c] and won ($0.50) with a pair of Deuces
Seat 6: Alameda22 folded before Flop (didn't bet)



PokerStars Game #20024877151:  Hold'em No Limit ($0.10/$0.25) - 2008/08/30 - 20:17:02 (ET)
Table 'Bouzareah' 9-max Seat #4 is the button
Seat 1: SarinaJess ($3.50 in chips) 
Seat 2: joanemilie ($25.35 in chips) 
Seat 3: wksek ($8.10 in chips) 
Seat 4: nembo ($4.60 in chips) 
Seat 5: legionverde ($28.15 in chips) 
Seat 6: Alameda22 ($26.10 in chips) 
legionverde: posts small blind $0.10
Alameda22: posts big blind $0.25
*** HOLE CARDS ***
Dealt to Alameda22 [Js 5c]
SarinaJess: raises $1.50 to $1.75
joanemilie: folds 
wksek: folds 
nembo: folds 
legionverde: folds 
Alameda22: folds 
Uncalled bet ($1.50) returned to SarinaJess
SarinaJess collected $0.60 from pot
SarinaJess: doesn't show hand 
*** SUMMARY ***
Total pot $0.60 | Rake $0 
Seat 1: SarinaJess collected ($0.60)
Seat 2: joanemilie folded before Flop (didn't bet)
Seat 3: wksek folded before Flop (didn't bet)
Seat 4: nembo (button) folded before Flop (didn't bet)
Seat 5: legionverde (small blind) folded before Flop
Seat 6: Alameda22 (big blind) folded before Flop



PokerStars Game #20024887611:  Hold'em No Limit ($0.10/$0.25) - 2008/08/30 - 20:17:32 (ET)
Table 'Bouzareah' 9-max Seat #5 is the button
Seat 1: SarinaJess ($3.85 in chips) 
Seat 2: joanemilie ($25.35 in chips) 
Seat 3: wksek ($8.10 in chips) 
Seat 4: nembo ($4.60 in chips) 
Seat 5: legionverde ($28.05 in chips) 
Seat 6: Alameda22 ($25.85 in chips) 
Alameda22: posts small blind $0.10
SarinaJess: posts big blind $0.25
*** HOLE CARDS ***
Dealt to Alameda22 [5s 3c]
joanemilie: folds 
wksek: calls $0.25
nembo: folds 
legionverde: folds 
Alameda22: folds 
SarinaJess: checks 
*** FLOP *** [Td 9c Ts]
KapustaMa joins the table at seat #8 
SarinaJess: checks 
wksek: bets $0.50
SarinaJess: calls $0.50
*** TURN *** [Td 9c Ts] [Qd]
SarinaJess: checks 
wksek: checks 
*** RIVER *** [Td 9c Ts Qd] [3s]
SarinaJess: bets $1
wksek: folds 
Uncalled bet ($1) returned to SarinaJess
SarinaJess collected $1.55 from pot
SarinaJess: doesn't show hand 
*** SUMMARY ***
Total pot $1.60 | Rake $0.05 
Board [Td 9c Ts Qd 3s]
Seat 1: SarinaJess (big blind) collected ($1.55)
Seat 2: joanemilie folded before Flop (didn't bet)
Seat 3: wksek folded on the River
Seat 4: nembo folded before Flop (didn't bet)
Seat 5: legionverde (button) folded before Flop (didn't bet)
Seat 6: Alameda22 (small blind) folded before Flop



PokerStars Game #20024920873:  Hold'em No Limit ($0.10/$0.25) - 2008/08/30 - 20:19:09 (ET)
Table 'Bouzareah' 9-max Seat #6 is the button
Seat 1: SarinaJess ($4.65 in chips) 
Seat 2: joanemilie ($25.35 in chips) 
Seat 3: wksek ($7.35 in chips) 
Seat 4: nembo ($4.60 in chips) 
Seat 5: legionverde ($28.05 in chips) 
Seat 6: Alameda22 ($25.75 in chips) 
KapustaMa will be allowed to play after the button
SarinaJess: posts small blind $0.10
joanemilie: posts big blind $0.25
*** HOLE CARDS ***
Dealt to Alameda22 [7s 6c]
wksek: folds 
nembo: calls $0.25
legionverde: folds 
Alameda22: folds 
SarinaJess: calls $0.15
joanemilie: checks 
*** FLOP *** [Qd Tc Qc]
SarinaJess: checks 
joanemilie: checks 
nembo: checks 
*** TURN *** [Qd Tc Qc] [Js]
SarinaJess: bets $0.25
joanemilie: calls $0.25
nembo: folds 
*** RIVER *** [Qd Tc Qc Js] [2s]
SarinaJess: checks 
joanemilie: bets $0.75
SarinaJess: folds 
Uncalled bet ($0.75) returned to joanemilie
joanemilie collected $1.20 from pot
*** SUMMARY ***
Total pot $1.25 | Rake $0.05 
Board [Qd Tc Qc Js 2s]
Seat 1: SarinaJess (small blind) folded on the River
Seat 2: joanemilie (big blind) collected ($1.20)
Seat 3: wksek folded before Flop (didn't bet)
Seat 4: nembo folded on the Turn
Seat 5: legionverde folded before Flop (didn't bet)
Seat 6: Alameda22 (button) folded before Flop (didn't bet)



PokerStars Game #20024970369:  Hold'em No Limit ($0.10/$0.25) - 2008/08/30 - 20:21:33 (ET)
Table 'Bouzareah' 9-max Seat #1 is the button
Seat 1: SarinaJess ($4.15 in chips) 
Seat 2: joanemilie ($26.05 in chips) 
Seat 3: wksek ($7.35 in chips) 
Seat 4: nembo ($4.35 in chips) 
Seat 5: legionverde ($28.05 in chips) 
Seat 6: Alameda22 ($25.75 in chips) 
Seat 8: KapustaMa ($15 in chips) 
joanemilie: posts small blind $0.10
wksek: posts big blind $0.25
KapustaMa: posts big blind $0.25
*** HOLE CARDS ***
Dealt to Alameda22 [Ad Ah]
nembo: folds 
legionverde: folds 
Alameda22: raises $1 to $1.25
KapustaMa: folds 
SarinaJess: raises $2.90 to $4.15 and is all-in
joanemilie: folds 
wksek: folds 
Alameda22: calls $2.90
*** FLOP *** [3s Kh 8c]
*** TURN *** [3s Kh 8c] [As]
*** RIVER *** [3s Kh 8c As] [5c]
*** SHOW DOWN ***
Alameda22: shows [Ad Ah] (three of a kind, Aces)
SarinaJess: mucks hand 
Alameda22 collected $8.50 from pot
*** SUMMARY ***
Total pot $8.90 | Rake $0.40 
Board [3s Kh 8c As 5c]
Seat 1: SarinaJess (button) mucked [7d 7s]
Seat 2: joanemilie (small blind) folded before Flop
Seat 3: wksek (big blind) folded before Flop
Seat 4: nembo folded before Flop (didn't bet)
Seat 5: legionverde folded before Flop (didn't bet)
Seat 6: Alameda22 showed [Ad Ah] and won ($8.50) with three of a kind, Aces
Seat 8: KapustaMa folded before Flop



PokerStars Game #20024993404:  Hold'em No Limit ($0.10/$0.25) - 2008/08/30 - 20:22:41 (ET)
Table 'Bouzareah' 9-max Seat #2 is the button
Seat 2: joanemilie ($25.95 in chips) 
Seat 3: wksek ($7.10 in chips) 
Seat 4: nembo ($4.35 in chips) 
Seat 5: legionverde ($28.05 in chips) 
Seat 6: Alameda22 ($30.10 in chips) 
Seat 8: KapustaMa ($14.75 in chips) 
wksek: posts small blind $0.10
nembo: posts big blind $0.25
*** HOLE CARDS ***
Dealt to Alameda22 [2s 3s]
legionverde: raises $0.75 to $1
Alameda22: folds 
KapustaMa: folds 
joanemilie: folds 
wksek: folds 
nembo: calls $0.75
*** FLOP *** [2c 7h 4c]
SarinaJess leaves the table
nembo: bets $0.75
legionverde: raises $1.75 to $2.50
nembo: calls $1.75
*** TURN *** [2c 7h 4c] [2d]
nembo: checks 
legionverde: bets $1
nembo: calls $0.85 and is all-in
Uncalled bet ($0.15) returned to legionverde
*** RIVER *** [2c 7h 4c 2d] [Ks]
*** SHOW DOWN ***
nembo: shows [7s Ah] (two pair, Sevens and Deuces)
legionverde: shows [Kc Kd] (a full house, Kings full of Deuces)
kapten 44 joins the table at seat #9 
legionverde collected $8.40 from pot
*** SUMMARY ***
Total pot $8.80 | Rake $0.40 
Board [2c 7h 4c 2d Ks]
Seat 2: joanemilie (button) folded before Flop (didn't bet)
Seat 3: wksek (small blind) folded before Flop
Seat 4: nembo (big blind) showed [7s Ah] and lost with two pair, Sevens and Deuces
Seat 5: legionverde showed [Kc Kd] and won ($8.40) with a full house, Kings full of Deuces
Seat 6: Alameda22 folded before Flop (didn't bet)
Seat 8: KapustaMa folded before Flop (didn't bet)



