PokerStars Game #20152962645:  Hold'em No Limit ($0.25/$0.50) - 2008/09/04 21:20:05 ET
Table 'Tana II' 9-max Seat #1 is the button
Seat 1: FrAnWaN ($50 in chips) 
Seat 2: comein888 ($46.90 in chips) 
Seat 3: Alameda22 ($50 in chips) 
Seat 4: Gonsuron ($32.05 in chips) 
Seat 5: NerfMePlease ($58.25 in chips) 
Seat 6: CoolRoad ($31.10 in chips) 
Seat 7: mgrah58 ($57.70 in chips) 
Seat 8: Kornpower ($26.85 in chips) 
Seat 9: jyaku ($75.05 in chips) 
comein888: posts small blind $0.25
Alameda22: posts big blind $0.50
*** HOLE CARDS ***
Dealt to Alameda22 [4d Ah]
Gonsuron: folds 
NerfMePlease: folds 
CoolRoad: folds 
mgrah58: folds 
Kornpower: raises $1.50 to $2
jyaku: folds 
FrAnWaN: folds 
comein888: folds 
Alameda22: folds 
Uncalled bet ($1.50) returned to Kornpower
Kornpower collected $1.25 from pot
*** SUMMARY ***
Total pot $1.25 | Rake $0 
Seat 1: FrAnWaN (button) folded before Flop (didn't bet)
Seat 2: comein888 (small blind) folded before Flop
Seat 3: Alameda22 (big blind) folded before Flop
Seat 4: Gonsuron folded before Flop (didn't bet)
Seat 5: NerfMePlease folded before Flop (didn't bet)
Seat 6: CoolRoad folded before Flop (didn't bet)
Seat 7: mgrah58 folded before Flop (didn't bet)
Seat 8: Kornpower collected ($1.25)
Seat 9: jyaku folded before Flop (didn't bet)



PokerStars Game #20152988874:  Hold'em No Limit ($0.25/$0.50) - 2008/09/04 21:21:16 ET
Table 'Tana II' 9-max Seat #2 is the button
Seat 1: FrAnWaN ($50 in chips) 
Seat 2: comein888 ($46.65 in chips) 
Seat 3: Alameda22 ($49.50 in chips) 
Seat 4: Gonsuron ($32.05 in chips) 
Seat 5: NerfMePlease ($58.25 in chips) 
Seat 6: CoolRoad ($31.10 in chips) 
Seat 7: mgrah58 ($57.70 in chips) 
Seat 8: Kornpower ($27.60 in chips) 
Seat 9: jyaku ($75.05 in chips) 
Alameda22: posts small blind $0.25
Gonsuron: posts big blind $0.50
*** HOLE CARDS ***
Dealt to Alameda22 [4h 8s]
NerfMePlease: folds 
CoolRoad: calls $0.50
mgrah58: folds 
Kornpower: calls $0.50
jyaku: folds 
FrAnWaN: folds 
comein888: calls $0.50
Alameda22: folds 
Gonsuron: checks 
*** FLOP *** [Qc Ah 6d]
Gonsuron: checks 
CoolRoad: checks 
Kornpower: checks 
comein888: checks 
*** TURN *** [Qc Ah 6d] [Ts]
Gonsuron: checks 
CoolRoad: folds 
CoolRoad leaves the table
Kornpower: bets $0.50
comein888: folds 
Gonsuron: calls $0.50
*** RIVER *** [Qc Ah 6d Ts] [3d]
Gonsuron: checks 
Kornpower: bets $1
Gonsuron: folds 
Uncalled bet ($1) returned to Kornpower
Kornpower collected $3.10 from pot
Kornpower: doesn't show hand 
*** SUMMARY ***
Total pot $3.25 | Rake $0.15 
Board [Qc Ah 6d Ts 3d]
Seat 1: FrAnWaN folded before Flop (didn't bet)
Seat 2: comein888 (button) folded on the Turn
Seat 3: Alameda22 (small blind) folded before Flop
Seat 4: Gonsuron (big blind) folded on the River
Seat 5: NerfMePlease folded before Flop (didn't bet)
Seat 6: CoolRoad folded on the Turn
Seat 7: mgrah58 folded before Flop (didn't bet)
Seat 8: Kornpower collected ($3.10)
Seat 9: jyaku folded before Flop (didn't bet)



PokerStars Game #20153020451:  Hold'em No Limit ($0.25/$0.50) - 2008/09/04 21:22:41 ET
Table 'Tana II' 9-max Seat #3 is the button
Seat 1: FrAnWaN ($50 in chips) 
Seat 2: comein888 ($46.15 in chips) 
Seat 3: Alameda22 ($49.25 in chips) 
Seat 4: Gonsuron ($31.05 in chips) 
Seat 5: NerfMePlease ($58.25 in chips) 
Seat 7: mgrah58 ($57.70 in chips) 
Seat 8: Kornpower ($29.70 in chips) 
Seat 9: jyaku ($75.05 in chips) 
Gonsuron: posts small blind $0.25
NerfMePlease: posts big blind $0.50
*** HOLE CARDS ***
Dealt to Alameda22 [7c Ts]
mgrah58: raises $1.50 to $2
Kornpower: calls $2
jyaku: folds 
FrAnWaN: folds 
comein888: folds 
Alameda22: folds 
Gonsuron: folds 
NerfMePlease: calls $1.50
*** FLOP *** [Qc 9c 4c]
ploinko joins the table at seat #6 
NerfMePlease: checks 
mgrah58: bets $5.25
Kornpower: raises $5.25 to $10.50
NerfMePlease: folds 
mgrah58: folds 
Uncalled bet ($5.25) returned to Kornpower
Kornpower collected $15.95 from pot
Kornpower: shows [9h 9d] (three of a kind, Nines)
*** SUMMARY ***
Total pot $16.75 | Rake $0.80 
Board [Qc 9c 4c]
Seat 1: FrAnWaN folded before Flop (didn't bet)
Seat 2: comein888 folded before Flop (didn't bet)
Seat 3: Alameda22 (button) folded before Flop (didn't bet)
Seat 4: Gonsuron (small blind) folded before Flop
Seat 5: NerfMePlease (big blind) folded on the Flop
Seat 7: mgrah58 folded on the Flop
Seat 8: Kornpower collected ($15.95)
Seat 9: jyaku folded before Flop (didn't bet)



PokerStars Game #20153041701:  Hold'em No Limit ($0.25/$0.50) - 2008/09/04 21:23:39 ET
Table 'Tana II' 9-max Seat #4 is the button
Seat 1: FrAnWaN ($50 in chips) 
Seat 2: comein888 ($46.15 in chips) 
Seat 3: Alameda22 ($49.25 in chips) 
Seat 4: Gonsuron ($30.80 in chips) 
Seat 5: NerfMePlease ($56.25 in chips) 
Seat 6: ploinko ($50 in chips) 
Seat 7: mgrah58 ($50.45 in chips) 
Seat 8: Kornpower ($38.40 in chips) 
Seat 9: jyaku ($75.05 in chips) 
NerfMePlease: posts small blind $0.25
ploinko: posts big blind $0.50
*** HOLE CARDS ***
Dealt to Alameda22 [6d Ks]
mgrah58: folds 
Kornpower: raises $1.50 to $2
jyaku: folds 
FrAnWaN: folds 
comein888: folds 
Alameda22: folds 
Gonsuron: calls $2
NerfMePlease: folds 
ploinko: folds 
*** FLOP *** [2d Ts 9s]
Kornpower: bets $4
Gonsuron: calls $4
*** TURN *** [2d Ts 9s] [Kc]
Kornpower: bets $5
Gonsuron: calls $5
*** RIVER *** [2d Ts 9s Kc] [6h]
Kornpower: checks 
Gonsuron: bets $10
Kornpower: calls $10
*** SHOW DOWN ***
Gonsuron: shows [Qd Jc] (a straight, Nine to King)
Kornpower: shows [Ac Tc] (a pair of Tens)
Gonsuron collected $40.70 from pot
*** SUMMARY ***
Total pot $42.75 | Rake $2.05 
Board [2d Ts 9s Kc 6h]
Seat 1: FrAnWaN folded before Flop (didn't bet)
Seat 2: comein888 folded before Flop (didn't bet)
Seat 3: Alameda22 folded before Flop (didn't bet)
Seat 4: Gonsuron (button) showed [Qd Jc] and won ($40.70) with a straight, Nine to King
Seat 5: NerfMePlease (small blind) folded before Flop
Seat 6: ploinko (big blind) folded before Flop
Seat 7: mgrah58 folded before Flop (didn't bet)
Seat 8: Kornpower showed [Ac Tc] and lost with a pair of Tens
Seat 9: jyaku folded before Flop (didn't bet)



PokerStars Game #20153067832:  Hold'em No Limit ($0.25/$0.50) - 2008/09/04 21:24:50 ET
Table 'Tana II' 9-max Seat #5 is the button
Seat 1: FrAnWaN ($50 in chips) 
Seat 2: comein888 ($46.15 in chips) 
Seat 3: Alameda22 ($49.25 in chips) 
Seat 4: Gonsuron ($50.50 in chips) 
Seat 5: NerfMePlease ($56 in chips) 
Seat 6: ploinko ($49.50 in chips) 
Seat 7: mgrah58 ($50.45 in chips) 
Seat 8: Kornpower ($17.40 in chips) 
Seat 9: jyaku ($75.05 in chips) 
ploinko: posts small blind $0.25
mgrah58: posts big blind $0.50
*** HOLE CARDS ***
Dealt to Alameda22 [Jc 4h]
Kornpower: folds 
jyaku: folds 
FrAnWaN: folds 
comein888: folds 
Alameda22: folds 
Gonsuron: calls $0.50
NerfMePlease: folds 
ploinko: folds 
mgrah58: checks 
*** FLOP *** [Kc Kd 5s]
mgrah58: checks 
Gonsuron: checks 
*** TURN *** [Kc Kd 5s] [Th]
mgrah58: checks 
Gonsuron: checks 
*** RIVER *** [Kc Kd 5s Th] [Ac]
mgrah58: bets $1
Gonsuron: folds 
Uncalled bet ($1) returned to mgrah58
mgrah58 collected $1.20 from pot
mgrah58: doesn't show hand 
*** SUMMARY ***
Total pot $1.25 | Rake $0.05 
Board [Kc Kd 5s Th Ac]
Seat 1: FrAnWaN folded before Flop (didn't bet)
Seat 2: comein888 folded before Flop (didn't bet)
Seat 3: Alameda22 folded before Flop (didn't bet)
Seat 4: Gonsuron folded on the River
Seat 5: NerfMePlease (button) folded before Flop (didn't bet)
Seat 6: ploinko (small blind) folded before Flop
Seat 7: mgrah58 (big blind) collected ($1.20)
Seat 8: Kornpower folded before Flop (didn't bet)
Seat 9: jyaku folded before Flop (didn't bet)



PokerStars Game #20153083717:  Hold'em No Limit ($0.25/$0.50) - 2008/09/04 21:25:33 ET
Table 'Tana II' 9-max Seat #6 is the button
Seat 1: FrAnWaN ($50 in chips) 
Seat 2: comein888 ($46.15 in chips) 
Seat 3: Alameda22 ($49.25 in chips) 
Seat 4: Gonsuron ($50 in chips) 
Seat 5: NerfMePlease ($56 in chips) 
Seat 6: ploinko ($49.25 in chips) 
Seat 7: mgrah58 ($51.15 in chips) 
Seat 8: Kornpower ($17.40 in chips) 
Seat 9: jyaku ($75.05 in chips) 
mgrah58: posts small blind $0.25
Kornpower: posts big blind $0.50
*** HOLE CARDS ***
Dealt to Alameda22 [7d 2d]
jyaku: folds 
FrAnWaN: raises $1.50 to $2
comein888: folds 
Alameda22: folds 
Gonsuron: calls $2
NerfMePlease: folds 
ploinko: folds 
mgrah58: folds 
Kornpower: calls $1.50
*** FLOP *** [5h Ac Ts]
Kornpower: checks 
FrAnWaN: bets $4
Gonsuron: folds 
Kornpower: calls $4
*** TURN *** [5h Ac Ts] [8d]
Kornpower: checks 
FrAnWaN: checks 
*** RIVER *** [5h Ac Ts 8d] [Jh]
Kornpower: checks 
FrAnWaN: checks 
*** SHOW DOWN ***
Kornpower: shows [Ad Qs] (a pair of Aces)
FrAnWaN: mucks hand 
Kornpower collected $13.60 from pot
*** SUMMARY ***
Total pot $14.25 | Rake $0.65 
Board [5h Ac Ts 8d Jh]
Seat 1: FrAnWaN mucked [Qh Qc]
Seat 2: comein888 folded before Flop (didn't bet)
Seat 3: Alameda22 folded before Flop (didn't bet)
Seat 4: Gonsuron folded on the Flop
Seat 5: NerfMePlease folded before Flop (didn't bet)
Seat 6: ploinko (button) folded before Flop (didn't bet)
Seat 7: mgrah58 (small blind) folded before Flop
Seat 8: Kornpower (big blind) showed [Ad Qs] and won ($13.60) with a pair of Aces
Seat 9: jyaku folded before Flop (didn't bet)



PokerStars Game #20153118884:  Hold'em No Limit ($0.25/$0.50) - 2008/09/04 21:27:10 ET
Table 'Tana II' 9-max Seat #7 is the button
Seat 1: FrAnWaN ($50 in chips) 
Seat 2: comein888 ($46.15 in chips) 
Seat 3: Alameda22 ($49.25 in chips) 
Seat 4: Gonsuron ($48 in chips) 
Seat 5: NerfMePlease ($56 in chips) 
Seat 6: ploinko ($49.25 in chips) 
Seat 7: mgrah58 ($50.90 in chips) 
Seat 8: Kornpower ($25 in chips) 
Seat 9: jyaku ($75.05 in chips) 
Kornpower: posts small blind $0.25
jyaku: posts big blind $0.50
*** HOLE CARDS ***
Dealt to Alameda22 [5s 6h]
FrAnWaN: folds 
comein888: folds 
Alameda22: folds 
Gonsuron: raises $1.50 to $2
NerfMePlease: folds 
ploinko: calls $2
mgrah58: calls $2
Kornpower: calls $1.75
jyaku: folds 
*** FLOP *** [Td Jc Jd]
Kornpower: checks 
Gonsuron: checks 
ploinko: checks 
mgrah58: bets $7.15
Kornpower: folds 
Gonsuron: calls $7.15
ploinko: folds 
*** TURN *** [Td Jc Jd] [Kh]
Gonsuron: checks 
mgrah58: checks 
*** RIVER *** [Td Jc Jd Kh] [8h]
Gonsuron: bets $11
mgrah58: folds 
Uncalled bet ($11) returned to Gonsuron
Gonsuron collected $21.70 from pot
Gonsuron: doesn't show hand 
*** SUMMARY ***
Total pot $22.80 | Rake $1.10 
Board [Td Jc Jd Kh 8h]
Seat 1: FrAnWaN folded before Flop (didn't bet)
Seat 2: comein888 folded before Flop (didn't bet)
Seat 3: Alameda22 folded before Flop (didn't bet)
Seat 4: Gonsuron collected ($21.70)
Seat 5: NerfMePlease folded before Flop (didn't bet)
Seat 6: ploinko folded on the Flop
Seat 7: mgrah58 (button) folded on the River
Seat 8: Kornpower (small blind) folded on the Flop
Seat 9: jyaku (big blind) folded before Flop



PokerStars Game #20153158509:  Hold'em No Limit ($0.25/$0.50) - 2008/09/04 21:28:58 ET
Table 'Tana II' 9-max Seat #8 is the button
Seat 1: FrAnWaN ($50 in chips) 
Seat 2: comein888 ($46.15 in chips) 
Seat 3: Alameda22 ($49.25 in chips) 
Seat 4: Gonsuron ($60.55 in chips) 
Seat 5: NerfMePlease ($56 in chips) 
Seat 6: ploinko ($47.25 in chips) 
Seat 7: mgrah58 ($50 in chips) 
Seat 8: Kornpower ($23 in chips) 
Seat 9: jyaku ($74.55 in chips) 
jyaku: posts small blind $0.25
FrAnWaN: posts big blind $0.50
*** HOLE CARDS ***
Dealt to Alameda22 [Tc 3d]
comein888: folds 
Alameda22: folds 
Gonsuron: calls $0.50
NerfMePlease: folds 
ploinko: folds 
mgrah58: folds 
Kornpower: calls $0.50
jyaku: calls $0.25
FrAnWaN: checks 
*** FLOP *** [6h 9d Js]
jyaku: checks 
FrAnWaN: checks 
Gonsuron: checks 
Kornpower: bets $0.50
jyaku: calls $0.50
FrAnWaN: folds 
Gonsuron: calls $0.50
*** TURN *** [6h 9d Js] [5c]
jyaku: checks 
Gonsuron: checks 
Kornpower: checks 
*** RIVER *** [6h 9d Js 5c] [8c]
jyaku: checks 
Gonsuron: checks 
Kornpower: checks 
*** SHOW DOWN ***
jyaku: shows [As Qh] (high card Ace)
Gonsuron: mucks hand 
Kornpower: shows [8h Th] (a pair of Eights)
Kornpower collected $3.35 from pot
*** SUMMARY ***
Total pot $3.50 | Rake $0.15 
Board [6h 9d Js 5c 8c]
Seat 1: FrAnWaN (big blind) folded on the Flop
Seat 2: comein888 folded before Flop (didn't bet)
Seat 3: Alameda22 folded before Flop (didn't bet)
Seat 4: Gonsuron mucked [4s Qs]
Seat 5: NerfMePlease folded before Flop (didn't bet)
Seat 6: ploinko folded before Flop (didn't bet)
Seat 7: mgrah58 folded before Flop (didn't bet)
Seat 8: Kornpower (button) showed [8h Th] and won ($3.35) with a pair of Eights
Seat 9: jyaku (small blind) showed [As Qh] and lost with high card Ace



PokerStars Game #20153198112:  Hold'em No Limit ($0.25/$0.50) - 2008/09/04 21:30:45 ET
Table 'Tana II' 9-max Seat #9 is the button
Seat 1: FrAnWaN ($49.50 in chips) 
Seat 2: comein888 ($46.15 in chips) 
Seat 3: Alameda22 ($49.25 in chips) 
Seat 4: Gonsuron ($59.55 in chips) 
Seat 5: NerfMePlease ($56 in chips) 
Seat 6: ploinko ($47.25 in chips) 
Seat 7: mgrah58 ($50 in chips) 
Seat 8: Kornpower ($25.35 in chips) 
Seat 9: jyaku ($73.55 in chips) 
FrAnWaN: posts small blind $0.25
comein888: posts big blind $0.50
*** HOLE CARDS ***
Dealt to Alameda22 [8s 7h]
Alameda22: folds 
Gonsuron: calls $0.50
NerfMePlease: folds 
ploinko: folds 
mgrah58: folds 
Kornpower: calls $0.50
jyaku: folds 
FrAnWaN: folds 
comein888: checks 
*** FLOP *** [Ts Ah Jd]
comein888: checks 
Gonsuron: bets $0.50
Kornpower: calls $0.50
comein888: folds 
*** TURN *** [Ts Ah Jd] [3d]
Gonsuron: bets $0.50
Kornpower: calls $0.50
*** RIVER *** [Ts Ah Jd 3d] [8c]
Gonsuron: bets $2
Kornpower: raises $2 to $4
Gonsuron: calls $2
*** SHOW DOWN ***
Kornpower: shows [Ac 8d] (two pair, Aces and Eights)
Gonsuron: mucks hand 
Kornpower collected $11.20 from pot
*** SUMMARY ***
Total pot $11.75 | Rake $0.55 
Board [Ts Ah Jd 3d 8c]
Seat 1: FrAnWaN (small blind) folded before Flop
Seat 2: comein888 (big blind) folded on the Flop
Seat 3: Alameda22 folded before Flop (didn't bet)
Seat 4: Gonsuron mucked [2h Ad]
Seat 5: NerfMePlease folded before Flop (didn't bet)
Seat 6: ploinko folded before Flop (didn't bet)
Seat 7: mgrah58 folded before Flop (didn't bet)
Seat 8: Kornpower showed [Ac 8d] and won ($11.20) with two pair, Aces and Eights
Seat 9: jyaku (button) folded before Flop (didn't bet)



PokerStars Game #20153221009:  Hold'em No Limit ($0.25/$0.50) - 2008/09/04 21:31:48 ET
Table 'Tana II' 9-max Seat #1 is the button
Seat 1: FrAnWaN ($50 in chips) 
Seat 2: comein888 ($45.65 in chips) 
Seat 3: Alameda22 ($49.25 in chips) 
Seat 4: Gonsuron ($54.05 in chips) 
Seat 5: NerfMePlease ($56 in chips) 
Seat 6: ploinko ($47.25 in chips) 
Seat 7: mgrah58 ($50 in chips) 
Seat 8: Kornpower ($31.05 in chips) 
Seat 9: jyaku ($73.55 in chips) 
comein888: posts small blind $0.25
Alameda22: posts big blind $0.50
*** HOLE CARDS ***
Dealt to Alameda22 [7c 7d]
Gonsuron: calls $0.50
NerfMePlease: folds 
ploinko: folds 
mgrah58: folds 
Kornpower: raises $2.50 to $3
jyaku: folds 
FrAnWaN: folds 
comein888: folds 
Alameda22: folds 
Gonsuron: calls $2.50
*** FLOP *** [Kc Qs 2h]
Gonsuron: checks 
Kornpower: bets $3
Gonsuron: folds 
Uncalled bet ($3) returned to Kornpower
Gonsuron leaves the table
Kornpower collected $6.45 from pot
Kornpower: shows [2c 2d] (three of a kind, Deuces)
*** SUMMARY ***
Total pot $6.75 | Rake $0.30 
Board [Kc Qs 2h]
Seat 1: FrAnWaN (button) folded before Flop (didn't bet)
Seat 2: comein888 (small blind) folded before Flop
Seat 3: Alameda22 (big blind) folded before Flop
Seat 4: Gonsuron folded on the Flop
Seat 5: NerfMePlease folded before Flop (didn't bet)
Seat 6: ploinko folded before Flop (didn't bet)
Seat 7: mgrah58 folded before Flop (didn't bet)
Seat 8: Kornpower collected ($6.45)
Seat 9: jyaku folded before Flop (didn't bet)



PokerStars Game #20153238462:  Hold'em No Limit ($0.25/$0.50) - 2008/09/04 21:32:36 ET
Table 'Tana II' 9-max Seat #2 is the button
Seat 1: FrAnWaN ($50 in chips) 
Seat 2: comein888 ($45.40 in chips) 
Seat 3: Alameda22 ($48.75 in chips) 
Seat 5: NerfMePlease ($56 in chips) 
Seat 6: ploinko ($47.25 in chips) 
Seat 7: mgrah58 ($50 in chips) 
Seat 8: Kornpower ($34.50 in chips) 
Seat 9: jyaku ($73.55 in chips) 
Alameda22: posts small blind $0.25
NerfMePlease: posts big blind $0.50
*** HOLE CARDS ***
Dealt to Alameda22 [9d Qh]
ploinko: calls $0.50
dwq2300 joins the table at seat #4 
dwq2300 is sitting out
mgrah58: folds 
Kornpower: folds 
jyaku: folds 
FrAnWaN: folds 
comein888: folds 
Alameda22: folds 
NerfMePlease: checks 
*** FLOP *** [Qd 8d Kd]
NerfMePlease: checks 
ploinko: bets $1
NerfMePlease: folds 
Uncalled bet ($1) returned to ploinko
ploinko collected $1.20 from pot
ploinko: doesn't show hand 
*** SUMMARY ***
Total pot $1.25 | Rake $0.05 
Board [Qd 8d Kd]
Seat 1: FrAnWaN folded before Flop (didn't bet)
Seat 2: comein888 (button) folded before Flop (didn't bet)
Seat 3: Alameda22 (small blind) folded before Flop
Seat 5: NerfMePlease (big blind) folded on the Flop
Seat 6: ploinko collected ($1.20)
Seat 7: mgrah58 folded before Flop (didn't bet)
Seat 8: Kornpower folded before Flop (didn't bet)
Seat 9: jyaku folded before Flop (didn't bet)



PokerStars Game #20153266798:  Hold'em No Limit ($0.25/$0.50) - 2008/09/04 21:33:53 ET
Table 'Tana II' 9-max Seat #3 is the button
Seat 1: FrAnWaN ($50 in chips) 
Seat 2: comein888 ($45.40 in chips) 
Seat 3: Alameda22 ($48.50 in chips) 
Seat 5: NerfMePlease ($55.50 in chips) 
Seat 7: mgrah58 ($50 in chips) 
Seat 8: Kornpower ($34.50 in chips) 
Seat 9: jyaku ($73.55 in chips) 
NerfMePlease: posts small blind $0.25
ploinko: is sitting out 
mgrah58: posts big blind $0.50
*** HOLE CARDS ***
Dealt to Alameda22 [2s 8d]
Kornpower: raises $1 to $1.50
jyaku: folds 
FrAnWaN: folds 
comein888: folds 
Alameda22: folds 
NerfMePlease: folds 
mgrah58: folds 
Uncalled bet ($1) returned to Kornpower
mgrah58 leaves the table
Kornpower collected $1.25 from pot
Kornpower: doesn't show hand 
*** SUMMARY ***
Total pot $1.25 | Rake $0 
Seat 1: FrAnWaN folded before Flop (didn't bet)
Seat 2: comein888 folded before Flop (didn't bet)
Seat 3: Alameda22 (button) folded before Flop (didn't bet)
Seat 5: NerfMePlease (small blind) folded before Flop
Seat 7: mgrah58 (big blind) folded before Flop
Seat 8: Kornpower collected ($1.25)
Seat 9: jyaku folded before Flop (didn't bet)



PokerStars Game #20153289761:  Hold'em No Limit ($0.25/$0.50) - 2008/09/04 21:34:57 ET
Table 'Tana II' 9-max Seat #5 is the button
Seat 1: FrAnWaN ($50 in chips) 
Seat 2: comein888 ($45.40 in chips) 
Seat 3: Alameda22 ($48.50 in chips) 
Seat 5: NerfMePlease ($55.25 in chips) 
Seat 8: Kornpower ($35.25 in chips) 
Seat 9: jyaku ($73.55 in chips) 
Kornpower: posts small blind $0.25
jyaku: posts big blind $0.50
*** HOLE CARDS ***
Dealt to Alameda22 [Qc 5c]
FrAnWaN: raises $1.50 to $2
comein888: folds 
Alameda22: folds 
NerfMePlease: folds 
Kornpower: calls $1.75
jyaku: folds 
*** FLOP *** [Kd 6d 6h]
Kornpower: checks 
buzz75089 joins the table at seat #7 
FrAnWaN: bets $3
Kornpower: calls $3
*** TURN *** [Kd 6d 6h] [Jc]
Kornpower: checks 
ploinko leaves the table
FrAnWaN: checks 
*** RIVER *** [Kd 6d 6h Jc] [7c]
Kornpower: bets $5
FrAnWaN: calls $5
*** SHOW DOWN ***
Kornpower: shows [Ts Ad] (a pair of Sixes)
FrAnWaN: shows [9d 9h] (two pair, Nines and Sixes)
FrAnWaN collected $19.50 from pot
*** SUMMARY ***
Total pot $20.50 | Rake $1 
Board [Kd 6d 6h Jc 7c]
Seat 1: FrAnWaN showed [9d 9h] and won ($19.50) with two pair, Nines and Sixes
Seat 2: comein888 folded before Flop (didn't bet)
Seat 3: Alameda22 folded before Flop (didn't bet)
Seat 5: NerfMePlease (button) folded before Flop (didn't bet)
Seat 8: Kornpower (small blind) showed [Ts Ad] and lost with a pair of Sixes
Seat 9: jyaku (big blind) folded before Flop



PokerStars Game #20153313212:  Hold'em No Limit ($0.25/$0.50) - 2008/09/04 21:36:01 ET
Table 'Tana II' 9-max Seat #8 is the button
Seat 1: FrAnWaN ($59.50 in chips) 
Seat 2: comein888 ($45.40 in chips) 
Seat 3: Alameda22 ($48.50 in chips) 
Seat 5: NerfMePlease ($55.25 in chips) 
Seat 7: buzz75089 ($50 in chips) 
Seat 8: Kornpower ($25.25 in chips) 
Seat 9: jyaku ($73.05 in chips) 
jyaku: posts small blind $0.25
FrAnWaN: posts big blind $0.50
buzz75089: posts big blind $0.50
*** HOLE CARDS ***
Dealt to Alameda22 [8s Js]
comein888: raises $2.50 to $3
Alameda22: folds 
NerfMePlease: folds 
miniroman joins the table at seat #6 
buzz75089: folds 
Kornpower: folds 
jyaku: folds 
FrAnWaN: folds 
Uncalled bet ($2.50) returned to comein888
comein888 collected $1.75 from pot
*** SUMMARY ***
Total pot $1.75 | Rake $0 
Seat 1: FrAnWaN (big blind) folded before Flop
Seat 2: comein888 collected ($1.75)
Seat 3: Alameda22 folded before Flop (didn't bet)
Seat 5: NerfMePlease folded before Flop (didn't bet)
Seat 7: buzz75089 folded before Flop
Seat 8: Kornpower (button) folded before Flop (didn't bet)
Seat 9: jyaku (small blind) folded before Flop



PokerStars Game #20153327808:  Hold'em No Limit ($0.25/$0.50) - 2008/09/04 21:36:42 ET
Table 'Tana II' 9-max Seat #9 is the button
Seat 1: FrAnWaN ($59 in chips) 
Seat 2: comein888 ($46.65 in chips) 
Seat 3: Alameda22 ($48.50 in chips) 
Seat 5: NerfMePlease ($55.25 in chips) 
Seat 6: miniroman ($50 in chips) 
Seat 7: buzz75089 ($49.50 in chips) 
Seat 8: Kornpower ($25.25 in chips) 
Seat 9: jyaku ($72.80 in chips) 
FrAnWaN: posts small blind $0.25
comein888: posts big blind $0.50
miniroman: posts big blind $0.50
*** HOLE CARDS ***
Dealt to Alameda22 [Kh 9d]
Alameda22: folds 
NerfMePlease: folds 
miniroman: checks 
buzz75089: folds 
Kornpower: raises $1.50 to $2
jyaku: folds 
FrAnWaN: folds 
comein888: folds 
miniroman: folds 
Uncalled bet ($1.50) returned to Kornpower
Kornpower collected $1.75 from pot
Kornpower: doesn't show hand 
*** SUMMARY ***
Total pot $1.75 | Rake $0 
Seat 1: FrAnWaN (small blind) folded before Flop
Seat 2: comein888 (big blind) folded before Flop
Seat 3: Alameda22 folded before Flop (didn't bet)
Seat 5: NerfMePlease folded before Flop (didn't bet)
Seat 6: miniroman folded before Flop
Seat 7: buzz75089 folded before Flop (didn't bet)
Seat 8: Kornpower collected ($1.75)
Seat 9: jyaku (button) folded before Flop (didn't bet)



PokerStars Game #20153346284:  Hold'em No Limit ($0.25/$0.50) - 2008/09/04 21:37:33 ET
Table 'Tana II' 9-max Seat #1 is the button
Seat 1: FrAnWaN ($58.75 in chips) 
Seat 2: comein888 ($46.15 in chips) 
Seat 3: Alameda22 ($48.50 in chips) 
Seat 5: NerfMePlease ($55.25 in chips) 
Seat 6: miniroman ($49.50 in chips) 
Seat 7: buzz75089 ($49.50 in chips) 
Seat 8: Kornpower ($26.50 in chips) 
Seat 9: jyaku ($72.80 in chips) 
comein888: posts small blind $0.25
Alameda22: posts big blind $0.50
*** HOLE CARDS ***
Dealt to Alameda22 [2d Ks]
NerfMePlease: folds 
miniroman: folds 
buzz75089: raises $1 to $1.50
Kornpower: calls $1.50
jyaku: folds 
FrAnWaN: folds 
comein888: folds 
Alameda22: folds 
*** FLOP *** [2h 5s 3s]
buzz75089: bets $2.50
Kornpower: raises $2.50 to $5
buzz75089: calls $2.50
*** TURN *** [2h 5s 3s] [8d]
buzz75089: checks 
Kornpower: checks 
*** RIVER *** [2h 5s 3s 8d] [Jc]
buzz75089: bets $11
Kornpower: raises $9 to $20 and is all-in
buzz75089: calls $9
*** SHOW DOWN ***
Kornpower: shows [Qs Js] (a pair of Jacks)
buzz75089: shows [3c 3h] (three of a kind, Threes)
buzz75089 collected $51.10 from pot
*** SUMMARY ***
Total pot $53.75 | Rake $2.65 
Board [2h 5s 3s 8d Jc]
Seat 1: FrAnWaN (button) folded before Flop (didn't bet)
Seat 2: comein888 (small blind) folded before Flop
Seat 3: Alameda22 (big blind) folded before Flop
Seat 5: NerfMePlease folded before Flop (didn't bet)
Seat 6: miniroman folded before Flop (didn't bet)
Seat 7: buzz75089 showed [3c 3h] and won ($51.10) with three of a kind, Threes
Seat 8: Kornpower showed [Qs Js] and lost with a pair of Jacks
Seat 9: jyaku folded before Flop (didn't bet)



PokerStars Game #20153373295:  Hold'em No Limit ($0.25/$0.50) - 2008/09/04 21:38:48 ET
Table 'Tana II' 9-max Seat #2 is the button
Seat 1: FrAnWaN ($58.75 in chips) 
Seat 2: comein888 ($45.90 in chips) 
Seat 3: Alameda22 ($48 in chips) 
Seat 5: NerfMePlease ($55.25 in chips) 
Seat 6: miniroman ($49.50 in chips) 
Seat 7: buzz75089 ($74.10 in chips) 
Seat 9: jyaku ($72.80 in chips) 
Alameda22: posts small blind $0.25
NerfMePlease: posts big blind $0.50
*** HOLE CARDS ***
Dealt to Alameda22 [As 2s]
miniroman: folds 
buzz75089: raises $1 to $1.50
Kornpower leaves the table
jyaku: folds 
pates11380 joins the table at seat #8 
FrAnWaN: folds 
comein888: raises $3 to $4.50
Alameda22: folds 
NerfMePlease: folds 
buzz75089: calls $3
*** FLOP *** [6c 6s 7s]
buzz75089: checks 
comein888: bets $7.50
buzz75089: calls $7.50
*** TURN *** [6c 6s 7s] [3c]
buzz75089: checks 
comein888: checks 
*** RIVER *** [6c 6s 7s 3c] [5d]
buzz75089: bets $18
comein888: folds 
Uncalled bet ($18) returned to buzz75089
buzz75089 collected $23.55 from pot
*** SUMMARY ***
Total pot $24.75 | Rake $1.20 
Board [6c 6s 7s 3c 5d]
Seat 1: FrAnWaN folded before Flop (didn't bet)
Seat 2: comein888 (button) folded on the River
Seat 3: Alameda22 (small blind) folded before Flop
Seat 5: NerfMePlease (big blind) folded before Flop
Seat 6: miniroman folded before Flop (didn't bet)
Seat 7: buzz75089 collected ($23.55)
Seat 9: jyaku folded before Flop (didn't bet)



PokerStars Game #20153434610:  Hold'em No Limit ($0.25/$0.50) - 2008/09/04 21:41:35 ET
Table 'Tana II' 9-max Seat #3 is the button
Seat 1: FrAnWaN ($58.75 in chips) 
Seat 2: comein888 ($33.90 in chips) 
Seat 3: Alameda22 ($47.75 in chips) 
Seat 5: NerfMePlease ($54.75 in chips) 
Seat 6: miniroman ($49.50 in chips) 
Seat 7: buzz75089 ($85.65 in chips) 
Seat 9: jyaku ($72.80 in chips) 
NerfMePlease: posts small blind $0.25
miniroman: posts big blind $0.50
pates11380: sits out 
*** HOLE CARDS ***
Dealt to Alameda22 [Th 4h]
buzz75089: calls $0.50
jyaku: folds 
FrAnWaN: folds 
comein888: folds 
Alameda22: folds 
NerfMePlease: calls $0.25
miniroman: checks 
*** FLOP *** [Ts 4c 9d]
NerfMePlease: checks 
miniroman: checks 
buzz75089: bets $1
NerfMePlease: folds 
miniroman: folds 
Uncalled bet ($1) returned to buzz75089
buzz75089 collected $1.45 from pot
*** SUMMARY ***
Total pot $1.50 | Rake $0.05 
Board [Ts 4c 9d]
Seat 1: FrAnWaN folded before Flop (didn't bet)
Seat 2: comein888 folded before Flop (didn't bet)
Seat 3: Alameda22 (button) folded before Flop (didn't bet)
Seat 5: NerfMePlease (small blind) folded on the Flop
Seat 6: miniroman (big blind) folded on the Flop
Seat 7: buzz75089 collected ($1.45)
Seat 9: jyaku folded before Flop (didn't bet)



PokerStars Game #20153459258:  Hold'em No Limit ($0.25/$0.50) - 2008/09/04 21:42:42 ET
Table 'Tana II' 9-max Seat #5 is the button
Seat 1: FrAnWaN ($58.75 in chips) 
Seat 2: comein888 ($50 in chips) 
Seat 3: Alameda22 ($47.75 in chips) 
Seat 5: NerfMePlease ($54.25 in chips) 
Seat 6: miniroman ($49 in chips) 
Seat 7: buzz75089 ($86.60 in chips) 
Seat 9: jyaku ($72.80 in chips) 
miniroman: posts small blind $0.25
buzz75089: posts big blind $0.50
pates11380: sits out 
*** HOLE CARDS ***
Dealt to Alameda22 [6c 3h]
jyaku: folds 
FrAnWaN: folds 
comein888: calls $0.50
Alameda22: folds 
NerfMePlease: folds 
miniroman: calls $0.25
buzz75089: checks 
*** FLOP *** [Kh 4d 9s]
miniroman: checks 
buzz75089: checks 
comein888: checks 
*** TURN *** [Kh 4d 9s] [Kc]
miniroman: checks 
buzz75089: checks 
comein888: checks 
*** RIVER *** [Kh 4d 9s Kc] [As]
miniroman: checks 
buzz75089: checks 
comein888: checks 
*** SHOW DOWN ***
miniroman: shows [9c 7d] (two pair, Kings and Nines)
buzz75089: shows [Ac 2d] (two pair, Aces and Kings)
comein888: mucks hand 
buzz75089 collected $1.45 from pot
*** SUMMARY ***
Total pot $1.50 | Rake $0.05 
Board [Kh 4d 9s Kc As]
Seat 1: FrAnWaN folded before Flop (didn't bet)
Seat 2: comein888 mucked [3s 3d]
Seat 3: Alameda22 folded before Flop (didn't bet)
Seat 5: NerfMePlease (button) folded before Flop (didn't bet)
Seat 6: miniroman (small blind) showed [9c 7d] and lost with two pair, Kings and Nines
Seat 7: buzz75089 (big blind) showed [Ac 2d] and won ($1.45) with two pair, Aces and Kings
Seat 9: jyaku folded before Flop (didn't bet)



PokerStars Game #20153493084:  Hold'em No Limit ($0.25/$0.50) - 2008/09/04 21:44:13 ET
Table 'Tana II' 9-max Seat #6 is the button
Seat 1: FrAnWaN ($58.75 in chips) 
Seat 2: comein888 ($49.50 in chips) 
Seat 3: Alameda22 ($47.75 in chips) 
Seat 5: NerfMePlease ($54.25 in chips) 
Seat 6: miniroman ($48.50 in chips) 
Seat 7: buzz75089 ($87.55 in chips) 
Seat 8: pates11380 ($50 in chips) 
Seat 9: jyaku ($72.80 in chips) 
buzz75089: posts small blind $0.25
pates11380: posts big blind $0.50
*** HOLE CARDS ***
Dealt to Alameda22 [Td Ks]
jyaku: raises $0.50 to $1
FrAnWaN: folds 
comein888: folds 
Alameda22: folds 
NerfMePlease: calls $1
miniroman: folds 
buzz75089: calls $0.75
pates11380: calls $0.50
*** FLOP *** [Ac 7c Kc]
buzz75089: checks 
pates11380: bets $3.50
jyaku: folds 
NerfMePlease: folds 
buzz75089: calls $3.50
*** TURN *** [Ac 7c Kc] [7s]
buzz75089: checks 
pates11380: bets $8
buzz75089: folds 
Uncalled bet ($8) returned to pates11380
pates11380 collected $10.50 from pot
pates11380: doesn't show hand 
*** SUMMARY ***
Total pot $11 | Rake $0.50 
Board [Ac 7c Kc 7s]
Seat 1: FrAnWaN folded before Flop (didn't bet)
Seat 2: comein888 folded before Flop (didn't bet)
Seat 3: Alameda22 folded before Flop (didn't bet)
Seat 5: NerfMePlease folded on the Flop
Seat 6: miniroman (button) folded before Flop (didn't bet)
Seat 7: buzz75089 (small blind) folded on the Turn
Seat 8: pates11380 (big blind) collected ($10.50)
Seat 9: jyaku folded on the Flop



PokerStars Game #20153519122:  Hold'em No Limit ($0.25/$0.50) - 2008/09/04 21:45:24 ET
Table 'Tana II' 9-max Seat #7 is the button
Seat 1: FrAnWaN ($58.75 in chips) 
Seat 2: comein888 ($49.50 in chips) 
Seat 3: Alameda22 ($47.75 in chips) 
Seat 5: NerfMePlease ($53.25 in chips) 
Seat 6: miniroman ($48.50 in chips) 
Seat 7: buzz75089 ($83.05 in chips) 
Seat 8: pates11380 ($56 in chips) 
Seat 9: jyaku ($71.80 in chips) 
pates11380: posts small blind $0.25
jyaku: posts big blind $0.50
*** HOLE CARDS ***
Dealt to Alameda22 [6c Qd]
FrAnWaN: folds 
comein888: folds 
Alameda22: folds 
NerfMePlease: folds 
miniroman: folds 
buzz75089: folds 
pates11380: folds 
Uncalled bet ($0.25) returned to jyaku
jyaku collected $0.50 from pot
*** SUMMARY ***
Total pot $0.50 | Rake $0 
Seat 1: FrAnWaN folded before Flop (didn't bet)
Seat 2: comein888 folded before Flop (didn't bet)
Seat 3: Alameda22 folded before Flop (didn't bet)
Seat 5: NerfMePlease folded before Flop (didn't bet)
Seat 6: miniroman folded before Flop (didn't bet)
Seat 7: buzz75089 (button) folded before Flop (didn't bet)
Seat 8: pates11380 (small blind) folded before Flop
Seat 9: jyaku (big blind) collected ($0.50)



PokerStars Game #20153533043:  Hold'em No Limit ($0.25/$0.50) - 2008/09/04 21:46:02 ET
Table 'Tana II' 9-max Seat #8 is the button
Seat 1: FrAnWaN ($58.75 in chips) 
Seat 2: comein888 ($49.50 in chips) 
Seat 3: Alameda22 ($47.75 in chips) 
Seat 5: NerfMePlease ($53.25 in chips) 
Seat 6: miniroman ($48.50 in chips) 
Seat 7: buzz75089 ($83.05 in chips) 
Seat 8: pates11380 ($55.75 in chips) 
Seat 9: jyaku ($72.05 in chips) 
jyaku: posts small blind $0.25
FrAnWaN: posts big blind $0.50
*** HOLE CARDS ***
Dealt to Alameda22 [Jc 2s]
comein888: folds 
Alameda22: folds 
NerfMePlease: folds 
miniroman: folds 
buzz75089: folds 
pates11380: raises $1 to $1.50
jyaku: folds 
FrAnWaN: folds 
Uncalled bet ($1) returned to pates11380
pates11380 collected $1.25 from pot
pates11380: doesn't show hand 
*** SUMMARY ***
Total pot $1.25 | Rake $0 
Seat 1: FrAnWaN (big blind) folded before Flop
Seat 2: comein888 folded before Flop (didn't bet)
Seat 3: Alameda22 folded before Flop (didn't bet)
Seat 5: NerfMePlease folded before Flop (didn't bet)
Seat 6: miniroman folded before Flop (didn't bet)
Seat 7: buzz75089 folded before Flop (didn't bet)
Seat 8: pates11380 (button) collected ($1.25)
Seat 9: jyaku (small blind) folded before Flop



PokerStars Game #20153550217:  Hold'em No Limit ($0.25/$0.50) - 2008/09/04 21:46:48 ET
Table 'Tana II' 9-max Seat #9 is the button
Seat 1: FrAnWaN ($58.25 in chips) 
Seat 2: comein888 ($49.50 in chips) 
Seat 3: Alameda22 ($47.75 in chips) 
Seat 5: NerfMePlease ($53.25 in chips) 
Seat 6: miniroman ($48.50 in chips) 
Seat 7: buzz75089 ($83.05 in chips) 
Seat 8: pates11380 ($56.50 in chips) 
Seat 9: jyaku ($71.80 in chips) 
FrAnWaN: posts small blind $0.25
comein888: posts big blind $0.50
*** HOLE CARDS ***
Dealt to Alameda22 [3d 6d]
Alameda22: folds 
NerfMePlease: folds 
miniroman: folds 
buzz75089: folds 
pates11380: folds 
jyaku: folds 
FrAnWaN: folds 
Uncalled bet ($0.25) returned to comein888
comein888 collected $0.50 from pot
*** SUMMARY ***
Total pot $0.50 | Rake $0 
Seat 1: FrAnWaN (small blind) folded before Flop
Seat 2: comein888 (big blind) collected ($0.50)
Seat 3: Alameda22 folded before Flop (didn't bet)
Seat 5: NerfMePlease folded before Flop (didn't bet)
Seat 6: miniroman folded before Flop (didn't bet)
Seat 7: buzz75089 folded before Flop (didn't bet)
Seat 8: pates11380 folded before Flop (didn't bet)
Seat 9: jyaku (button) folded before Flop (didn't bet)



PokerStars Game #20153564711:  Hold'em No Limit ($0.25/$0.50) - 2008/09/04 21:47:27 ET
Table 'Tana II' 9-max Seat #1 is the button
Seat 1: FrAnWaN ($58 in chips) 
Seat 2: comein888 ($49.75 in chips) 
Seat 3: Alameda22 ($47.75 in chips) 
Seat 5: NerfMePlease ($53.25 in chips) 
Seat 6: miniroman ($48.50 in chips) 
Seat 7: buzz75089 ($83.05 in chips) 
Seat 8: pates11380 ($56.50 in chips) 
Seat 9: jyaku ($71.80 in chips) 
comein888: posts small blind $0.25
Alameda22: posts big blind $0.50
*** HOLE CARDS ***
Dealt to Alameda22 [4d 5c]
NerfMePlease: folds 
miniroman: folds 
buzz75089: folds 
pates11380: folds 
jyaku: folds 
FrAnWaN: folds 
comein888: folds 
Uncalled bet ($0.25) returned to Alameda22
Alameda22 collected $0.50 from pot
Alameda22: doesn't show hand 
*** SUMMARY ***
Total pot $0.50 | Rake $0 
Seat 1: FrAnWaN (button) folded before Flop (didn't bet)
Seat 2: comein888 (small blind) folded before Flop
Seat 3: Alameda22 (big blind) collected ($0.50)
Seat 5: NerfMePlease folded before Flop (didn't bet)
Seat 6: miniroman folded before Flop (didn't bet)
Seat 7: buzz75089 folded before Flop (didn't bet)
Seat 8: pates11380 folded before Flop (didn't bet)
Seat 9: jyaku folded before Flop (didn't bet)



PokerStars Game #20153575710:  Hold'em No Limit ($0.25/$0.50) - 2008/09/04 21:47:57 ET
Table 'Tana II' 9-max Seat #2 is the button
Seat 1: FrAnWaN ($58 in chips) 
Seat 2: comein888 ($49.50 in chips) 
Seat 3: Alameda22 ($48 in chips) 
Seat 5: NerfMePlease ($53.25 in chips) 
Seat 6: miniroman ($48.50 in chips) 
Seat 7: buzz75089 ($83.05 in chips) 
Seat 8: pates11380 ($56.50 in chips) 
Seat 9: jyaku ($71.80 in chips) 
Alameda22: posts small blind $0.25
NerfMePlease: posts big blind $0.50
*** HOLE CARDS ***
Dealt to Alameda22 [Ks Th]
miniroman: folds 
buzz75089: folds 
pates11380: folds 
jyaku: folds 
FrAnWaN: folds 
comein888: folds 
Alameda22: folds 
Uncalled bet ($0.25) returned to NerfMePlease
NerfMePlease collected $0.50 from pot
NerfMePlease: doesn't show hand 
*** SUMMARY ***
Total pot $0.50 | Rake $0 
Seat 1: FrAnWaN folded before Flop (didn't bet)
Seat 2: comein888 (button) folded before Flop (didn't bet)
Seat 3: Alameda22 (small blind) folded before Flop
Seat 5: NerfMePlease (big blind) collected ($0.50)
Seat 6: miniroman folded before Flop (didn't bet)
Seat 7: buzz75089 folded before Flop (didn't bet)
Seat 8: pates11380 folded before Flop (didn't bet)
Seat 9: jyaku folded before Flop (didn't bet)



PokerStars Game #20153589473:  Hold'em No Limit ($0.25/$0.50) - 2008/09/04 21:48:35 ET
Table 'Tana II' 9-max Seat #3 is the button
Seat 1: FrAnWaN ($58 in chips) 
Seat 2: comein888 ($49.50 in chips) 
Seat 3: Alameda22 ($47.75 in chips) 
Seat 5: NerfMePlease ($53.50 in chips) 
Seat 6: miniroman ($48.50 in chips) 
Seat 7: buzz75089 ($83.05 in chips) 
Seat 8: pates11380 ($56.50 in chips) 
Seat 9: jyaku ($71.80 in chips) 
NerfMePlease: posts small blind $0.25
miniroman: posts big blind $0.50
*** HOLE CARDS ***
Dealt to Alameda22 [9h 4s]
buzz75089: raises $1 to $1.50
pates11380: folds 
jyaku: folds 
FrAnWaN: folds 
comein888: folds 
Alameda22: folds 
NerfMePlease: folds 
miniroman: folds 
Uncalled bet ($1) returned to buzz75089
buzz75089 collected $1.25 from pot
*** SUMMARY ***
Total pot $1.25 | Rake $0 
Seat 1: FrAnWaN folded before Flop (didn't bet)
Seat 2: comein888 folded before Flop (didn't bet)
Seat 3: Alameda22 (button) folded before Flop (didn't bet)
Seat 5: NerfMePlease (small blind) folded before Flop
Seat 6: miniroman (big blind) folded before Flop
Seat 7: buzz75089 collected ($1.25)
Seat 8: pates11380 folded before Flop (didn't bet)
Seat 9: jyaku folded before Flop (didn't bet)



PokerStars Game #20153600044:  Hold'em No Limit ($0.25/$0.50) - 2008/09/04 21:49:04 ET
Table 'Tana II' 9-max Seat #5 is the button
Seat 1: FrAnWaN ($58 in chips) 
Seat 2: comein888 ($49.50 in chips) 
Seat 3: Alameda22 ($47.75 in chips) 
Seat 5: NerfMePlease ($53.25 in chips) 
Seat 6: miniroman ($48 in chips) 
Seat 7: buzz75089 ($83.80 in chips) 
Seat 8: pates11380 ($56.50 in chips) 
Seat 9: jyaku ($71.80 in chips) 
miniroman: posts small blind $0.25
buzz75089: posts big blind $0.50
*** HOLE CARDS ***
Dealt to Alameda22 [2s Th]
pates11380: folds 
jyaku: folds 
FrAnWaN: folds 
comein888: folds 
Alameda22: folds 
NerfMePlease: folds 
miniroman: calls $0.25
buzz75089: checks 
*** FLOP *** [5h 8c Kc]
miniroman: checks 
buzz75089: checks 
*** TURN *** [5h 8c Kc] [3d]
miniroman: bets $0.50
buzz75089: folds 
Uncalled bet ($0.50) returned to miniroman
miniroman collected $0.95 from pot
miniroman: doesn't show hand 
*** SUMMARY ***
Total pot $1 | Rake $0.05 
Board [5h 8c Kc 3d]
Seat 1: FrAnWaN folded before Flop (didn't bet)
Seat 2: comein888 folded before Flop (didn't bet)
Seat 3: Alameda22 folded before Flop (didn't bet)
Seat 5: NerfMePlease (button) folded before Flop (didn't bet)
Seat 6: miniroman (small blind) collected ($0.95)
Seat 7: buzz75089 (big blind) folded on the Turn
Seat 8: pates11380 folded before Flop (didn't bet)
Seat 9: jyaku folded before Flop (didn't bet)



PokerStars Game #20153612991:  Hold'em No Limit ($0.25/$0.50) - 2008/09/04 21:49:39 ET
Table 'Tana II' 9-max Seat #6 is the button
Seat 1: FrAnWaN ($58 in chips) 
Seat 2: comein888 ($49.50 in chips) 
Seat 3: Alameda22 ($47.75 in chips) 
Seat 5: NerfMePlease ($53.25 in chips) 
Seat 6: miniroman ($48.45 in chips) 
Seat 7: buzz75089 ($83.30 in chips) 
Seat 8: pates11380 ($56.50 in chips) 
Seat 9: jyaku ($71.80 in chips) 
buzz75089: posts small blind $0.25
pates11380: posts big blind $0.50
*** HOLE CARDS ***
Dealt to Alameda22 [6c 6s]
jyaku: folds 
FrAnWaN: raises $1.50 to $2
comein888: folds 
Alameda22: folds 
NerfMePlease: folds 
miniroman: folds 
buzz75089: calls $1.75
pates11380: folds 
*** FLOP *** [5c Ac Th]
pates11380 leaves the table
buzz75089: checks 
Dominate all joins the table at seat #8 
FrAnWaN: bets $3
buzz75089: calls $3
*** TURN *** [5c Ac Th] [4d]
buzz75089: checks 
FrAnWaN: checks 
*** RIVER *** [5c Ac Th 4d] [8d]
buzz75089: bets $8
FrAnWaN: folds 
Uncalled bet ($8) returned to buzz75089
buzz75089 collected $10 from pot
*** SUMMARY ***
Total pot $10.50 | Rake $0.50 
Board [5c Ac Th 4d 8d]
Seat 1: FrAnWaN folded on the River
Seat 2: comein888 folded before Flop (didn't bet)
Seat 3: Alameda22 folded before Flop (didn't bet)
Seat 5: NerfMePlease folded before Flop (didn't bet)
Seat 6: miniroman (button) folded before Flop (didn't bet)
Seat 7: buzz75089 (small blind) collected ($10)
Seat 8: pates11380 (big blind) folded before Flop
Seat 9: jyaku folded before Flop (didn't bet)



PokerStars Game #20153642132:  Hold'em No Limit ($0.25/$0.50) - 2008/09/04 21:50:59 ET
Table 'Tana II' 9-max Seat #7 is the button
Seat 1: FrAnWaN ($53 in chips) 
Seat 2: comein888 ($49.50 in chips) 
Seat 3: Alameda22 ($47.75 in chips) 
Seat 5: NerfMePlease ($53.25 in chips) 
Seat 6: miniroman ($48.45 in chips) 
Seat 7: buzz75089 ($88.30 in chips) 
Seat 9: jyaku ($71.80 in chips) 
Dominate all will be allowed to play after the button
jyaku: posts small blind $0.25
FrAnWaN: posts big blind $0.50
*** HOLE CARDS ***
Dealt to Alameda22 [7s 2s]
comein888: folds 
Alameda22: folds 
NerfMePlease: folds 
miniroman: folds 
buzz75089: folds 
jyaku: calls $0.25
FrAnWaN: raises $2 to $2.50
jyaku: folds 
Uncalled bet ($2) returned to FrAnWaN
FrAnWaN collected $1 from pot
FrAnWaN: doesn't show hand 
*** SUMMARY ***
Total pot $1 | Rake $0 
Seat 1: FrAnWaN (big blind) collected ($1)
Seat 2: comein888 folded before Flop (didn't bet)
Seat 3: Alameda22 folded before Flop (didn't bet)
Seat 5: NerfMePlease folded before Flop (didn't bet)
Seat 6: miniroman folded before Flop (didn't bet)
Seat 7: buzz75089 (button) folded before Flop (didn't bet)
Seat 9: jyaku (small blind) folded before Flop



PokerStars Game #20153662123:  Hold'em No Limit ($0.25/$0.50) - 2008/09/04 21:51:53 ET
Table 'Tana II' 9-max Seat #9 is the button
Seat 1: FrAnWaN ($53.50 in chips) 
Seat 2: comein888 ($49.50 in chips) 
Seat 3: Alameda22 ($47.75 in chips) 
Seat 5: NerfMePlease ($53.25 in chips) 
Seat 6: miniroman ($48.45 in chips) 
Seat 7: buzz75089 ($88.30 in chips) 
Seat 9: jyaku ($71.30 in chips) 
FrAnWaN: posts small blind $0.25
comein888: posts big blind $0.50
Dominate all: sits out 
*** HOLE CARDS ***
Dealt to Alameda22 [Ks Qs]
Alameda22: folds 
NerfMePlease: folds 
miniroman: folds 
buzz75089: folds 
jyaku: raises $0.50 to $1
FrAnWaN: folds 
comein888: calls $0.50
*** FLOP *** [8h 5h As]
comein888: checks 
jyaku: checks 
*** TURN *** [8h 5h As] [4d]
comein888: bets $2
jyaku: folds 
Uncalled bet ($2) returned to comein888
comein888 collected $2.15 from pot
*** SUMMARY ***
Total pot $2.25 | Rake $0.10 
Board [8h 5h As 4d]
Seat 1: FrAnWaN (small blind) folded before Flop
Seat 2: comein888 (big blind) collected ($2.15)
Seat 3: Alameda22 folded before Flop (didn't bet)
Seat 5: NerfMePlease folded before Flop (didn't bet)
Seat 6: miniroman folded before Flop (didn't bet)
Seat 7: buzz75089 folded before Flop (didn't bet)
Seat 9: jyaku (button) folded on the Turn



PokerStars Game #20153684890:  Hold'em No Limit ($0.25/$0.50) - 2008/09/04 21:52:56 ET
Table 'Tana II' 9-max Seat #1 is the button
Seat 1: FrAnWaN ($53.25 in chips) 
Seat 2: comein888 ($50.65 in chips) 
Seat 3: Alameda22 ($47.75 in chips) 
Seat 5: NerfMePlease ($53.25 in chips) 
Seat 6: miniroman ($48.45 in chips) 
Seat 7: buzz75089 ($88.30 in chips) 
Seat 9: jyaku ($70.30 in chips) 
comein888: posts small blind $0.25
Alameda22: posts big blind $0.50
Dominate all: sits out 
*** HOLE CARDS ***
Dealt to Alameda22 [9c Td]
NerfMePlease: folds 
miniroman: folds 
buzz75089: folds 
jyaku: folds 
FrAnWaN: raises $1.50 to $2
comein888: folds 
Alameda22: folds 
Uncalled bet ($1.50) returned to FrAnWaN
FrAnWaN collected $1.25 from pot
FrAnWaN: doesn't show hand 
*** SUMMARY ***
Total pot $1.25 | Rake $0 
Seat 1: FrAnWaN (button) collected ($1.25)
Seat 2: comein888 (small blind) folded before Flop
Seat 3: Alameda22 (big blind) folded before Flop
Seat 5: NerfMePlease folded before Flop (didn't bet)
Seat 6: miniroman folded before Flop (didn't bet)
Seat 7: buzz75089 folded before Flop (didn't bet)
Seat 9: jyaku folded before Flop (didn't bet)



PokerStars Game #20153694944:  Hold'em No Limit ($0.25/$0.50) - 2008/09/04 21:53:24 ET
Table 'Tana II' 9-max Seat #2 is the button
Seat 1: FrAnWaN ($54 in chips) 
Seat 2: comein888 ($50.40 in chips) 
Seat 3: Alameda22 ($47.25 in chips) 
Seat 5: NerfMePlease ($53.25 in chips) 
Seat 6: miniroman ($48.45 in chips) 
Seat 7: buzz75089 ($88.30 in chips) 
Seat 9: jyaku ($70.30 in chips) 
Alameda22: posts small blind $0.25
NerfMePlease: posts big blind $0.50
Dominate all: sits out 
*** HOLE CARDS ***
Dealt to Alameda22 [7c 4h]
miniroman: folds 
buzz75089: folds 
jyaku: folds 
FrAnWaN: folds 
comein888: folds 
Alameda22: folds 
Uncalled bet ($0.25) returned to NerfMePlease
NerfMePlease collected $0.50 from pot
NerfMePlease: doesn't show hand 
*** SUMMARY ***
Total pot $0.50 | Rake $0 
Seat 1: FrAnWaN folded before Flop (didn't bet)
Seat 2: comein888 (button) folded before Flop (didn't bet)
Seat 3: Alameda22 (small blind) folded before Flop
Seat 5: NerfMePlease (big blind) collected ($0.50)
Seat 6: miniroman folded before Flop (didn't bet)
Seat 7: buzz75089 folded before Flop (didn't bet)
Seat 9: jyaku folded before Flop (didn't bet)



PokerStars Game #20153716373:  Hold'em No Limit ($0.25/$0.50) - 2008/09/04 21:54:22 ET
Table 'Tana II' 9-max Seat #3 is the button
Seat 1: FrAnWaN ($54 in chips) 
Seat 2: comein888 ($50.40 in chips) 
Seat 3: Alameda22 ($47 in chips) 
Seat 5: NerfMePlease ($53.50 in chips) 
Seat 6: miniroman ($48.45 in chips) 
Seat 7: buzz75089 ($88.30 in chips) 
Seat 9: jyaku ($70.30 in chips) 
dwq2300 was removed from the table for failing to post
NerfMePlease: posts small blind $0.25
miniroman: posts big blind $0.50
Dominate all: sits out 
*** HOLE CARDS ***
Dealt to Alameda22 [3c 7c]
buzz75089: folds 
fernandoagz joins the table at seat #4 
jyaku: folds 
FrAnWaN: folds 
comein888: calls $0.50
Alameda22: folds 
NerfMePlease: folds 
miniroman: checks 
*** FLOP *** [Kh Qc Ts]
miniroman: bets $0.50
comein888: folds 
Uncalled bet ($0.50) returned to miniroman
miniroman collected $1.20 from pot
miniroman: doesn't show hand 
*** SUMMARY ***
Total pot $1.25 | Rake $0.05 
Board [Kh Qc Ts]
Seat 1: FrAnWaN folded before Flop (didn't bet)
Seat 2: comein888 folded on the Flop
Seat 3: Alameda22 (button) folded before Flop (didn't bet)
Seat 5: NerfMePlease (small blind) folded before Flop
Seat 6: miniroman (big blind) collected ($1.20)
Seat 7: buzz75089 folded before Flop (didn't bet)
Seat 9: jyaku folded before Flop (didn't bet)



PokerStars Game #20153741178:  Hold'em No Limit ($0.25/$0.50) - 2008/09/04 21:55:30 ET
Table 'Tana II' 9-max Seat #5 is the button
Seat 1: FrAnWaN ($54 in chips) 
Seat 2: comein888 ($49.90 in chips) 
Seat 3: Alameda22 ($47 in chips) 
Seat 5: NerfMePlease ($53.25 in chips) 
Seat 6: miniroman ($49.15 in chips) 
Seat 7: buzz75089 ($88.30 in chips) 
Seat 9: jyaku ($70.30 in chips) 
miniroman: posts small blind $0.25
buzz75089: posts big blind $0.50
Dominate all: sits out 
fernandoagz: sits out 
*** HOLE CARDS ***
Dealt to Alameda22 [Ah Kc]
jyaku: folds 
FrAnWaN: folds 
comein888: folds 
Alameda22: raises $1.50 to $2
NerfMePlease: folds 
miniroman: folds 
buzz75089: folds 
Uncalled bet ($1.50) returned to Alameda22
Alameda22 collected $1.25 from pot
Alameda22: doesn't show hand 
*** SUMMARY ***
Total pot $1.25 | Rake $0 
Seat 1: FrAnWaN folded before Flop (didn't bet)
Seat 2: comein888 folded before Flop (didn't bet)
Seat 3: Alameda22 collected ($1.25)
Seat 5: NerfMePlease (button) folded before Flop (didn't bet)
Seat 6: miniroman (small blind) folded before Flop
Seat 7: buzz75089 (big blind) folded before Flop
Seat 9: jyaku folded before Flop (didn't bet)



PokerStars Game #20153760920:  Hold'em No Limit ($0.25/$0.50) - 2008/09/04 21:56:24 ET
Table 'Tana II' 9-max Seat #6 is the button
Seat 1: FrAnWaN ($54 in chips) 
Seat 2: comein888 ($49.90 in chips) 
Seat 3: Alameda22 ($47.75 in chips) 
Seat 5: NerfMePlease ($53.25 in chips) 
Seat 6: miniroman ($48.90 in chips) 
Seat 7: buzz75089 ($87.80 in chips) 
Seat 8: Dominate all ($50 in chips) 
Seat 9: jyaku ($70.30 in chips) 
buzz75089: posts small blind $0.25
Dominate all: posts big blind $0.50
fernandoagz: sits out 
*** HOLE CARDS ***
Dealt to Alameda22 [Ks 9h]
jyaku: folds 
FrAnWaN: folds 
comein888: calls $0.50
Alameda22: folds 
NerfMePlease: folds 
miniroman: folds 
buzz75089: folds 
Dominate all: checks 
*** FLOP *** [9d 6h Js]
Dominate all: checks 
comein888: checks 
*** TURN *** [9d 6h Js] [6s]
Dominate all: checks 
comein888: checks 
*** RIVER *** [9d 6h Js 6s] [6c]
Dominate all: checks 
comein888: checks 
*** SHOW DOWN ***
Dominate all: shows [4d Td] (three of a kind, Sixes)
comein888: shows [8h Ah] (three of a kind, Sixes - Ace kicker)
comein888 collected $1.20 from pot
*** SUMMARY ***
Total pot $1.25 | Rake $0.05 
Board [9d 6h Js 6s 6c]
Seat 1: FrAnWaN folded before Flop (didn't bet)
Seat 2: comein888 showed [8h Ah] and won ($1.20) with three of a kind, Sixes
Seat 3: Alameda22 folded before Flop (didn't bet)
Seat 5: NerfMePlease folded before Flop (didn't bet)
Seat 6: miniroman (button) folded before Flop (didn't bet)
Seat 7: buzz75089 (small blind) folded before Flop
Seat 8: Dominate all (big blind) showed [4d Td] and lost with three of a kind, Sixes
Seat 9: jyaku folded before Flop (didn't bet)



PokerStars Game #20153785463:  Hold'em No Limit ($0.25/$0.50) - 2008/09/04 21:57:32 ET
Table 'Tana II' 9-max Seat #7 is the button
Seat 1: FrAnWaN ($54 in chips) 
Seat 2: comein888 ($50.60 in chips) 
Seat 3: Alameda22 ($47.75 in chips) 
Seat 5: NerfMePlease ($53.25 in chips) 
Seat 6: miniroman ($48.90 in chips) 
Seat 7: buzz75089 ($87.55 in chips) 
Seat 8: Dominate all ($49.50 in chips) 
Seat 9: jyaku ($70.30 in chips) 
Dominate all: posts small blind $0.25
jyaku: posts big blind $0.50
fernandoagz: sits out 
*** HOLE CARDS ***
Dealt to Alameda22 [5c Jh]
FrAnWaN: folds 
comein888: folds 
Alameda22: folds 
NerfMePlease: folds 
miniroman: folds 
buzz75089: raises $1.50 to $2
Dominate all: folds 
jyaku: folds 
Uncalled bet ($1.50) returned to buzz75089
buzz75089 collected $1.25 from pot
*** SUMMARY ***
Total pot $1.25 | Rake $0 
Seat 1: FrAnWaN folded before Flop (didn't bet)
Seat 2: comein888 folded before Flop (didn't bet)
Seat 3: Alameda22 folded before Flop (didn't bet)
Seat 5: NerfMePlease folded before Flop (didn't bet)
Seat 6: miniroman folded before Flop (didn't bet)
Seat 7: buzz75089 (button) collected ($1.25)
Seat 8: Dominate all (small blind) folded before Flop
Seat 9: jyaku (big blind) folded before Flop



PokerStars Game #20153800079:  Hold'em No Limit ($0.25/$0.50) - 2008/09/04 21:58:12 ET
Table 'Tana II' 9-max Seat #8 is the button
Seat 1: FrAnWaN ($54 in chips) 
Seat 2: comein888 ($50.60 in chips) 
Seat 3: Alameda22 ($47.75 in chips) 
Seat 5: NerfMePlease ($53.25 in chips) 
Seat 6: miniroman ($48.90 in chips) 
Seat 7: buzz75089 ($88.30 in chips) 
Seat 8: Dominate all ($49.25 in chips) 
Seat 9: jyaku ($69.80 in chips) 
jyaku: posts small blind $0.25
FrAnWaN: posts big blind $0.50
fernandoagz: sits out 
*** HOLE CARDS ***
Dealt to Alameda22 [3s 3h]
comein888: folds 
Alameda22: folds 
NerfMePlease: folds 
miniroman: folds 
buzz75089: folds 
Dominate all: folds 
jyaku: calls $0.25
FrAnWaN: checks 
*** FLOP *** [9s Qh 6s]
jyaku: checks 
FrAnWaN: bets $2
jyaku: calls $2
*** TURN *** [9s Qh 6s] [Kc]
jyaku: checks 
FrAnWaN: bets $4
jyaku: calls $4
*** RIVER *** [9s Qh 6s Kc] [Qs]
jyaku: checks 
FrAnWaN: bets $47.50 and is all-in
jyaku: folds 
Uncalled bet ($47.50) returned to FrAnWaN
FrAnWaN collected $12.40 from pot
FrAnWaN: doesn't show hand 
*** SUMMARY ***
Total pot $13 | Rake $0.60 
Board [9s Qh 6s Kc Qs]
Seat 1: FrAnWaN (big blind) collected ($12.40)
Seat 2: comein888 folded before Flop (didn't bet)
Seat 3: Alameda22 folded before Flop (didn't bet)
Seat 5: NerfMePlease folded before Flop (didn't bet)
Seat 6: miniroman folded before Flop (didn't bet)
Seat 7: buzz75089 folded before Flop (didn't bet)
Seat 8: Dominate all (button) folded before Flop (didn't bet)
Seat 9: jyaku (small blind) folded on the River



PokerStars Game #20153841111:  Hold'em No Limit ($0.25/$0.50) - 2008/09/04 22:00:04 ET
Table 'Tana II' 9-max Seat #9 is the button
Seat 1: FrAnWaN ($59.90 in chips) 
Seat 2: comein888 ($50.60 in chips) 
Seat 3: Alameda22 ($47.75 in chips) 
Seat 5: NerfMePlease ($53.25 in chips) 
Seat 6: miniroman ($48.90 in chips) 
Seat 7: buzz75089 ($88.30 in chips) 
Seat 8: Dominate all ($49.25 in chips) 
Seat 9: jyaku ($63.30 in chips) 
FrAnWaN: posts small blind $0.25
comein888: posts big blind $0.50
fernandoagz: sits out 
*** HOLE CARDS ***
Dealt to Alameda22 [4d As]
Alameda22: folds 
NerfMePlease: folds 
miniroman: folds 
buzz75089: folds 
Dominate all: folds 
jyaku: folds 
FrAnWaN: calls $0.25
comein888: checks 
*** FLOP *** [8c 8s 8h]
FrAnWaN: checks 
comein888: bets $1
FrAnWaN: folds 
Uncalled bet ($1) returned to comein888
comein888 collected $0.95 from pot
*** SUMMARY ***
Total pot $1 | Rake $0.05 
Board [8c 8s 8h]
Seat 1: FrAnWaN (small blind) folded on the Flop
Seat 2: comein888 (big blind) collected ($0.95)
Seat 3: Alameda22 folded before Flop (didn't bet)
Seat 5: NerfMePlease folded before Flop (didn't bet)
Seat 6: miniroman folded before Flop (didn't bet)
Seat 7: buzz75089 folded before Flop (didn't bet)
Seat 8: Dominate all folded before Flop (didn't bet)
Seat 9: jyaku (button) folded before Flop (didn't bet)



PokerStars Game #20153855813:  Hold'em No Limit ($0.25/$0.50) - 2008/09/04 22:00:46 ET
Table 'Tana II' 9-max Seat #1 is the button
Seat 1: FrAnWaN ($59.40 in chips) 
Seat 2: comein888 ($51.05 in chips) 
Seat 3: Alameda22 ($47.75 in chips) 
Seat 5: NerfMePlease ($53.25 in chips) 
Seat 6: miniroman ($48.90 in chips) 
Seat 7: buzz75089 ($88.30 in chips) 
Seat 8: Dominate all ($49.25 in chips) 
Seat 9: jyaku ($63.30 in chips) 
comein888: posts small blind $0.25
Alameda22: posts big blind $0.50
fernandoagz: sits out 
*** HOLE CARDS ***
Dealt to Alameda22 [2s 4c]
NerfMePlease: raises $1.50 to $2
miniroman: folds 
buzz75089: calls $2
Dominate all: folds 
jyaku: folds 
FrAnWaN: folds 
comein888: folds 
Alameda22: folds 
*** FLOP *** [9h 7d 8c]
NerfMePlease: bets $3
buzz75089: folds 
Uncalled bet ($3) returned to NerfMePlease
NerfMePlease collected $4.55 from pot
NerfMePlease: doesn't show hand 
*** SUMMARY ***
Total pot $4.75 | Rake $0.20 
Board [9h 7d 8c]
Seat 1: FrAnWaN (button) folded before Flop (didn't bet)
Seat 2: comein888 (small blind) folded before Flop
Seat 3: Alameda22 (big blind) folded before Flop
Seat 5: NerfMePlease collected ($4.55)
Seat 6: miniroman folded before Flop (didn't bet)
Seat 7: buzz75089 folded on the Flop
Seat 8: Dominate all folded before Flop (didn't bet)
Seat 9: jyaku folded before Flop (didn't bet)



PokerStars Game #20153880770:  Hold'em No Limit ($0.25/$0.50) - 2008/09/04 22:01:55 ET
Table 'Tana II' 9-max Seat #2 is the button
Seat 1: FrAnWaN ($59.40 in chips) 
Seat 2: comein888 ($50.80 in chips) 
Seat 3: Alameda22 ($47.25 in chips) 
Seat 4: fernandoagz ($10 in chips) 
Seat 5: NerfMePlease ($55.80 in chips) 
Seat 6: miniroman ($48.90 in chips) 
Seat 7: buzz75089 ($86.30 in chips) 
Seat 8: Dominate all ($49.25 in chips) 
Seat 9: jyaku ($63.30 in chips) 
Alameda22: posts small blind $0.25
fernandoagz: posts big blind $0.50
*** HOLE CARDS ***
Dealt to Alameda22 [Jh 8h]
NerfMePlease: raises $1.50 to $2
miniroman: folds 
buzz75089: folds 
Dominate all: folds 
jyaku: folds 
FrAnWaN: folds 
comein888: folds 
buzz75089 is sitting out
Alameda22: folds 
fernandoagz: folds 
Uncalled bet ($1.50) returned to NerfMePlease
NerfMePlease collected $1.25 from pot
NerfMePlease: doesn't show hand 
*** SUMMARY ***
Total pot $1.25 | Rake $0 
Seat 1: FrAnWaN folded before Flop (didn't bet)
Seat 2: comein888 (button) folded before Flop (didn't bet)
Seat 3: Alameda22 (small blind) folded before Flop
Seat 4: fernandoagz (big blind) folded before Flop
Seat 5: NerfMePlease collected ($1.25)
Seat 6: miniroman folded before Flop (didn't bet)
Seat 7: buzz75089 folded before Flop (didn't bet)
Seat 8: Dominate all folded before Flop (didn't bet)
Seat 9: jyaku folded before Flop (didn't bet)



PokerStars Game #20153900664:  Hold'em No Limit ($0.25/$0.50) - 2008/09/04 22:02:50 ET
Table 'Tana II' 9-max Seat #3 is the button
Seat 1: FrAnWaN ($59.40 in chips) 
Seat 2: comein888 ($50.80 in chips) 
Seat 3: Alameda22 ($47 in chips) 
Seat 4: fernandoagz ($9.50 in chips) 
Seat 6: miniroman ($48.90 in chips) 
Seat 8: Dominate all ($49.25 in chips) 
Seat 9: jyaku ($63.30 in chips) 
fernandoagz: posts small blind $0.25
NerfMePlease: is sitting out 
NerfMePlease leaves the table
miniroman: posts big blind $0.50
*** HOLE CARDS ***
Dealt to Alameda22 [7h 5s]
Dominate all: raises $1.50 to $2
jyaku: folds 
FrAnWaN: folds 
comein888: folds 
kelberus joins the table at seat #5 
Alameda22: folds 
fernandoagz: folds 
miniroman: folds 
Uncalled bet ($1.50) returned to Dominate all
Dominate all collected $1.25 from pot
Dominate all: doesn't show hand 
*** SUMMARY ***
Total pot $1.25 | Rake $0 
Seat 1: FrAnWaN folded before Flop (didn't bet)
Seat 2: comein888 folded before Flop (didn't bet)
Seat 3: Alameda22 (button) folded before Flop (didn't bet)
Seat 4: fernandoagz (small blind) folded before Flop
Seat 6: miniroman (big blind) folded before Flop
Seat 8: Dominate all collected ($1.25)
Seat 9: jyaku folded before Flop (didn't bet)



PokerStars Game #20153916104:  Hold'em No Limit ($0.25/$0.50) - 2008/09/04 22:03:33 ET
Table 'Tana II' 9-max Seat #4 is the button
Seat 1: FrAnWaN ($59.40 in chips) 
Seat 2: comein888 ($50.80 in chips) 
Seat 3: Alameda22 ($47 in chips) 
Seat 4: fernandoagz ($9.25 in chips) 
Seat 6: miniroman ($48.40 in chips) 
Seat 8: Dominate all ($50 in chips) 
Seat 9: jyaku ($63.30 in chips) 
kelberus will be allowed to play after the button
miniroman: posts small blind $0.25
Dominate all: posts big blind $0.50
*** HOLE CARDS ***
Dealt to Alameda22 [Th 8c]
jyaku: raises $0.50 to $1
FrAnWaN: folds 
comein888: folds 
Alameda22: folds 
fernandoagz: folds 
miniroman: folds 
Dominate all: folds 
Uncalled bet ($0.50) returned to jyaku
jyaku collected $1.25 from pot
jyaku: doesn't show hand 
*** SUMMARY ***
Total pot $1.25 | Rake $0 
Seat 1: FrAnWaN folded before Flop (didn't bet)
Seat 2: comein888 folded before Flop (didn't bet)
Seat 3: Alameda22 folded before Flop (didn't bet)
Seat 4: fernandoagz (button) folded before Flop (didn't bet)
Seat 6: miniroman (small blind) folded before Flop
Seat 8: Dominate all (big blind) folded before Flop
Seat 9: jyaku collected ($1.25)



PokerStars Game #20153924262:  Hold'em No Limit ($0.25/$0.50) - 2008/09/04 22:03:55 ET
Table 'Tana II' 9-max Seat #6 is the button
Seat 1: FrAnWaN ($59.40 in chips) 
Seat 2: comein888 ($50.80 in chips) 
Seat 3: Alameda22 ($47 in chips) 
Seat 4: fernandoagz ($9.25 in chips) 
Seat 6: miniroman ($48.15 in chips) 
Seat 8: Dominate all ($49.50 in chips) 
Seat 9: jyaku ($64.05 in chips) 
Dominate all: posts small blind $0.25
jyaku: posts big blind $0.50
kelberus: sits out 
*** HOLE CARDS ***
Dealt to Alameda22 [8h 2s]
FrAnWaN: folds 
comein888: folds 
Alameda22: folds 
fernandoagz: folds 
miniroman: folds 
Dominate all: raises $1.50 to $2
jyaku: folds 
Uncalled bet ($1.50) returned to Dominate all
Dominate all collected $1 from pot
Dominate all: doesn't show hand 
*** SUMMARY ***
Total pot $1 | Rake $0 
Seat 1: FrAnWaN folded before Flop (didn't bet)
Seat 2: comein888 folded before Flop (didn't bet)
Seat 3: Alameda22 folded before Flop (didn't bet)
Seat 4: fernandoagz folded before Flop (didn't bet)
Seat 6: miniroman (button) folded before Flop (didn't bet)
Seat 8: Dominate all (small blind) collected ($1)
Seat 9: jyaku (big blind) folded before Flop



PokerStars Game #20153952768:  Hold'em No Limit ($0.25/$0.50) - 2008/09/04 22:05:15 ET
Table 'Tana II' 9-max Seat #8 is the button
Seat 1: FrAnWaN ($59.40 in chips) 
Seat 2: comein888 ($50.80 in chips) 
Seat 3: Alameda22 ($47 in chips) 
Seat 4: fernandoagz ($9.25 in chips) 
Seat 6: miniroman ($48.15 in chips) 
Seat 8: Dominate all ($50 in chips) 
Seat 9: jyaku ($63.55 in chips) 
jyaku: posts small blind $0.25
FrAnWaN: posts big blind $0.50
kelberus: sits out 
*** HOLE CARDS ***
Dealt to Alameda22 [Jd Kh]
comein888: folds 
Alameda22: folds 
fernandoagz: folds 
miniroman: raises $1.50 to $2
Dominate all: folds 
jyaku: folds 
FrAnWaN: raises $5 to $7
miniroman: folds 
Uncalled bet ($5) returned to FrAnWaN
FrAnWaN collected $4.25 from pot
FrAnWaN: doesn't show hand 
*** SUMMARY ***
Total pot $4.25 | Rake $0 
Seat 1: FrAnWaN (big blind) collected ($4.25)
Seat 2: comein888 folded before Flop (didn't bet)
Seat 3: Alameda22 folded before Flop (didn't bet)
Seat 4: fernandoagz folded before Flop (didn't bet)
Seat 6: miniroman folded before Flop
Seat 8: Dominate all (button) folded before Flop (didn't bet)
Seat 9: jyaku (small blind) folded before Flop



PokerStars Game #20153970764:  Hold'em No Limit ($0.25/$0.50) - 2008/09/04 22:06:05 ET
Table 'Tana II' 9-max Seat #9 is the button
Seat 1: FrAnWaN ($61.65 in chips) 
Seat 2: comein888 ($50.80 in chips) 
Seat 3: Alameda22 ($47 in chips) 
Seat 4: fernandoagz ($10 in chips) 
Seat 6: miniroman ($46.15 in chips) 
Seat 8: Dominate all ($50 in chips) 
Seat 9: jyaku ($63.30 in chips) 
FrAnWaN: posts small blind $0.25
comein888: posts big blind $0.50
kelberus: sits out 
*** HOLE CARDS ***
Dealt to Alameda22 [Ad 9d]
Alameda22: folds 
fernandoagz: folds 
miniroman: folds 
Dominate all: folds 
jyaku: folds 
FrAnWaN: folds 
Uncalled bet ($0.25) returned to comein888
comein888 collected $0.50 from pot
*** SUMMARY ***
Total pot $0.50 | Rake $0 
Seat 1: FrAnWaN (small blind) folded before Flop
Seat 2: comein888 (big blind) collected ($0.50)
Seat 3: Alameda22 folded before Flop (didn't bet)
Seat 4: fernandoagz folded before Flop (didn't bet)
Seat 6: miniroman folded before Flop (didn't bet)
Seat 8: Dominate all folded before Flop (didn't bet)
Seat 9: jyaku (button) folded before Flop (didn't bet)



PokerStars Game #20153978048:  Hold'em No Limit ($0.25/$0.50) - 2008/09/04 22:06:25 ET
Table 'Tana II' 9-max Seat #1 is the button
Seat 1: FrAnWaN ($61.40 in chips) 
Seat 2: comein888 ($51.05 in chips) 
Seat 3: Alameda22 ($47 in chips) 
Seat 4: fernandoagz ($10 in chips) 
Seat 6: miniroman ($46.15 in chips) 
Seat 8: Dominate all ($50 in chips) 
Seat 9: jyaku ($63.30 in chips) 
comein888: posts small blind $0.25
Alameda22: posts big blind $0.50
kelberus: sits out 
*** HOLE CARDS ***
Dealt to Alameda22 [4d Td]
fernandoagz: folds 
miniroman: calls $0.50
Dominate all: folds 
jyaku: folds 
FrAnWaN: folds 
comein888: calls $0.25
Alameda22: checks 
*** FLOP *** [7h 7s 9s]
comein888: bets $1.50
Alameda22: folds 
miniroman: folds 
Uncalled bet ($1.50) returned to comein888
comein888 collected $1.45 from pot
*** SUMMARY ***
Total pot $1.50 | Rake $0.05 
Board [7h 7s 9s]
Seat 1: FrAnWaN (button) folded before Flop (didn't bet)
Seat 2: comein888 (small blind) collected ($1.45)
Seat 3: Alameda22 (big blind) folded on the Flop
Seat 4: fernandoagz folded before Flop (didn't bet)
Seat 6: miniroman folded on the Flop
Seat 8: Dominate all folded before Flop (didn't bet)
Seat 9: jyaku folded before Flop (didn't bet)



PokerStars Game #20154001855:  Hold'em No Limit ($0.25/$0.50) - 2008/09/04 22:07:31 ET
Table 'Tana II' 9-max Seat #2 is the button
Seat 1: FrAnWaN ($61.40 in chips) 
Seat 2: comein888 ($52 in chips) 
Seat 3: Alameda22 ($46.50 in chips) 
Seat 4: fernandoagz ($10 in chips) 
Seat 6: miniroman ($45.65 in chips) 
Seat 8: Dominate all ($50 in chips) 
Seat 9: jyaku ($63.30 in chips) 
Alameda22: posts small blind $0.25
fernandoagz: posts big blind $0.50
kelberus: sits out 
*** HOLE CARDS ***
Dealt to Alameda22 [Th Kd]
miniroman: folds 
Dominate all: folds 
jyaku: folds 
FrAnWaN: folds 
comein888: folds 
Alameda22: folds 
Uncalled bet ($0.25) returned to fernandoagz
fernandoagz collected $0.50 from pot
fernandoagz: doesn't show hand 
*** SUMMARY ***
Total pot $0.50 | Rake $0 
Seat 1: FrAnWaN folded before Flop (didn't bet)
Seat 2: comein888 (button) folded before Flop (didn't bet)
Seat 3: Alameda22 (small blind) folded before Flop
Seat 4: fernandoagz (big blind) collected ($0.50)
Seat 6: miniroman folded before Flop (didn't bet)
Seat 8: Dominate all folded before Flop (didn't bet)
Seat 9: jyaku folded before Flop (didn't bet)



PokerStars Game #20154012703:  Hold'em No Limit ($0.25/$0.50) - 2008/09/04 22:08:01 ET
Table 'Tana II' 9-max Seat #3 is the button
Seat 1: FrAnWaN ($61.40 in chips) 
Seat 2: comein888 ($52 in chips) 
Seat 3: Alameda22 ($46.25 in chips) 
Seat 4: fernandoagz ($10.25 in chips) 
Seat 5: kelberus ($50 in chips) 
Seat 6: miniroman ($45.65 in chips) 
Seat 8: Dominate all ($50 in chips) 
Seat 9: jyaku ($63.30 in chips) 
fernandoagz: posts small blind $0.25
kelberus: posts big blind $0.50
*** HOLE CARDS ***
Dealt to Alameda22 [Js Jd]
miniroman: folds 
Dominate all: folds 
jyaku: folds 
FrAnWaN: folds 
comein888: folds 
Alameda22: raises $1.50 to $2
fernandoagz: folds 
kelberus: folds 
Uncalled bet ($1.50) returned to Alameda22
Alameda22 collected $1.25 from pot
Alameda22: doesn't show hand 
*** SUMMARY ***
Total pot $1.25 | Rake $0 
Seat 1: FrAnWaN folded before Flop (didn't bet)
Seat 2: comein888 folded before Flop (didn't bet)
Seat 3: Alameda22 (button) collected ($1.25)
Seat 4: fernandoagz (small blind) folded before Flop
Seat 5: kelberus (big blind) folded before Flop
Seat 6: miniroman folded before Flop (didn't bet)
Seat 8: Dominate all folded before Flop (didn't bet)
Seat 9: jyaku folded before Flop (didn't bet)



PokerStars Game #20154027374:  Hold'em No Limit ($0.25/$0.50) - 2008/09/04 22:08:42 ET
Table 'Tana II' 9-max Seat #4 is the button
Seat 1: FrAnWaN ($61.40 in chips) 
Seat 2: comein888 ($52 in chips) 
Seat 3: Alameda22 ($47 in chips) 
Seat 4: fernandoagz ($10 in chips) 
Seat 5: kelberus ($49.50 in chips) 
Seat 6: miniroman ($45.65 in chips) 
Seat 8: Dominate all ($50 in chips) 
Seat 9: jyaku ($63.30 in chips) 
kelberus: posts small blind $0.25
miniroman: posts big blind $0.50
*** HOLE CARDS ***
Dealt to Alameda22 [Ah 3d]
Dominate all: folds 
jyaku: folds 
FrAnWaN: folds 
comein888: folds 
Alameda22: folds 
fernandoagz: folds 
kelberus: folds 
Uncalled bet ($0.25) returned to miniroman
miniroman collected $0.50 from pot
miniroman: doesn't show hand 
*** SUMMARY ***
Total pot $0.50 | Rake $0 
Seat 1: FrAnWaN folded before Flop (didn't bet)
Seat 2: comein888 folded before Flop (didn't bet)
Seat 3: Alameda22 folded before Flop (didn't bet)
Seat 4: fernandoagz (button) folded before Flop (didn't bet)
Seat 5: kelberus (small blind) folded before Flop
Seat 6: miniroman (big blind) collected ($0.50)
Seat 8: Dominate all folded before Flop (didn't bet)
Seat 9: jyaku folded before Flop (didn't bet)



PokerStars Game #20154043369:  Hold'em No Limit ($0.25/$0.50) - 2008/09/04 22:09:27 ET
Table 'Tana II' 9-max Seat #5 is the button
Seat 1: FrAnWaN ($61.40 in chips) 
Seat 2: comein888 ($52 in chips) 
Seat 3: Alameda22 ($47 in chips) 
Seat 4: fernandoagz ($10 in chips) 
Seat 5: kelberus ($49.25 in chips) 
Seat 6: miniroman ($45.90 in chips) 
Seat 8: Dominate all ($50 in chips) 
Seat 9: jyaku ($63.30 in chips) 
miniroman: posts small blind $0.25
Dominate all: posts big blind $0.50
*** HOLE CARDS ***
Dealt to Alameda22 [5h Tc]
jyaku: folds 
FrAnWaN: folds 
comein888: folds 
Alameda22: folds 
fernandoagz: folds 
kelberus: folds 
miniroman: raises $0.50 to $1
Dominate all: folds 
Uncalled bet ($0.50) returned to miniroman
miniroman collected $1 from pot
miniroman: doesn't show hand 
*** SUMMARY ***
Total pot $1 | Rake $0 
Seat 1: FrAnWaN folded before Flop (didn't bet)
Seat 2: comein888 folded before Flop (didn't bet)
Seat 3: Alameda22 folded before Flop (didn't bet)
Seat 4: fernandoagz folded before Flop (didn't bet)
Seat 5: kelberus (button) folded before Flop (didn't bet)
Seat 6: miniroman (small blind) collected ($1)
Seat 8: Dominate all (big blind) folded before Flop
Seat 9: jyaku folded before Flop (didn't bet)



PokerStars Game #20154063473:  Hold'em No Limit ($0.25/$0.50) - 2008/09/04 22:10:22 ET
Table 'Tana II' 9-max Seat #6 is the button
Seat 1: FrAnWaN ($61.40 in chips) 
Seat 2: comein888 ($52 in chips) 
Seat 3: Alameda22 ($47 in chips) 
Seat 4: fernandoagz ($10 in chips) 
Seat 5: kelberus ($49.25 in chips) 
Seat 6: miniroman ($46.40 in chips) 
Seat 8: Dominate all ($49.50 in chips) 
Seat 9: jyaku ($63.30 in chips) 
Dominate all: posts small blind $0.25
jyaku: posts big blind $0.50
*** HOLE CARDS ***
Dealt to Alameda22 [9c 9d]
FrAnWaN: folds 
comein888: calls $0.50
Alameda22: calls $0.50
fernandoagz: folds 
kelberus: folds 
miniroman: folds 
Dominate all: folds 
jyaku: checks 
*** FLOP *** [Tc 7c 4c]
jyaku: checks 
comein888: checks 
Alameda22: bets $1
jyaku: folds 
comein888: folds 
Uncalled bet ($1) returned to Alameda22
Alameda22 collected $1.70 from pot
Alameda22: doesn't show hand 
*** SUMMARY ***
Total pot $1.75 | Rake $0.05 
Board [Tc 7c 4c]
Seat 1: FrAnWaN folded before Flop (didn't bet)
Seat 2: comein888 folded on the Flop
Seat 3: Alameda22 collected ($1.70)
Seat 4: fernandoagz folded before Flop (didn't bet)
Seat 5: kelberus folded before Flop (didn't bet)
Seat 6: miniroman (button) folded before Flop (didn't bet)
Seat 8: Dominate all (small blind) folded before Flop
Seat 9: jyaku (big blind) folded on the Flop



PokerStars Game #20154092040:  Hold'em No Limit ($0.25/$0.50) - 2008/09/04 22:11:43 ET
Table 'Tana II' 9-max Seat #8 is the button
Seat 1: FrAnWaN ($61.40 in chips) 
Seat 2: comein888 ($51.50 in chips) 
Seat 3: Alameda22 ($48.20 in chips) 
Seat 4: fernandoagz ($10 in chips) 
Seat 5: kelberus ($49.25 in chips) 
Seat 6: miniroman ($46.40 in chips) 
Seat 8: Dominate all ($49.25 in chips) 
Seat 9: jyaku ($62.80 in chips) 
jyaku: posts small blind $0.25
FrAnWaN: posts big blind $0.50
*** HOLE CARDS ***
Dealt to Alameda22 [Ac 7d]
comein888: folds 
Alameda22: folds 
fernandoagz: folds 
kelberus: folds 
miniroman: folds 
Dominate all: folds 
jyaku: calls $0.25
FrAnWaN: raises $2 to $2.50
jyaku: folds 
Uncalled bet ($2) returned to FrAnWaN
FrAnWaN collected $1 from pot
FrAnWaN: doesn't show hand 
*** SUMMARY ***
Total pot $1 | Rake $0 
Seat 1: FrAnWaN (big blind) collected ($1)
Seat 2: comein888 folded before Flop (didn't bet)
Seat 3: Alameda22 folded before Flop (didn't bet)
Seat 4: fernandoagz folded before Flop (didn't bet)
Seat 5: kelberus folded before Flop (didn't bet)
Seat 6: miniroman folded before Flop (didn't bet)
Seat 8: Dominate all (button) folded before Flop (didn't bet)
Seat 9: jyaku (small blind) folded before Flop



PokerStars Game #20154108310:  Hold'em No Limit ($0.25/$0.50) - 2008/09/04 22:12:28 ET
Table 'Tana II' 9-max Seat #9 is the button
Seat 1: FrAnWaN ($61.90 in chips) 
Seat 2: comein888 ($51.50 in chips) 
Seat 3: Alameda22 ($48.20 in chips) 
Seat 4: fernandoagz ($10 in chips) 
Seat 5: kelberus ($49.25 in chips) 
Seat 6: miniroman ($46.40 in chips) 
Seat 8: Dominate all ($49.25 in chips) 
Seat 9: jyaku ($62.30 in chips) 
FrAnWaN: posts small blind $0.25
comein888: posts big blind $0.50
*** HOLE CARDS ***
Dealt to Alameda22 [2s 5c]
Alameda22: folds 
fernandoagz: folds 
kelberus: folds 
miniroman: folds 
Dominate all: folds 
jyaku: folds 
FrAnWaN: calls $0.25
comein888: raises $2 to $2.50
FrAnWaN: calls $2
*** FLOP *** [6s 8c 7c]
FrAnWaN: checks 
comein888: bets $3
FrAnWaN: folds 
Uncalled bet ($3) returned to comein888
comein888 collected $4.75 from pot
*** SUMMARY ***
Total pot $5 | Rake $0.25 
Board [6s 8c 7c]
Seat 1: FrAnWaN (small blind) folded on the Flop
Seat 2: comein888 (big blind) collected ($4.75)
Seat 3: Alameda22 folded before Flop (didn't bet)
Seat 4: fernandoagz folded before Flop (didn't bet)
Seat 5: kelberus folded before Flop (didn't bet)
Seat 6: miniroman folded before Flop (didn't bet)
Seat 8: Dominate all folded before Flop (didn't bet)
Seat 9: jyaku (button) folded before Flop (didn't bet)



PokerStars Game #20154133711:  Hold'em No Limit ($0.25/$0.50) - 2008/09/04 22:13:40 ET
Table 'Tana II' 9-max Seat #1 is the button
Seat 1: FrAnWaN ($59.40 in chips) 
Seat 2: comein888 ($53.75 in chips) 
Seat 3: Alameda22 ($48.20 in chips) 
Seat 4: fernandoagz ($10 in chips) 
Seat 5: kelberus ($49.25 in chips) 
Seat 6: miniroman ($46.40 in chips) 
Seat 8: Dominate all ($49.25 in chips) 
Seat 9: jyaku ($62.30 in chips) 
comein888: posts small blind $0.25
Alameda22: posts big blind $0.50
*** HOLE CARDS ***
Dealt to Alameda22 [Jh 5d]
fernandoagz: folds 
kelberus: folds 
fernandoagz leaves the table
miniroman: folds 
Dominate all: raises $1.50 to $2
dwq2300 joins the table at seat #4 
dwq2300 is sitting out
jyaku: folds 
FrAnWaN: folds 
comein888: folds 
Alameda22: folds 
Uncalled bet ($1.50) returned to Dominate all
Dominate all collected $1.25 from pot
Dominate all: doesn't show hand 
*** SUMMARY ***
Total pot $1.25 | Rake $0 
Seat 1: FrAnWaN (button) folded before Flop (didn't bet)
Seat 2: comein888 (small blind) folded before Flop
Seat 3: Alameda22 (big blind) folded before Flop
Seat 4: fernandoagz folded before Flop (didn't bet)
Seat 5: kelberus folded before Flop (didn't bet)
Seat 6: miniroman folded before Flop (didn't bet)
Seat 8: Dominate all collected ($1.25)
Seat 9: jyaku folded before Flop (didn't bet)



PokerStars Game #20154154831:  Hold'em No Limit ($0.25/$0.50) - 2008/09/04 22:14:38 ET
Table 'Tana II' 9-max Seat #2 is the button
Seat 1: FrAnWaN ($59.40 in chips) 
Seat 2: comein888 ($53.50 in chips) 
Seat 3: Alameda22 ($47.70 in chips) 
Seat 5: kelberus ($49.25 in chips) 
Seat 6: miniroman ($46.40 in chips) 
Seat 8: Dominate all ($50 in chips) 
Seat 9: jyaku ($62.30 in chips) 
Alameda22: posts small blind $0.25
kelberus: posts big blind $0.50
*** HOLE CARDS ***
Dealt to Alameda22 [5d 8h]
miniroman: folds 
Dominate all: folds 
jyaku: folds 
FrAnWaN: folds 
comein888: folds 
Alameda22: folds 
Uncalled bet ($0.25) returned to kelberus
kelberus collected $0.50 from pot
kelberus: doesn't show hand 
*** SUMMARY ***
Total pot $0.50 | Rake $0 
Seat 1: FrAnWaN folded before Flop (didn't bet)
Seat 2: comein888 (button) folded before Flop (didn't bet)
Seat 3: Alameda22 (small blind) folded before Flop
Seat 5: kelberus (big blind) collected ($0.50)
Seat 6: miniroman folded before Flop (didn't bet)
Seat 8: Dominate all folded before Flop (didn't bet)
Seat 9: jyaku folded before Flop (didn't bet)



PokerStars Game #20154163813:  Hold'em No Limit ($0.25/$0.50) - 2008/09/04 22:15:03 ET
Table 'Tana II' 9-max Seat #3 is the button
Seat 1: FrAnWaN ($59.40 in chips) 
Seat 2: comein888 ($53.50 in chips) 
Seat 3: Alameda22 ($47.45 in chips) 
Seat 5: kelberus ($49.50 in chips) 
Seat 6: miniroman ($46.40 in chips) 
Seat 8: Dominate all ($50 in chips) 
Seat 9: jyaku ($62.30 in chips) 
kelberus: posts small blind $0.25
miniroman: posts big blind $0.50
*** HOLE CARDS ***
Dealt to Alameda22 [3h Ad]
Dominate all: folds 
jyaku: folds 
FrAnWaN: folds 
comein888: calls $0.50
Alameda22: folds 
kelberus: folds 
miniroman: checks 
*** FLOP *** [2s Ah 6d]
miniroman: bets $0.50
comein888: folds 
Uncalled bet ($0.50) returned to miniroman
miniroman collected $1.20 from pot
miniroman: doesn't show hand 
buzz75089 has returned
*** SUMMARY ***
Total pot $1.25 | Rake $0.05 
Board [2s Ah 6d]
Seat 1: FrAnWaN folded before Flop (didn't bet)
Seat 2: comein888 folded on the Flop
Seat 3: Alameda22 (button) folded before Flop (didn't bet)
Seat 5: kelberus (small blind) folded before Flop
Seat 6: miniroman (big blind) collected ($1.20)
Seat 8: Dominate all folded before Flop (didn't bet)
Seat 9: jyaku folded before Flop (didn't bet)



PokerStars Game #20154184942:  Hold'em No Limit ($0.25/$0.50) - 2008/09/04 22:16:03 ET
Table 'Tana II' 9-max Seat #5 is the button
Seat 1: FrAnWaN ($59.40 in chips) 
Seat 2: comein888 ($53 in chips) 
Seat 3: Alameda22 ($47.45 in chips) 
Seat 5: kelberus ($49.25 in chips) 
Seat 6: miniroman ($47.10 in chips) 
Seat 7: buzz75089 ($86.30 in chips) 
Seat 8: Dominate all ($50 in chips) 
Seat 9: jyaku ($62.30 in chips) 
miniroman: posts small blind $0.25
buzz75089: posts big blind $0.50
*** HOLE CARDS ***
Dealt to Alameda22 [6s 9d]
Dominate all: folds 
jyaku: folds 
FrAnWaN: folds 
comein888: folds 
Alameda22: folds 
kelberus: folds 
miniroman: raises $0.50 to $1
buzz75089: folds 
Uncalled bet ($0.50) returned to miniroman
miniroman collected $1 from pot
miniroman: doesn't show hand 
*** SUMMARY ***
Total pot $1 | Rake $0 
Seat 1: FrAnWaN folded before Flop (didn't bet)
Seat 2: comein888 folded before Flop (didn't bet)
Seat 3: Alameda22 folded before Flop (didn't bet)
Seat 5: kelberus (button) folded before Flop (didn't bet)
Seat 6: miniroman (small blind) collected ($1)
Seat 7: buzz75089 (big blind) folded before Flop
Seat 8: Dominate all folded before Flop (didn't bet)
Seat 9: jyaku folded before Flop (didn't bet)



PokerStars Game #20154196821:  Hold'em No Limit ($0.25/$0.50) - 2008/09/04 22:16:36 ET
Table 'Tana II' 9-max Seat #6 is the button
Seat 1: FrAnWaN ($59.40 in chips) 
Seat 2: comein888 ($53 in chips) 
Seat 3: Alameda22 ($47.45 in chips) 
Seat 5: kelberus ($49.25 in chips) 
Seat 6: miniroman ($47.60 in chips) 
Seat 7: buzz75089 ($85.80 in chips) 
Seat 8: Dominate all ($50 in chips) 
Seat 9: jyaku ($62.30 in chips) 
buzz75089: posts small blind $0.25
Dominate all: posts big blind $0.50
*** HOLE CARDS ***
Dealt to Alameda22 [6h 3c]
jyaku: raises $0.50 to $1
FrAnWaN: folds 
comein888: folds 
Alameda22: folds 
kelberus: calls $1
miniroman: folds 
buzz75089: folds 
Dominate all: folds 
*** FLOP *** [Ts 4h 3s]
jyaku: bets $2
kelberus: calls $2
*** TURN *** [Ts 4h 3s] [2c]
jyaku: bets $4.50
kelberus: calls $4.50
*** RIVER *** [Ts 4h 3s 2c] [6c]
jyaku: checks 
kelberus: checks 
*** SHOW DOWN ***
jyaku: shows [As Ad] (a pair of Aces)
kelberus: mucks hand 
jyaku collected $15 from pot
*** SUMMARY ***
Total pot $15.75 | Rake $0.75 
Board [Ts 4h 3s 2c 6c]
Seat 1: FrAnWaN folded before Flop (didn't bet)
Seat 2: comein888 folded before Flop (didn't bet)
Seat 3: Alameda22 folded before Flop (didn't bet)
Seat 5: kelberus mucked [Qc Qd]
Seat 6: miniroman (button) folded before Flop (didn't bet)
Seat 7: buzz75089 (small blind) folded before Flop
Seat 8: Dominate all (big blind) folded before Flop
Seat 9: jyaku showed [As Ad] and won ($15) with a pair of Aces



PokerStars Game #20154229400:  Hold'em No Limit ($0.25/$0.50) - 2008/09/04 22:18:08 ET
Table 'Tana II' 9-max Seat #7 is the button
Seat 1: FrAnWaN ($59.40 in chips) 
Seat 2: comein888 ($53 in chips) 
Seat 3: Alameda22 ($47.45 in chips) 
Seat 5: kelberus ($41.75 in chips) 
Seat 6: miniroman ($47.60 in chips) 
Seat 7: buzz75089 ($85.55 in chips) 
Seat 8: Dominate all ($49.50 in chips) 
Seat 9: jyaku ($69.80 in chips) 
Dominate all: posts small blind $0.25
jyaku: posts big blind $0.50
*** HOLE CARDS ***
Dealt to Alameda22 [9d Kh]
FrAnWaN: folds 
comein888: folds 
Alameda22: folds 
kelberus: folds 
miniroman: raises $0.50 to $1
buzz75089: folds 
Dominate all: folds 
jyaku: folds 
Uncalled bet ($0.50) returned to miniroman
miniroman collected $1.25 from pot
miniroman: doesn't show hand 
*** SUMMARY ***
Total pot $1.25 | Rake $0 
Seat 1: FrAnWaN folded before Flop (didn't bet)
Seat 2: comein888 folded before Flop (didn't bet)
Seat 3: Alameda22 folded before Flop (didn't bet)
Seat 5: kelberus folded before Flop (didn't bet)
Seat 6: miniroman collected ($1.25)
Seat 7: buzz75089 (button) folded before Flop (didn't bet)
Seat 8: Dominate all (small blind) folded before Flop
Seat 9: jyaku (big blind) folded before Flop



PokerStars Game #20154239265:  Hold'em No Limit ($0.25/$0.50) - 2008/09/04 22:18:35 ET
Table 'Tana II' 9-max Seat #8 is the button
Seat 1: FrAnWaN ($59.40 in chips) 
Seat 2: comein888 ($53 in chips) 
Seat 3: Alameda22 ($47.45 in chips) 
Seat 5: kelberus ($50 in chips) 
Seat 6: miniroman ($48.35 in chips) 
Seat 7: buzz75089 ($85.55 in chips) 
Seat 8: Dominate all ($49.25 in chips) 
Seat 9: jyaku ($69.30 in chips) 
jyaku: posts small blind $0.25
FrAnWaN: posts big blind $0.50
*** HOLE CARDS ***
Dealt to Alameda22 [Ah 7c]
comein888: folds 
Alameda22: folds 
kelberus: folds 
miniroman: folds 
buzz75089: raises $1 to $1.50
Dominate all: folds 
jyaku: folds 
FrAnWaN: folds 
Uncalled bet ($1) returned to buzz75089
buzz75089 collected $1.25 from pot
*** SUMMARY ***
Total pot $1.25 | Rake $0 
Seat 1: FrAnWaN (big blind) folded before Flop
Seat 2: comein888 folded before Flop (didn't bet)
Seat 3: Alameda22 folded before Flop (didn't bet)
Seat 5: kelberus folded before Flop (didn't bet)
Seat 6: miniroman folded before Flop (didn't bet)
Seat 7: buzz75089 collected ($1.25)
Seat 8: Dominate all (button) folded before Flop (didn't bet)
Seat 9: jyaku (small blind) folded before Flop



PokerStars Game #20154260408:  Hold'em No Limit ($0.25/$0.50) - 2008/09/04 22:19:34 ET
Table 'Tana II' 9-max Seat #9 is the button
Seat 1: FrAnWaN ($58.90 in chips) 
Seat 2: comein888 ($53 in chips) 
Seat 3: Alameda22 ($47.45 in chips) 
Seat 5: kelberus ($50 in chips) 
Seat 6: miniroman ($48.35 in chips) 
Seat 7: buzz75089 ($86.30 in chips) 
Seat 8: Dominate all ($49.25 in chips) 
Seat 9: jyaku ($69.05 in chips) 
FrAnWaN: posts small blind $0.25
comein888: posts big blind $0.50
*** HOLE CARDS ***
Dealt to Alameda22 [6c Tc]
Alameda22: folds 
kelberus: folds 
miniroman: folds 
buzz75089: raises $1 to $1.50
Dominate all: folds 
jyaku: folds 
FrAnWaN: calls $1.25
comein888: folds 
*** FLOP *** [Ts Qd 7c]
FrAnWaN: checks 
buzz75089: checks 
*** TURN *** [Ts Qd 7c] [Jc]
FrAnWaN: checks 
buzz75089: bets $3
FrAnWaN: folds 
Uncalled bet ($3) returned to buzz75089
buzz75089 collected $3.35 from pot
*** SUMMARY ***
Total pot $3.50 | Rake $0.15 
Board [Ts Qd 7c Jc]
Seat 1: FrAnWaN (small blind) folded on the Turn
Seat 2: comein888 (big blind) folded before Flop
Seat 3: Alameda22 folded before Flop (didn't bet)
Seat 5: kelberus folded before Flop (didn't bet)
Seat 6: miniroman folded before Flop (didn't bet)
Seat 7: buzz75089 collected ($3.35)
Seat 8: Dominate all folded before Flop (didn't bet)
Seat 9: jyaku (button) folded before Flop (didn't bet)



PokerStars Game #20154282093:  Hold'em No Limit ($0.25/$0.50) - 2008/09/04 22:20:35 ET
Table 'Tana II' 9-max Seat #1 is the button
Seat 1: FrAnWaN ($57.40 in chips) 
Seat 2: comein888 ($52.50 in chips) 
Seat 3: Alameda22 ($47.45 in chips) 
Seat 5: kelberus ($50 in chips) 
Seat 6: miniroman ($48.35 in chips) 
Seat 7: buzz75089 ($88.15 in chips) 
Seat 8: Dominate all ($49.25 in chips) 
Seat 9: jyaku ($69.05 in chips) 
comein888: posts small blind $0.25
Alameda22: posts big blind $0.50
*** HOLE CARDS ***
Dealt to Alameda22 [Qs 4s]
kelberus: folds 
miniroman: folds 
buzz75089: folds 
Dominate all: folds 
jyaku: folds 
FrAnWaN: folds 
comein888: folds 
Uncalled bet ($0.25) returned to Alameda22
Alameda22 collected $0.50 from pot
Alameda22: doesn't show hand 
*** SUMMARY ***
Total pot $0.50 | Rake $0 
Seat 1: FrAnWaN (button) folded before Flop (didn't bet)
Seat 2: comein888 (small blind) folded before Flop
Seat 3: Alameda22 (big blind) collected ($0.50)
Seat 5: kelberus folded before Flop (didn't bet)
Seat 6: miniroman folded before Flop (didn't bet)
Seat 7: buzz75089 folded before Flop (didn't bet)
Seat 8: Dominate all folded before Flop (didn't bet)
Seat 9: jyaku folded before Flop (didn't bet)



PokerStars Game #20154294736:  Hold'em No Limit ($0.25/$0.50) - 2008/09/04 22:21:10 ET
Table 'Tana II' 9-max Seat #2 is the button
Seat 1: FrAnWaN ($57.40 in chips) 
Seat 2: comein888 ($52.25 in chips) 
Seat 3: Alameda22 ($47.70 in chips) 
Seat 5: kelberus ($50 in chips) 
Seat 6: miniroman ($48.35 in chips) 
Seat 7: buzz75089 ($88.15 in chips) 
Seat 8: Dominate all ($49.25 in chips) 
Seat 9: jyaku ($69.05 in chips) 
Alameda22: posts small blind $0.25
kelberus: posts big blind $0.50
*** HOLE CARDS ***
Dealt to Alameda22 [4c 5h]
miniroman: raises $0.50 to $1
buzz75089: folds 
Dominate all: folds 
jyaku: raises $2.50 to $3.50
FrAnWaN: calls $3.50
comein888: folds 
Alameda22: folds 
kelberus: folds 
miniroman: raises $44.85 to $48.35 and is all-in
jyaku: folds 
FrAnWaN: folds 
Uncalled bet ($44.85) returned to miniroman
miniroman collected $11.25 from pot
miniroman: doesn't show hand 
*** SUMMARY ***
Total pot $11.25 | Rake $0 
Seat 1: FrAnWaN folded before Flop
Seat 2: comein888 (button) folded before Flop (didn't bet)
Seat 3: Alameda22 (small blind) folded before Flop
Seat 5: kelberus (big blind) folded before Flop
Seat 6: miniroman collected ($11.25)
Seat 7: buzz75089 folded before Flop (didn't bet)
Seat 8: Dominate all folded before Flop (didn't bet)
Seat 9: jyaku folded before Flop



PokerStars Game #20154330930:  Hold'em No Limit ($0.25/$0.50) - 2008/09/04 22:22:51 ET
Table 'Tana II' 9-max Seat #3 is the button
Seat 1: FrAnWaN ($53.90 in chips) 
Seat 2: comein888 ($52.25 in chips) 
Seat 3: Alameda22 ($47.45 in chips) 
Seat 5: kelberus ($49.50 in chips) 
Seat 6: miniroman ($56.10 in chips) 
Seat 7: buzz75089 ($88.15 in chips) 
Seat 8: Dominate all ($49.25 in chips) 
Seat 9: jyaku ($65.55 in chips) 
kelberus: posts small blind $0.25
miniroman: posts big blind $0.50
*** HOLE CARDS ***
Dealt to Alameda22 [6h Kd]
buzz75089: folds 
Dominate all: raises $1.50 to $2
jyaku: folds 
FrAnWaN: raises $5 to $7
comein888: folds 
Alameda22: folds 
kelberus: folds 
miniroman: folds 
Dominate all: folds 
Uncalled bet ($5) returned to FrAnWaN
FrAnWaN collected $4.75 from pot
FrAnWaN: doesn't show hand 
*** SUMMARY ***
Total pot $4.75 | Rake $0 
Seat 1: FrAnWaN collected ($4.75)
Seat 2: comein888 folded before Flop (didn't bet)
Seat 3: Alameda22 (button) folded before Flop (didn't bet)
Seat 5: kelberus (small blind) folded before Flop
Seat 6: miniroman (big blind) folded before Flop
Seat 7: buzz75089 folded before Flop (didn't bet)
Seat 8: Dominate all folded before Flop
Seat 9: jyaku folded before Flop (didn't bet)



PokerStars Game #20154353399:  Hold'em No Limit ($0.25/$0.50) - 2008/09/04 22:23:56 ET
Table 'Tana II' 9-max Seat #5 is the button
Seat 1: FrAnWaN ($56.65 in chips) 
Seat 2: comein888 ($52.25 in chips) 
Seat 3: Alameda22 ($47.45 in chips) 
Seat 5: kelberus ($49.25 in chips) 
Seat 6: miniroman ($55.60 in chips) 
Seat 7: buzz75089 ($88.15 in chips) 
Seat 8: Dominate all ($50 in chips) 
Seat 9: jyaku ($65.55 in chips) 
miniroman: posts small blind $0.25
buzz75089: posts big blind $0.50
*** HOLE CARDS ***
Dealt to Alameda22 [5h 6h]
Dominate all: folds 
jyaku: folds 
FrAnWaN: folds 
comein888: folds 
Alameda22: folds 
kelberus: folds 
miniroman: folds 
Uncalled bet ($0.25) returned to buzz75089
buzz75089 collected $0.50 from pot
*** SUMMARY ***
Total pot $0.50 | Rake $0 
Seat 1: FrAnWaN folded before Flop (didn't bet)
Seat 2: comein888 folded before Flop (didn't bet)
Seat 3: Alameda22 folded before Flop (didn't bet)
Seat 5: kelberus (button) folded before Flop (didn't bet)
Seat 6: miniroman (small blind) folded before Flop
Seat 7: buzz75089 (big blind) collected ($0.50)
Seat 8: Dominate all folded before Flop (didn't bet)
Seat 9: jyaku folded before Flop (didn't bet)



PokerStars Game #20154368307:  Hold'em No Limit ($0.25/$0.50) - 2008/09/04 22:24:38 ET
Table 'Tana II' 9-max Seat #6 is the button
Seat 1: FrAnWaN ($56.65 in chips) 
Seat 2: comein888 ($52.25 in chips) 
Seat 3: Alameda22 ($47.45 in chips) 
Seat 5: kelberus ($49.25 in chips) 
Seat 6: miniroman ($55.35 in chips) 
Seat 7: buzz75089 ($88.40 in chips) 
Seat 8: Dominate all ($50 in chips) 
Seat 9: jyaku ($65.55 in chips) 
buzz75089: posts small blind $0.25
Dominate all: posts big blind $0.50
*** HOLE CARDS ***
Dealt to Alameda22 [Ac 9c]
jyaku: folds 
FrAnWaN: folds 
comein888: calls $0.50
Alameda22: folds 
kelberus: folds 
miniroman: folds 
buzz75089: calls $0.25
Dominate all: checks 
*** FLOP *** [As 6c Th]
buzz75089: bets $1
Dominate all: folds 
comein888: folds 
Uncalled bet ($1) returned to buzz75089
buzz75089 collected $1.45 from pot
*** SUMMARY ***
Total pot $1.50 | Rake $0.05 
Board [As 6c Th]
Seat 1: FrAnWaN folded before Flop (didn't bet)
Seat 2: comein888 folded on the Flop
Seat 3: Alameda22 folded before Flop (didn't bet)
Seat 5: kelberus folded before Flop (didn't bet)
Seat 6: miniroman (button) folded before Flop (didn't bet)
Seat 7: buzz75089 (small blind) collected ($1.45)
Seat 8: Dominate all (big blind) folded on the Flop
Seat 9: jyaku folded before Flop (didn't bet)



PokerStars Game #20154386586:  Hold'em No Limit ($0.25/$0.50) - 2008/09/04 22:25:29 ET
Table 'Tana II' 9-max Seat #7 is the button
Seat 1: FrAnWaN ($56.65 in chips) 
Seat 2: comein888 ($51.75 in chips) 
Seat 3: Alameda22 ($47.45 in chips) 
Seat 5: kelberus ($49.25 in chips) 
Seat 6: miniroman ($55.35 in chips) 
Seat 7: buzz75089 ($89.35 in chips) 
Seat 8: Dominate all ($49.50 in chips) 
Seat 9: jyaku ($65.55 in chips) 
Dominate all: posts small blind $0.25
jyaku: posts big blind $0.50
*** HOLE CARDS ***
Dealt to Alameda22 [9d 7s]
FrAnWaN: folds 
comein888: folds 
Alameda22: folds 
kelberus: folds 
miniroman: folds 
buzz75089: folds 
Dominate all: folds 
Uncalled bet ($0.25) returned to jyaku
jyaku collected $0.50 from pot
jyaku: doesn't show hand 
*** SUMMARY ***
Total pot $0.50 | Rake $0 
Seat 1: FrAnWaN folded before Flop (didn't bet)
Seat 2: comein888 folded before Flop (didn't bet)
Seat 3: Alameda22 folded before Flop (didn't bet)
Seat 5: kelberus folded before Flop (didn't bet)
Seat 6: miniroman folded before Flop (didn't bet)
Seat 7: buzz75089 (button) folded before Flop (didn't bet)
Seat 8: Dominate all (small blind) folded before Flop
Seat 9: jyaku (big blind) collected ($0.50)



PokerStars Game #20154411689:  Hold'em No Limit ($0.25/$0.50) - 2008/09/04 22:26:40 ET
Table 'Tana II' 9-max Seat #8 is the button
Seat 1: FrAnWaN ($56.65 in chips) 
Seat 2: comein888 ($51.75 in chips) 
Seat 3: Alameda22 ($47.45 in chips) 
Seat 5: kelberus ($49.25 in chips) 
Seat 6: miniroman ($55.35 in chips) 
Seat 7: buzz75089 ($89.35 in chips) 
Seat 8: Dominate all ($49.25 in chips) 
Seat 9: jyaku ($65.80 in chips) 
jyaku: posts small blind $0.25
FrAnWaN: posts big blind $0.50
*** HOLE CARDS ***
Dealt to Alameda22 [3h 2c]
comein888: folds 
Alameda22: folds 
kelberus: folds 
miniroman: folds 
buzz75089: raises $1.50 to $2
Dominate all: folds 
jyaku: folds 
FrAnWaN: folds 
Uncalled bet ($1.50) returned to buzz75089
buzz75089 collected $1.25 from pot
*** SUMMARY ***
Total pot $1.25 | Rake $0 
Seat 1: FrAnWaN (big blind) folded before Flop
Seat 2: comein888 folded before Flop (didn't bet)
Seat 3: Alameda22 folded before Flop (didn't bet)
Seat 5: kelberus folded before Flop (didn't bet)
Seat 6: miniroman folded before Flop (didn't bet)
Seat 7: buzz75089 collected ($1.25)
Seat 8: Dominate all (button) folded before Flop (didn't bet)
Seat 9: jyaku (small blind) folded before Flop



PokerStars Game #20154424524:  Hold'em No Limit ($0.25/$0.50) - 2008/09/04 22:27:16 ET
Table 'Tana II' 9-max Seat #9 is the button
Seat 1: FrAnWaN ($56.15 in chips) 
Seat 2: comein888 ($51.75 in chips) 
Seat 3: Alameda22 ($47.45 in chips) 
Seat 5: kelberus ($49.25 in chips) 
Seat 6: miniroman ($55.35 in chips) 
Seat 7: buzz75089 ($90.10 in chips) 
Seat 8: Dominate all ($49.25 in chips) 
Seat 9: jyaku ($65.55 in chips) 
FrAnWaN: posts small blind $0.25
comein888: posts big blind $0.50
*** HOLE CARDS ***
Dealt to Alameda22 [4c 9h]
Alameda22: folds 
kelberus: folds 
miniroman: folds 
buzz75089: folds 
Dominate all: folds 
jyaku: raises $0.50 to $1
FrAnWaN: folds 
comein888: folds 
Uncalled bet ($0.50) returned to jyaku
jyaku collected $1.25 from pot
jyaku: doesn't show hand 
*** SUMMARY ***
Total pot $1.25 | Rake $0 
Seat 1: FrAnWaN (small blind) folded before Flop
Seat 2: comein888 (big blind) folded before Flop
Seat 3: Alameda22 folded before Flop (didn't bet)
Seat 5: kelberus folded before Flop (didn't bet)
Seat 6: miniroman folded before Flop (didn't bet)
Seat 7: buzz75089 folded before Flop (didn't bet)
Seat 8: Dominate all folded before Flop (didn't bet)
Seat 9: jyaku (button) collected ($1.25)



PokerStars Game #20154442082:  Hold'em No Limit ($0.25/$0.50) - 2008/09/04 22:28:06 ET
Table 'Tana II' 9-max Seat #1 is the button
Seat 1: FrAnWaN ($55.90 in chips) 
Seat 2: comein888 ($51.25 in chips) 
Seat 3: Alameda22 ($47.45 in chips) 
Seat 5: kelberus ($49.25 in chips) 
Seat 6: miniroman ($55.35 in chips) 
Seat 7: buzz75089 ($90.10 in chips) 
Seat 8: Dominate all ($49.25 in chips) 
Seat 9: jyaku ($66.30 in chips) 
comein888: posts small blind $0.25
Alameda22: posts big blind $0.50
*** HOLE CARDS ***
Dealt to Alameda22 [6s Js]
kelberus: folds 
miniroman: folds 
buzz75089: folds 
Dominate all: folds 
jyaku: folds 
FrAnWaN: folds 
comein888: calls $0.25
Alameda22: checks 
*** FLOP *** [Th 5d 4c]
comein888: checks 
Alameda22: checks 
*** TURN *** [Th 5d 4c] [Ah]
comein888: bets $1.50
Alameda22: folds 
Uncalled bet ($1.50) returned to comein888
comein888 collected $0.95 from pot
*** SUMMARY ***
Total pot $1 | Rake $0.05 
Board [Th 5d 4c Ah]
Seat 1: FrAnWaN (button) folded before Flop (didn't bet)
Seat 2: comein888 (small blind) collected ($0.95)
Seat 3: Alameda22 (big blind) folded on the Turn
Seat 5: kelberus folded before Flop (didn't bet)
Seat 6: miniroman folded before Flop (didn't bet)
Seat 7: buzz75089 folded before Flop (didn't bet)
Seat 8: Dominate all folded before Flop (didn't bet)
Seat 9: jyaku folded before Flop (didn't bet)



PokerStars Game #20154468598:  Hold'em No Limit ($0.25/$0.50) - 2008/09/04 22:29:21 ET
Table 'Tana II' 9-max Seat #2 is the button
Seat 1: FrAnWaN ($55.90 in chips) 
Seat 2: comein888 ($51.70 in chips) 
Seat 3: Alameda22 ($46.95 in chips) 
Seat 5: kelberus ($49.25 in chips) 
Seat 6: miniroman ($55.35 in chips) 
Seat 7: buzz75089 ($90.10 in chips) 
Seat 8: Dominate all ($49.25 in chips) 
Seat 9: jyaku ($66.30 in chips) 
Alameda22: posts small blind $0.25
kelberus: posts big blind $0.50
*** HOLE CARDS ***
Dealt to Alameda22 [Ks 9d]
miniroman: raises $0.50 to $1
buzz75089: raises $2 to $3
Dominate all: folds 
jyaku: folds 
FrAnWaN: calls $3
comein888: folds 
Alameda22: folds 
kelberus: folds 
miniroman: calls $2
*** FLOP *** [6c Kh As]
miniroman: checks 
buzz75089: bets $5.50
FrAnWaN: folds 
miniroman: folds 
Uncalled bet ($5.50) returned to buzz75089
buzz75089 collected $9.30 from pot
*** SUMMARY ***
Total pot $9.75 | Rake $0.45 
Board [6c Kh As]
Seat 1: FrAnWaN folded on the Flop
Seat 2: comein888 (button) folded before Flop (didn't bet)
Seat 3: Alameda22 (small blind) folded before Flop
Seat 5: kelberus (big blind) folded before Flop
Seat 6: miniroman folded on the Flop
Seat 7: buzz75089 collected ($9.30)
Seat 8: Dominate all folded before Flop (didn't bet)
Seat 9: jyaku folded before Flop (didn't bet)



PokerStars Game #20154495374:  Hold'em No Limit ($0.25/$0.50) - 2008/09/04 22:30:36 ET
Table 'Tana II' 9-max Seat #3 is the button
Seat 1: FrAnWaN ($52.90 in chips) 
Seat 2: comein888 ($51.70 in chips) 
Seat 3: Alameda22 ($46.70 in chips) 
Seat 5: kelberus ($48.75 in chips) 
Seat 6: miniroman ($52.35 in chips) 
Seat 7: buzz75089 ($96.40 in chips) 
Seat 8: Dominate all ($49.25 in chips) 
Seat 9: jyaku ($66.30 in chips) 
kelberus: posts small blind $0.25
miniroman: posts big blind $0.50
*** HOLE CARDS ***
Dealt to Alameda22 [Tc 5c]
buzz75089: raises $1.50 to $2
Dominate all: folds 
jyaku: folds 
FrAnWaN: folds 
comein888: folds 
Alameda22: folds 
kelberus: folds 
miniroman: folds 
Uncalled bet ($1.50) returned to buzz75089
buzz75089 collected $1.25 from pot
*** SUMMARY ***
Total pot $1.25 | Rake $0 
Seat 1: FrAnWaN folded before Flop (didn't bet)
Seat 2: comein888 folded before Flop (didn't bet)
Seat 3: Alameda22 (button) folded before Flop (didn't bet)
Seat 5: kelberus (small blind) folded before Flop
Seat 6: miniroman (big blind) folded before Flop
Seat 7: buzz75089 collected ($1.25)
Seat 8: Dominate all folded before Flop (didn't bet)
Seat 9: jyaku folded before Flop (didn't bet)



PokerStars Game #20154508638:  Hold'em No Limit ($0.25/$0.50) - 2008/09/04 22:31:10 ET
Table 'Tana II' 9-max Seat #5 is the button
Seat 1: FrAnWaN ($52.90 in chips) 
Seat 2: comein888 ($51.70 in chips) 
Seat 3: Alameda22 ($46.70 in chips) 
Seat 5: kelberus ($48.50 in chips) 
Seat 6: miniroman ($51.85 in chips) 
Seat 7: buzz75089 ($97.15 in chips) 
Seat 8: Dominate all ($49.25 in chips) 
Seat 9: jyaku ($66.30 in chips) 
miniroman: posts small blind $0.25
buzz75089: posts big blind $0.50
*** HOLE CARDS ***
Dealt to Alameda22 [8d 2s]
Dominate all: raises $1.50 to $2
jyaku: folds 
FrAnWaN: folds 
comein888: folds 
Alameda22: folds 
kelberus: folds 
miniroman: folds 
buzz75089: folds 
Uncalled bet ($1.50) returned to Dominate all
Dominate all collected $1.25 from pot
Dominate all: doesn't show hand 
*** SUMMARY ***
Total pot $1.25 | Rake $0 
Seat 1: FrAnWaN folded before Flop (didn't bet)
Seat 2: comein888 folded before Flop (didn't bet)
Seat 3: Alameda22 folded before Flop (didn't bet)
Seat 5: kelberus (button) folded before Flop (didn't bet)
Seat 6: miniroman (small blind) folded before Flop
Seat 7: buzz75089 (big blind) folded before Flop
Seat 8: Dominate all collected ($1.25)
Seat 9: jyaku folded before Flop (didn't bet)



PokerStars Game #20154522125:  Hold'em No Limit ($0.25/$0.50) - 2008/09/04 22:31:47 ET
Table 'Tana II' 9-max Seat #6 is the button
Seat 1: FrAnWaN ($52.90 in chips) 
Seat 2: comein888 ($51.70 in chips) 
Seat 3: Alameda22 ($46.70 in chips) 
Seat 5: kelberus ($48.50 in chips) 
Seat 6: miniroman ($51.60 in chips) 
Seat 7: buzz75089 ($96.65 in chips) 
Seat 8: Dominate all ($50 in chips) 
Seat 9: jyaku ($66.30 in chips) 
buzz75089: posts small blind $0.25
Dominate all: posts big blind $0.50
*** HOLE CARDS ***
Dealt to Alameda22 [5h 8d]
jyaku: folds 
FrAnWaN: folds 
comein888: folds 
Alameda22: folds 
kelberus: folds 
miniroman: raises $1 to $1.50
buzz75089: calls $1.25
Dominate all: folds 
*** FLOP *** [6d 7d 8s]
buzz75089: checks 
miniroman: bets $2
buzz75089: folds 
Uncalled bet ($2) returned to miniroman
miniroman collected $3.35 from pot
miniroman: doesn't show hand 
*** SUMMARY ***
Total pot $3.50 | Rake $0.15 
Board [6d 7d 8s]
Seat 1: FrAnWaN folded before Flop (didn't bet)
Seat 2: comein888 folded before Flop (didn't bet)
Seat 3: Alameda22 folded before Flop (didn't bet)
Seat 5: kelberus folded before Flop (didn't bet)
Seat 6: miniroman (button) collected ($3.35)
Seat 7: buzz75089 (small blind) folded on the Flop
Seat 8: Dominate all (big blind) folded before Flop
Seat 9: jyaku folded before Flop (didn't bet)



PokerStars Game #20154548248:  Hold'em No Limit ($0.25/$0.50) - 2008/09/04 22:32:56 ET
Table 'Tana II' 9-max Seat #7 is the button
Seat 1: FrAnWaN ($52.90 in chips) 
Seat 2: comein888 ($51.70 in chips) 
Seat 3: Alameda22 ($46.70 in chips) 
Seat 5: kelberus ($48.50 in chips) 
Seat 6: miniroman ($53.45 in chips) 
Seat 7: buzz75089 ($95.15 in chips) 
Seat 8: Dominate all ($49.50 in chips) 
Seat 9: jyaku ($66.30 in chips) 
Dominate all: posts small blind $0.25
jyaku: posts big blind $0.50
*** HOLE CARDS ***
Dealt to Alameda22 [9c Qd]
FrAnWaN: raises $1.50 to $2
comein888: folds 
Alameda22: folds 
kelberus: folds 
miniroman: folds 
buzz75089: folds 
Dominate all: folds 
jyaku: folds 
Uncalled bet ($1.50) returned to FrAnWaN
FrAnWaN collected $1.25 from pot
FrAnWaN: doesn't show hand 
*** SUMMARY ***
Total pot $1.25 | Rake $0 
Seat 1: FrAnWaN collected ($1.25)
Seat 2: comein888 folded before Flop (didn't bet)
Seat 3: Alameda22 folded before Flop (didn't bet)
Seat 5: kelberus folded before Flop (didn't bet)
Seat 6: miniroman folded before Flop (didn't bet)
Seat 7: buzz75089 (button) folded before Flop (didn't bet)
Seat 8: Dominate all (small blind) folded before Flop
Seat 9: jyaku (big blind) folded before Flop



PokerStars Game #20154560811:  Hold'em No Limit ($0.25/$0.50) - 2008/09/04 22:33:30 ET
Table 'Tana II' 9-max Seat #8 is the button
Seat 1: FrAnWaN ($53.65 in chips) 
Seat 2: comein888 ($51.70 in chips) 
Seat 3: Alameda22 ($46.70 in chips) 
Seat 5: kelberus ($48.50 in chips) 
Seat 6: miniroman ($53.45 in chips) 
Seat 7: buzz75089 ($95.15 in chips) 
Seat 8: Dominate all ($49.25 in chips) 
Seat 9: jyaku ($65.80 in chips) 
jyaku: posts small blind $0.25
FrAnWaN: posts big blind $0.50
*** HOLE CARDS ***
Dealt to Alameda22 [2h 3h]
comein888: folds 
Alameda22: folds 
kelberus: folds 
miniroman: folds 
miniroman is sitting out
buzz75089: folds 
Dominate all: folds 
jyaku: calls $0.25
FrAnWaN: checks 
*** FLOP *** [9c As 9s]
jyaku: checks 
FrAnWaN: checks 
*** TURN *** [9c As 9s] [Ks]
jyaku: checks 
FrAnWaN: checks 
*** RIVER *** [9c As 9s Ks] [5c]
jyaku: checks 
FrAnWaN: checks 
*** SHOW DOWN ***
jyaku: shows [5d Jd] (two pair, Nines and Fives)
FrAnWaN: mucks hand 
jyaku collected $0.95 from pot
*** SUMMARY ***
Total pot $1 | Rake $0.05 
Board [9c As 9s Ks 5c]
Seat 1: FrAnWaN (big blind) mucked [7d 6d]
Seat 2: comein888 folded before Flop (didn't bet)
Seat 3: Alameda22 folded before Flop (didn't bet)
Seat 5: kelberus folded before Flop (didn't bet)
Seat 6: miniroman folded before Flop (didn't bet)
Seat 7: buzz75089 folded before Flop (didn't bet)
Seat 8: Dominate all (button) folded before Flop (didn't bet)
Seat 9: jyaku (small blind) showed [5d Jd] and won ($0.95) with two pair, Nines and Fives



PokerStars Game #20154583400:  Hold'em No Limit ($0.25/$0.50) - 2008/09/04 22:34:30 ET
Table 'Tana II' 9-max Seat #9 is the button
Seat 1: FrAnWaN ($53.15 in chips) 
Seat 2: comein888 ($51.70 in chips) 
Seat 3: Alameda22 ($46.70 in chips) 
Seat 5: kelberus ($48.50 in chips) 
Seat 7: buzz75089 ($95.15 in chips) 
Seat 8: Dominate all ($49.25 in chips) 
Seat 9: jyaku ($66.25 in chips) 
FrAnWaN: posts small blind $0.25
comein888: posts big blind $0.50
*** HOLE CARDS ***
Dealt to Alameda22 [4h 3c]
Alameda22: folds 
kelberus: folds 
buzz75089: folds 
Dominate all: raises $1.50 to $2
jyaku: folds 
FrAnWaN: folds 
comein888: folds 
Uncalled bet ($1.50) returned to Dominate all
Dominate all collected $1.25 from pot
Dominate all: doesn't show hand 
*** SUMMARY ***
Total pot $1.25 | Rake $0 
Seat 1: FrAnWaN (small blind) folded before Flop
Seat 2: comein888 (big blind) folded before Flop
Seat 3: Alameda22 folded before Flop (didn't bet)
Seat 5: kelberus folded before Flop (didn't bet)
Seat 7: buzz75089 folded before Flop (didn't bet)
Seat 8: Dominate all collected ($1.25)
Seat 9: jyaku (button) folded before Flop (didn't bet)



PokerStars Game #20154598863:  Hold'em No Limit ($0.25/$0.50) - 2008/09/04 22:35:12 ET
Table 'Tana II' 9-max Seat #1 is the button
Seat 1: FrAnWaN ($52.90 in chips) 
Seat 2: comein888 ($51.20 in chips) 
Seat 3: Alameda22 ($46.70 in chips) 
Seat 5: kelberus ($48.50 in chips) 
Seat 7: buzz75089 ($95.15 in chips) 
Seat 8: Dominate all ($50 in chips) 
Seat 9: jyaku ($66.25 in chips) 
comein888: posts small blind $0.25
Alameda22: posts big blind $0.50
*** HOLE CARDS ***
Dealt to Alameda22 [9d 6h]
kelberus: folds 
buzz75089: folds 
Dominate all: folds 
jyaku: folds 
FrAnWaN: folds 
comein888: folds 
Uncalled bet ($0.25) returned to Alameda22
Alameda22 collected $0.50 from pot
Alameda22: doesn't show hand 
*** SUMMARY ***
Total pot $0.50 | Rake $0 
Seat 1: FrAnWaN (button) folded before Flop (didn't bet)
Seat 2: comein888 (small blind) folded before Flop
Seat 3: Alameda22 (big blind) collected ($0.50)
Seat 5: kelberus folded before Flop (didn't bet)
Seat 7: buzz75089 folded before Flop (didn't bet)
Seat 8: Dominate all folded before Flop (didn't bet)
Seat 9: jyaku folded before Flop (didn't bet)



PokerStars Game #20154612507:  Hold'em No Limit ($0.25/$0.50) - 2008/09/04 22:35:48 ET
Table 'Tana II' 9-max Seat #2 is the button
Seat 1: FrAnWaN ($52.90 in chips) 
Seat 2: comein888 ($50.95 in chips) 
Seat 3: Alameda22 ($46.95 in chips) 
Seat 5: kelberus ($48.50 in chips) 
Seat 7: buzz75089 ($95.15 in chips) 
Seat 8: Dominate all ($50 in chips) 
Seat 9: jyaku ($66.25 in chips) 
Alameda22: posts small blind $0.25
kelberus: posts big blind $0.50
*** HOLE CARDS ***
Dealt to Alameda22 [Th Kd]
buzz75089: folds 
Dominate all: folds 
jyaku: folds 
FrAnWaN: folds 
comein888: folds 
miniroman has returned
Alameda22: folds 
Uncalled bet ($0.25) returned to kelberus
kelberus collected $0.50 from pot
kelberus: doesn't show hand 
*** SUMMARY ***
Total pot $0.50 | Rake $0 
Seat 1: FrAnWaN folded before Flop (didn't bet)
Seat 2: comein888 (button) folded before Flop (didn't bet)
Seat 3: Alameda22 (small blind) folded before Flop
Seat 5: kelberus (big blind) collected ($0.50)
Seat 7: buzz75089 folded before Flop (didn't bet)
Seat 8: Dominate all folded before Flop (didn't bet)
Seat 9: jyaku folded before Flop (didn't bet)



PokerStars Game #20154626273:  Hold'em No Limit ($0.25/$0.50) - 2008/09/04 22:36:25 ET
Table 'Tana II' 9-max Seat #3 is the button
Seat 1: FrAnWaN ($52.90 in chips) 
Seat 2: comein888 ($50.95 in chips) 
Seat 3: Alameda22 ($46.70 in chips) 
Seat 5: kelberus ($48.75 in chips) 
Seat 6: miniroman ($53.45 in chips) 
Seat 7: buzz75089 ($95.15 in chips) 
Seat 8: Dominate all ($50 in chips) 
Seat 9: jyaku ($66.25 in chips) 
dwq2300 was removed from the table for failing to post
kelberus: posts small blind $0.25
miniroman: posts big blind $0.50
*** HOLE CARDS ***
Dealt to Alameda22 [Jd 2d]
buzz75089: folds 
Dominate all: folds 
dwq2300 joins the table at seat #4 
jyaku: folds 
dwq2300 is sitting out
FrAnWaN: folds 
comein888: folds 
Alameda22: folds 
kelberus: folds 
Uncalled bet ($0.25) returned to miniroman
miniroman collected $0.50 from pot
miniroman: doesn't show hand 
*** SUMMARY ***
Total pot $0.50 | Rake $0 
Seat 1: FrAnWaN folded before Flop (didn't bet)
Seat 2: comein888 folded before Flop (didn't bet)
Seat 3: Alameda22 (button) folded before Flop (didn't bet)
Seat 5: kelberus (small blind) folded before Flop
Seat 6: miniroman (big blind) collected ($0.50)
Seat 7: buzz75089 folded before Flop (didn't bet)
Seat 8: Dominate all folded before Flop (didn't bet)
Seat 9: jyaku folded before Flop (didn't bet)



PokerStars Game #20154643702:  Hold'em No Limit ($0.25/$0.50) - 2008/09/04 22:37:12 ET
Table 'Tana II' 9-max Seat #5 is the button
Seat 1: FrAnWaN ($52.90 in chips) 
Seat 2: comein888 ($50.95 in chips) 
Seat 3: Alameda22 ($46.70 in chips) 
Seat 5: kelberus ($48.50 in chips) 
Seat 6: miniroman ($53.70 in chips) 
Seat 7: buzz75089 ($95.15 in chips) 
Seat 8: Dominate all ($50 in chips) 
Seat 9: jyaku ($66.25 in chips) 
miniroman: posts small blind $0.25
buzz75089: posts big blind $0.50
*** HOLE CARDS ***
Dealt to Alameda22 [5h 2h]
Dominate all: folds 
Dominate all leaves the table
jyaku: folds 
FrAnWaN: folds 
comein888: folds 
Alameda22: folds 
kelberus: folds 
miniroman: folds 
Uncalled bet ($0.25) returned to buzz75089
buzz75089 collected $0.50 from pot
*** SUMMARY ***
Total pot $0.50 | Rake $0 
Seat 1: FrAnWaN folded before Flop (didn't bet)
Seat 2: comein888 folded before Flop (didn't bet)
Seat 3: Alameda22 folded before Flop (didn't bet)
Seat 5: kelberus (button) folded before Flop (didn't bet)
Seat 6: miniroman (small blind) folded before Flop
Seat 7: buzz75089 (big blind) collected ($0.50)
Seat 8: Dominate all folded before Flop (didn't bet)
Seat 9: jyaku folded before Flop (didn't bet)



PokerStars Game #20154657871:  Hold'em No Limit ($0.25/$0.50) - 2008/09/04 22:37:50 ET
Table 'Tana II' 9-max Seat #6 is the button
Seat 1: FrAnWaN ($52.90 in chips) 
Seat 2: comein888 ($50.95 in chips) 
Seat 3: Alameda22 ($46.70 in chips) 
Seat 5: kelberus ($48.50 in chips) 
Seat 6: miniroman ($53.45 in chips) 
Seat 7: buzz75089 ($95.40 in chips) 
Seat 9: jyaku ($66.25 in chips) 
buzz75089: posts small blind $0.25
jyaku: posts big blind $0.50
*** HOLE CARDS ***
Dealt to Alameda22 [Js 7h]
FrAnWaN: folds 
comein888: folds 
Alameda22: folds 
kelberus: folds 
miniroman: folds 
buzz75089: folds 
Uncalled bet ($0.25) returned to jyaku
kelberus is sitting out
kelberus has returned
jyaku collected $0.50 from pot
*** SUMMARY ***
Total pot $0.50 | Rake $0 
Seat 1: FrAnWaN folded before Flop (didn't bet)
Seat 2: comein888 folded before Flop (didn't bet)
Seat 3: Alameda22 folded before Flop (didn't bet)
Seat 5: kelberus folded before Flop (didn't bet)
Seat 6: miniroman (button) folded before Flop (didn't bet)
Seat 7: buzz75089 (small blind) folded before Flop
Seat 9: jyaku (big blind) collected ($0.50)



PokerStars Game #20154671370:  Hold'em No Limit ($0.25/$0.50) - 2008/09/04 22:38:27 ET
Table 'Tana II' 9-max Seat #7 is the button
Seat 2: comein888 ($50.95 in chips) 
Seat 3: Alameda22 ($46.70 in chips) 
Seat 5: kelberus ($48.50 in chips) 
Seat 6: miniroman ($53.45 in chips) 
Seat 7: buzz75089 ($95.15 in chips) 
Seat 9: jyaku ($66.50 in chips) 
jyaku: posts small blind $0.25
FrAnWaN: is sitting out 
comein888: posts big blind $0.50
*** HOLE CARDS ***
Dealt to Alameda22 [Kc 5d]
Alameda22: folds 
FrAnWaN leaves the table
kelberus: folds 
miniroman: folds 
buzz75089: raises $1.50 to $2
jyaku: folds 
comein888: calls $1.50
*** FLOP *** [Jc Kd 7h]
kelberus leaves the table
comein888: checks 
buzz75089: checks 
*** TURN *** [Jc Kd 7h] [2s]
comein888: checks 
buzz75089: checks 
*** RIVER *** [Jc Kd 7h 2s] [7c]
comein888: checks 
NJMikel joins the table at seat #5 
miniroman leaves the table
buzz75089: checks 
*** SHOW DOWN ***
comein888: shows [Qc Qd] (two pair, Queens and Sevens)
buzz75089: mucks hand 
comein888 collected $4.05 from pot
*** SUMMARY ***
Total pot $4.25 | Rake $0.20 
Board [Jc Kd 7h 2s 7c]
Seat 2: comein888 (big blind) showed [Qc Qd] and won ($4.05) with two pair, Queens and Sevens
Seat 3: Alameda22 folded before Flop (didn't bet)
Seat 5: kelberus folded before Flop (didn't bet)
Seat 6: miniroman folded before Flop (didn't bet)
Seat 7: buzz75089 (button) mucked [4d 4s]
Seat 9: jyaku (small blind) folded before Flop



PokerStars Game #20154703436:  Hold'em No Limit ($0.25/$0.50) - 2008/09/04 22:40:03 ET
Table 'Tana II' 9-max Seat #9 is the button
Seat 2: comein888 ($53 in chips) 
Seat 3: Alameda22 ($46.70 in chips) 
Seat 5: NJMikel ($30 in chips) 
Seat 7: buzz75089 ($93.15 in chips) 
Seat 9: jyaku ($66.25 in chips) 
comein888: posts small blind $0.25
Alameda22: posts big blind $0.50
NJMikel: posts big blind $0.50
*** HOLE CARDS ***
Dealt to Alameda22 [Tc Jd]
NJMikel: checks 
buzz75089: folds 
jyaku: folds 
comein888: calls $0.25
Alameda22: checks 
*** FLOP *** [2d 9c Kc]
comein888: checks 
Alameda22: checks 
clinmack joins the table at seat #6 
NJMikel: bets $1.50
comein888: folds 
Alameda22: folds 
Uncalled bet ($1.50) returned to NJMikel
NJMikel collected $1.45 from pot
*** SUMMARY ***
Total pot $1.50 | Rake $0.05 
Board [2d 9c Kc]
Seat 2: comein888 (small blind) folded on the Flop
Seat 3: Alameda22 (big blind) folded on the Flop
Seat 5: NJMikel collected ($1.45)
Seat 7: buzz75089 folded before Flop (didn't bet)
Seat 9: jyaku (button) folded before Flop (didn't bet)



PokerStars Game #20154729111:  Hold'em No Limit ($0.25/$0.50) - 2008/09/04 22:41:12 ET
Table 'Tana II' 9-max Seat #2 is the button
Seat 2: comein888 ($52.50 in chips) 
Seat 3: Alameda22 ($46.20 in chips) 
Seat 5: NJMikel ($30.95 in chips) 
Seat 6: clinmack ($10 in chips) 
Seat 7: buzz75089 ($93.15 in chips) 
Seat 9: jyaku ($66.25 in chips) 
Alameda22: posts small blind $0.25
NJMikel: posts big blind $0.50
clinmack: posts big blind $0.50
*** HOLE CARDS ***
Dealt to Alameda22 [8s Jc]
clinmack: checks 
buzz75089: folds 
jyaku: folds 
olly_e joins the table at seat #1 
comein888: folds 
Alameda22: folds 
NJMikel: checks 
*** FLOP *** [2h Ac 6s]
NJMikel: checks 
clinmack: checks 
*** TURN *** [2h Ac 6s] [5s]
NJMikel: checks 
clinmack: bets $0.50
NJMikel: calls $0.50
*** RIVER *** [2h Ac 6s 5s] [7h]
NJMikel: checks 
clinmack: bets $5.50
NJMikel: folds 
Uncalled bet ($5.50) returned to clinmack
clinmack collected $2.15 from pot
clinmack: doesn't show hand 
*** SUMMARY ***
Total pot $2.25 | Rake $0.10 
Board [2h Ac 6s 5s 7h]
Seat 2: comein888 (button) folded before Flop (didn't bet)
Seat 3: Alameda22 (small blind) folded before Flop
Seat 5: NJMikel (big blind) folded on the River
Seat 6: clinmack collected ($2.15)
Seat 7: buzz75089 folded before Flop (didn't bet)
Seat 9: jyaku folded before Flop (didn't bet)



PokerStars Game #20154773561:  Hold'em No Limit ($0.25/$0.50) - 2008/09/04 22:43:14 ET
Table 'Tana II' 9-max Seat #3 is the button
Seat 2: comein888 ($52.50 in chips) 
Seat 3: Alameda22 ($45.95 in chips) 
Seat 5: NJMikel ($29.95 in chips) 
Seat 6: clinmack ($11.15 in chips) 
Seat 7: buzz75089 ($93.15 in chips) 
Seat 9: jyaku ($66.25 in chips) 
NJMikel: posts small blind $0.25
clinmack: posts big blind $0.50
olly_e: sits out 
*** HOLE CARDS ***
Dealt to Alameda22 [Jh 4c]
buzz75089: raises $1 to $1.50
jyaku: folds 
comein888: folds 
Poka1120 joins the table at seat #8 
Alameda22: folds 
NJMikel: folds 
clinmack: calls $1
*** FLOP *** [6d 2h 6c]
clinmack: checks 
buzz75089: checks 
*** TURN *** [6d 2h 6c] [4s]
clinmack: bets $7
buzz75089: folds 
Uncalled bet ($7) returned to clinmack
clinmack collected $3.10 from pot
clinmack: shows [6h 6s] (four of a kind, Sixes)
*** SUMMARY ***
Total pot $3.25 | Rake $0.15 
Board [6d 2h 6c 4s]
Seat 2: comein888 folded before Flop (didn't bet)
Seat 3: Alameda22 (button) folded before Flop (didn't bet)
Seat 5: NJMikel (small blind) folded before Flop
Seat 6: clinmack (big blind) collected ($3.10)
Seat 7: buzz75089 folded on the Turn
Seat 9: jyaku folded before Flop (didn't bet)



PokerStars Game #20154790702:  Hold'em No Limit ($0.25/$0.50) - 2008/09/04 22:44:00 ET
Table 'Tana II' 9-max Seat #5 is the button
Seat 2: comein888 ($52.50 in chips) 
Seat 3: Alameda22 ($45.95 in chips) 
Seat 5: NJMikel ($29.70 in chips) 
Seat 6: clinmack ($12.75 in chips) 
Seat 7: buzz75089 ($91.65 in chips) 
Seat 8: Poka1120 ($10 in chips) 
Seat 9: jyaku ($66.25 in chips) 
clinmack: posts small blind $0.25
buzz75089: posts big blind $0.50
Poka1120: posts big blind $0.50
olly_e: sits out 
*** HOLE CARDS ***
Dealt to Alameda22 [9h 6h]
Poka1120: checks 
jyaku: folds 
comein888: folds 
Alameda22: folds 
NJMikel: calls $0.50
clinmack: calls $0.25
buzz75089: checks 
*** FLOP *** [Qc 6d 9c]
clinmack: checks 
buzz75089: checks 
Poka1120: checks 
NJMikel: bets $2
clinmack: folds 
buzz75089: folds 
Poka1120: folds 
Uncalled bet ($2) returned to NJMikel
NJMikel collected $1.90 from pot
*** SUMMARY ***
Total pot $2 | Rake $0.10 
Board [Qc 6d 9c]
Seat 2: comein888 folded before Flop (didn't bet)
Seat 3: Alameda22 folded before Flop (didn't bet)
Seat 5: NJMikel (button) collected ($1.90)
Seat 6: clinmack (small blind) folded on the Flop
Seat 7: buzz75089 (big blind) folded on the Flop
Seat 8: Poka1120 folded on the Flop
Seat 9: jyaku folded before Flop (didn't bet)



PokerStars Game #20154809164:  Hold'em No Limit ($0.25/$0.50) - 2008/09/04 22:44:51 ET
Table 'Tana II' 9-max Seat #6 is the button
Seat 2: comein888 ($52.50 in chips) 
Seat 3: Alameda22 ($45.95 in chips) 
Seat 5: NJMikel ($31.10 in chips) 
Seat 6: clinmack ($12.25 in chips) 
Seat 7: buzz75089 ($91.15 in chips) 
Seat 8: Poka1120 ($9.50 in chips) 
Seat 9: jyaku ($66.25 in chips) 
buzz75089: posts small blind $0.25
Poka1120: posts big blind $0.50
olly_e: sits out 
*** HOLE CARDS ***
Dealt to Alameda22 [3s 8s]
jyaku: folds 
comein888: folds 
Alameda22: folds 
NJMikel: folds 
clinmack: calls $0.50
buzz75089: folds 
Poka1120: checks 
*** FLOP *** [Ts Kh 2c]
Poka1120: checks 
clinmack: checks 
*** TURN *** [Ts Kh 2c] [Th]
Poka1120: bets $0.50
clinmack: folds 
Uncalled bet ($0.50) returned to Poka1120
Poka1120 collected $1.20 from pot
*** SUMMARY ***
Total pot $1.25 | Rake $0.05 
Board [Ts Kh 2c Th]
Seat 2: comein888 folded before Flop (didn't bet)
Seat 3: Alameda22 folded before Flop (didn't bet)
Seat 5: NJMikel folded before Flop (didn't bet)
Seat 6: clinmack (button) folded on the Turn
Seat 7: buzz75089 (small blind) folded before Flop
Seat 8: Poka1120 (big blind) collected ($1.20)
Seat 9: jyaku folded before Flop (didn't bet)



PokerStars Game #20154825137:  Hold'em No Limit ($0.25/$0.50) - 2008/09/04 22:45:35 ET
Table 'Tana II' 9-max Seat #7 is the button
Seat 2: comein888 ($52.50 in chips) 
Seat 3: Alameda22 ($45.95 in chips) 
Seat 5: NJMikel ($31.10 in chips) 
Seat 6: clinmack ($11.75 in chips) 
Seat 7: buzz75089 ($90.90 in chips) 
Seat 8: Poka1120 ($10.20 in chips) 
Seat 9: jyaku ($66.25 in chips) 
Poka1120: posts small blind $0.25
jyaku: posts big blind $0.50
olly_e: sits out 
*** HOLE CARDS ***
Dealt to Alameda22 [5h 6h]
comein888: folds 
Alameda22: folds 
NJMikel: folds 
clinmack: calls $0.50
buzz75089: raises $1.50 to $2
Poka1120: folds 
jyaku: folds 
clinmack: folds 
Uncalled bet ($1.50) returned to buzz75089
buzz75089 collected $1.75 from pot
*** SUMMARY ***
Total pot $1.75 | Rake $0 
Seat 2: comein888 folded before Flop (didn't bet)
Seat 3: Alameda22 folded before Flop (didn't bet)
Seat 5: NJMikel folded before Flop (didn't bet)
Seat 6: clinmack folded before Flop
Seat 7: buzz75089 (button) collected ($1.75)
Seat 8: Poka1120 (small blind) folded before Flop
Seat 9: jyaku (big blind) folded before Flop



PokerStars Game #20154839588:  Hold'em No Limit ($0.25/$0.50) - 2008/09/04 22:46:15 ET
Table 'Tana II' 9-max Seat #8 is the button
Seat 1: olly_e ($50 in chips) 
Seat 2: comein888 ($52.50 in chips) 
Seat 3: Alameda22 ($45.95 in chips) 
Seat 5: NJMikel ($31.10 in chips) 
Seat 6: clinmack ($11.25 in chips) 
Seat 7: buzz75089 ($92.15 in chips) 
Seat 8: Poka1120 ($9.95 in chips) 
Seat 9: jyaku ($65.75 in chips) 
jyaku: posts small blind $0.25
olly_e: posts big blind $0.50
*** HOLE CARDS ***
Dealt to Alameda22 [Th Ad]
comein888: folds 
Alameda22: folds 
NJMikel: folds 
clinmack: folds 
buzz75089: folds 
Poka1120: folds 
jyaku: calls $0.25
olly_e: raises $0.50 to $1
jyaku: calls $0.50
*** FLOP *** [Js 5d 7c]
jyaku: checks 
olly_e: bets $1
jyaku: folds 
Uncalled bet ($1) returned to olly_e
olly_e collected $1.90 from pot
*** SUMMARY ***
Total pot $2 | Rake $0.10 
Board [Js 5d 7c]
Seat 1: olly_e (big blind) collected ($1.90)
Seat 2: comein888 folded before Flop (didn't bet)
Seat 3: Alameda22 folded before Flop (didn't bet)
Seat 5: NJMikel folded before Flop (didn't bet)
Seat 6: clinmack folded before Flop (didn't bet)
Seat 7: buzz75089 folded before Flop (didn't bet)
Seat 8: Poka1120 (button) folded before Flop (didn't bet)
Seat 9: jyaku (small blind) folded on the Flop



PokerStars Game #20154864128:  Hold'em No Limit ($0.25/$0.50) - 2008/09/04 22:47:23 ET
Table 'Tana II' 9-max Seat #9 is the button
Seat 1: olly_e ($50.90 in chips) 
Seat 2: comein888 ($52.50 in chips) 
Seat 3: Alameda22 ($45.95 in chips) 
Seat 5: NJMikel ($31.10 in chips) 
Seat 6: clinmack ($11.25 in chips) 
Seat 7: buzz75089 ($92.15 in chips) 
Seat 8: Poka1120 ($9.95 in chips) 
Seat 9: jyaku ($64.75 in chips) 
olly_e: posts small blind $0.25
comein888: posts big blind $0.50
*** HOLE CARDS ***
Dealt to Alameda22 [7s Th]
Alameda22: folds 
NJMikel: calls $0.50
clinmack: folds 
buzz75089: raises $1.50 to $2
Poka1120: folds 
jyaku: folds 
olly_e: folds 
comein888: folds 
NJMikel: folds 
Uncalled bet ($1.50) returned to buzz75089
buzz75089 collected $1.75 from pot
*** SUMMARY ***
Total pot $1.75 | Rake $0 
Seat 1: olly_e (small blind) folded before Flop
Seat 2: comein888 (big blind) folded before Flop
Seat 3: Alameda22 folded before Flop (didn't bet)
Seat 5: NJMikel folded before Flop
Seat 6: clinmack folded before Flop (didn't bet)
Seat 7: buzz75089 collected ($1.75)
Seat 8: Poka1120 folded before Flop (didn't bet)
Seat 9: jyaku (button) folded before Flop (didn't bet)



PokerStars Game #20154883628:  Hold'em No Limit ($0.25/$0.50) - 2008/09/04 22:48:18 ET
Table 'Tana II' 9-max Seat #1 is the button
Seat 1: olly_e ($50.65 in chips) 
Seat 2: comein888 ($52 in chips) 
Seat 3: Alameda22 ($45.95 in chips) 
Seat 5: NJMikel ($30.60 in chips) 
Seat 6: clinmack ($11.25 in chips) 
Seat 7: buzz75089 ($93.40 in chips) 
Seat 8: Poka1120 ($9.95 in chips) 
Seat 9: jyaku ($64.75 in chips) 
comein888: posts small blind $0.25
Alameda22: posts big blind $0.50
*** HOLE CARDS ***
Dealt to Alameda22 [Ah Th]
NJMikel: folds 
clinmack: calls $0.50
buzz75089: folds 
Poka1120: raises $0.50 to $1
jyaku: folds 
olly_e: folds 
comein888: folds 
Alameda22: folds 
clinmack: calls $0.50
*** FLOP *** [2s Jh 7c]
clinmack: checks 
Poka1120: bets $1.50
clinmack: folds 
Uncalled bet ($1.50) returned to Poka1120
Poka1120 collected $2.65 from pot
*** SUMMARY ***
Total pot $2.75 | Rake $0.10 
Board [2s Jh 7c]
Seat 1: olly_e (button) folded before Flop (didn't bet)
Seat 2: comein888 (small blind) folded before Flop
Seat 3: Alameda22 (big blind) folded before Flop
Seat 5: NJMikel folded before Flop (didn't bet)
Seat 6: clinmack folded on the Flop
Seat 7: buzz75089 folded before Flop (didn't bet)
Seat 8: Poka1120 collected ($2.65)
Seat 9: jyaku folded before Flop (didn't bet)



PokerStars Game #20154914792:  Hold'em No Limit ($0.25/$0.50) - 2008/09/04 22:49:44 ET
Table 'Tana II' 9-max Seat #2 is the button
Seat 1: olly_e ($50.65 in chips) 
Seat 2: comein888 ($51.75 in chips) 
Seat 3: Alameda22 ($45.45 in chips) 
Seat 5: NJMikel ($30.60 in chips) 
Seat 6: clinmack ($10.25 in chips) 
Seat 7: buzz75089 ($93.40 in chips) 
Seat 8: Poka1120 ($11.60 in chips) 
Seat 9: jyaku ($64.75 in chips) 
Alameda22: posts small blind $0.25
NJMikel: posts big blind $0.50
*** HOLE CARDS ***
Dealt to Alameda22 [Th 2s]
clinmack: calls $0.50
buzz75089: folds 
Poka1120: calls $0.50
jyaku: folds 
olly_e: calls $0.50
comein888: folds 
Alameda22: folds 
NJMikel: checks 
*** FLOP *** [Qh 8d 7s]
NJMikel: checks 
clinmack: checks 
Poka1120: bets $0.50
olly_e: raises $1.50 to $2
NJMikel: folds 
clinmack: calls $2
Poka1120: calls $1.50
*** TURN *** [Qh 8d 7s] [8h]
clinmack: checks 
Poka1120: checks 
olly_e: checks 
*** RIVER *** [Qh 8d 7s 8h] [Ts]
clinmack: checks 
Poka1120: checks 
olly_e: bets $1.50
clinmack: calls $1.50
Poka1120: folds 
*** SHOW DOWN ***
olly_e: shows [Qc Kd] (two pair, Queens and Eights)
clinmack: mucks hand 
olly_e collected $10.75 from pot
*** SUMMARY ***
Total pot $11.25 | Rake $0.50 
Board [Qh 8d 7s 8h Ts]
Seat 1: olly_e showed [Qc Kd] and won ($10.75) with two pair, Queens and Eights
Seat 2: comein888 (button) folded before Flop (didn't bet)
Seat 3: Alameda22 (small blind) folded before Flop
Seat 5: NJMikel (big blind) folded on the Flop
Seat 6: clinmack mucked [Jd Tc]
Seat 7: buzz75089 folded before Flop (didn't bet)
Seat 8: Poka1120 folded on the River
Seat 9: jyaku folded before Flop (didn't bet)



PokerStars Game #20154959377:  Hold'em No Limit ($0.25/$0.50) - 2008/09/04 22:51:47 ET
Table 'Tana II' 9-max Seat #3 is the button
Seat 1: olly_e ($57.40 in chips) 
Seat 2: comein888 ($51.75 in chips) 
Seat 3: Alameda22 ($45.20 in chips) 
Seat 5: NJMikel ($30.10 in chips) 
Seat 6: clinmack ($6.25 in chips) 
Seat 7: buzz75089 ($93.40 in chips) 
Seat 8: Poka1120 ($9.10 in chips) 
Seat 9: jyaku ($64.75 in chips) 
NJMikel: posts small blind $0.25
clinmack: posts big blind $0.50
*** HOLE CARDS ***
Dealt to Alameda22 [8d 2c]
buzz75089: folds 
Poka1120: raises $0.50 to $1
jyaku has timed out
jyaku: folds 
jyaku is sitting out
olly_e: folds 
comein888: folds 
Alameda22: folds 
NJMikel: folds 
clinmack: calls $0.50
*** FLOP *** [As 6d 3c]
clinmack: checks 
Poka1120: bets $0.50
clinmack: calls $0.50
*** TURN *** [As 6d 3c] [9h]
clinmack: checks 
Poka1120: checks 
*** RIVER *** [As 6d 3c 9h] [Tc]
clinmack: checks 
Poka1120: checks 
*** SHOW DOWN ***
clinmack: shows [6c Kh] (a pair of Sixes)
Poka1120: mucks hand 
clinmack collected $3.10 from pot
*** SUMMARY ***
Total pot $3.25 | Rake $0.15 
Board [As 6d 3c 9h Tc]
Seat 1: olly_e folded before Flop (didn't bet)
Seat 2: comein888 folded before Flop (didn't bet)
Seat 3: Alameda22 (button) folded before Flop (didn't bet)
Seat 5: NJMikel (small blind) folded before Flop
Seat 6: clinmack (big blind) showed [6c Kh] and won ($3.10) with a pair of Sixes
Seat 7: buzz75089 folded before Flop (didn't bet)
Seat 8: Poka1120 mucked [Ks Qh]
Seat 9: jyaku folded before Flop (didn't bet)



PokerStars Game #20154992233:  Hold'em No Limit ($0.25/$0.50) - 2008/09/04 22:53:17 ET
Table 'Tana II' 9-max Seat #5 is the button
Seat 1: olly_e ($57.40 in chips) 
Seat 2: comein888 ($51.75 in chips) 
Seat 3: Alameda22 ($45.20 in chips) 
Seat 5: NJMikel ($29.85 in chips) 
Seat 6: clinmack ($7.85 in chips) 
Seat 7: buzz75089 ($93.40 in chips) 
Seat 8: Poka1120 ($7.60 in chips) 
clinmack: posts small blind $0.25
buzz75089: posts big blind $0.50
*** HOLE CARDS ***
Dealt to Alameda22 [Ad 3s]
Poka1120: calls $0.50
olly_e: folds 
comein888: folds 
Alameda22 has timed out
Alameda22: folds 
Alameda22 is sitting out
Alameda22 has returned
NJMikel: raises $1.50 to $2
clinmack: folds 
buzz75089: calls $1.50
Poka1120: calls $1.50
*** FLOP *** [Th 8s 9c]
buzz75089: checks 
Poka1120: bets $0.50
NJMikel: raises $6 to $6.50
buzz75089: folds 
Poka1120: calls $5.10 and is all-in
Uncalled bet ($0.90) returned to NJMikel
*** TURN *** [Th 8s 9c] [7c]
*** RIVER *** [Th 8s 9c 7c] [6d]
*** SHOW DOWN ***
Poka1120: shows [Qs Jd] (a straight, Eight to Queen)
NJMikel: mucks hand 
Poka1120 collected $16.60 from pot
*** SUMMARY ***
Total pot $17.45 | Rake $0.85 
Board [Th 8s 9c 7c 6d]
Seat 1: olly_e folded before Flop (didn't bet)
Seat 2: comein888 folded before Flop (didn't bet)
Seat 3: Alameda22 folded before Flop (didn't bet)
Seat 5: NJMikel (button) mucked [8d 9s]
Seat 6: clinmack (small blind) folded before Flop
Seat 7: buzz75089 (big blind) folded on the Flop
Seat 8: Poka1120 showed [Qs Jd] and won ($16.60) with a straight, Eight to Queen



PokerStars Game #20155035788:  Hold'em No Limit ($0.25/$0.50) - 2008/09/04 22:55:18 ET
Table 'Tana II' 9-max Seat #6 is the button
Seat 1: olly_e ($57.40 in chips) 
Seat 2: comein888 ($51.75 in chips) 
Seat 3: Alameda22 ($45.20 in chips) 
Seat 5: NJMikel ($22.25 in chips) 
Seat 6: clinmack ($7.60 in chips) 
Seat 7: buzz75089 ($91.40 in chips) 
Seat 8: Poka1120 ($16.60 in chips) 
buzz75089: posts small blind $0.25
Poka1120: posts big blind $0.50
*** HOLE CARDS ***
Dealt to Alameda22 [Qc Ah]
olly_e: folds 
comein888: folds 
Alameda22: raises $1.50 to $2
NJMikel: folds 
clinmack: calls $2
buzz75089: folds 
Poka1120: calls $1.50
*** FLOP *** [6c 3h 7c]
Poka1120: checks 
Alameda22: checks 
clinmack: bets $3.50
jyaku leaves the table
Poka1120: folds 
Alameda22: folds 
Uncalled bet ($3.50) returned to clinmack
clinmack collected $5.95 from pot
clinmack: doesn't show hand 
*** SUMMARY ***
Total pot $6.25 | Rake $0.30 
Board [6c 3h 7c]
Seat 1: olly_e folded before Flop (didn't bet)
Seat 2: comein888 folded before Flop (didn't bet)
Seat 3: Alameda22 folded on the Flop
Seat 5: NJMikel folded before Flop (didn't bet)
Seat 6: clinmack (button) collected ($5.95)
Seat 7: buzz75089 (small blind) folded before Flop
Seat 8: Poka1120 (big blind) folded on the Flop



PokerStars Game #20155062045:  Hold'em No Limit ($0.25/$0.50) - 2008/09/04 22:56:31 ET
Table 'Tana II' 9-max Seat #7 is the button
Seat 1: olly_e ($57.40 in chips) 
Seat 2: comein888 ($51.75 in chips) 
Seat 3: Alameda22 ($43.20 in chips) 
Seat 5: NJMikel ($22.25 in chips) 
Seat 6: clinmack ($11.55 in chips) 
Seat 7: buzz75089 ($91.15 in chips) 
Seat 8: Poka1120 ($14.60 in chips) 
Poka1120: posts small blind $0.25
olly_e: posts big blind $0.50
*** HOLE CARDS ***
Dealt to Alameda22 [Js 6d]
comein888: folds 
Alameda22: folds 
NJMikel: folds 
clinmack: calls $0.50
buzz75089: folds 
Poka1120: calls $0.25
olly_e: checks 
*** FLOP *** [8c Jd 2s]
Poka1120: checks 
olly_e: checks 
clinmack: checks 
*** TURN *** [8c Jd 2s] [2c]
Poka1120: checks 
olly_e: bets $0.50
clinmack: calls $0.50
Poka1120: folds 
*** RIVER *** [8c Jd 2s 2c] [5d]
olly_e: bets $1
clinmack: folds 
Uncalled bet ($1) returned to olly_e
olly_e collected $2.40 from pot
olly_e: doesn't show hand 
*** SUMMARY ***
Total pot $2.50 | Rake $0.10 
Board [8c Jd 2s 2c 5d]
Seat 1: olly_e (big blind) collected ($2.40)
Seat 2: comein888 folded before Flop (didn't bet)
Seat 3: Alameda22 folded before Flop (didn't bet)
Seat 5: NJMikel folded before Flop (didn't bet)
Seat 6: clinmack folded on the River
Seat 7: buzz75089 (button) folded before Flop (didn't bet)
Seat 8: Poka1120 (small blind) folded on the Turn



PokerStars Game #20155087702:  Hold'em No Limit ($0.25/$0.50) - 2008/09/04 22:57:44 ET
Table 'Tana II' 9-max Seat #8 is the button
Seat 1: olly_e ($58.80 in chips) 
Seat 2: comein888 ($51.75 in chips) 
Seat 3: Alameda22 ($43.20 in chips) 
Seat 5: NJMikel ($22.25 in chips) 
Seat 6: clinmack ($10.55 in chips) 
Seat 7: buzz75089 ($91.15 in chips) 
Seat 8: Poka1120 ($14.10 in chips) 
olly_e: posts small blind $0.25
comein888: posts big blind $0.50
*** HOLE CARDS ***
Dealt to Alameda22 [As 3h]
Alameda22: folds 
NJMikel: calls $0.50
clinmack: calls $0.50
buzz75089: folds 
Poka1120: folds 
olly_e: folds 
golfgods joins the table at seat #9 
comein888: checks 
*** FLOP *** [Qd Kc 9s]
comein888: checks 
olly_e is sitting out
NJMikel: bets $2
clinmack: folds 
comein888: folds 
Uncalled bet ($2) returned to NJMikel
NJMikel collected $1.70 from pot
*** SUMMARY ***
Total pot $1.75 | Rake $0.05 
Board [Qd Kc 9s]
Seat 1: olly_e (small blind) folded before Flop
Seat 2: comein888 (big blind) folded on the Flop
Seat 3: Alameda22 folded before Flop (didn't bet)
Seat 5: NJMikel collected ($1.70)
Seat 6: clinmack folded on the Flop
Seat 7: buzz75089 folded before Flop (didn't bet)
Seat 8: Poka1120 (button) folded before Flop (didn't bet)



PokerStars Game #20155106585:  Hold'em No Limit ($0.25/$0.50) - 2008/09/04 22:58:37 ET
Table 'Tana II' 9-max Seat #2 is the button
Seat 2: comein888 ($51.25 in chips) 
Seat 3: Alameda22 ($43.20 in chips) 
Seat 5: NJMikel ($23.45 in chips) 
Seat 6: clinmack ($10.05 in chips) 
Seat 7: buzz75089 ($91.15 in chips) 
Seat 8: Poka1120 ($14.10 in chips) 
Seat 9: golfgods ($12 in chips) 
Alameda22: posts small blind $0.25
NJMikel: posts big blind $0.50
golfgods: posts big blind $0.50
*** HOLE CARDS ***
Dealt to Alameda22 [3d 6h]
clinmack: calls $0.50
buzz75089: raises $2.50 to $3
Poka1120: folds 
golfgods: calls $2.50
comein888: folds 
Alameda22: folds 
NJMikel: folds 
clinmack: folds 
*** FLOP *** [2s Qs Qh]
buzz75089: bets $9
golfgods: calls $9 and is all-in
*** TURN *** [2s Qs Qh] [7d]
*** RIVER *** [2s Qs Qh 7d] [7s]
*** SHOW DOWN ***
buzz75089: shows [Ah Ad] (two pair, Aces and Queens)
golfgods: mucks hand 
buzz75089 collected $24.05 from pot
golfgods leaves the table
*** SUMMARY ***
Total pot $25.25 | Rake $1.20 
Board [2s Qs Qh 7d 7s]
Seat 2: comein888 (button) folded before Flop (didn't bet)
Seat 3: Alameda22 (small blind) folded before Flop
Seat 5: NJMikel (big blind) folded before Flop
Seat 6: clinmack folded before Flop
Seat 7: buzz75089 showed [Ah Ad] and won ($24.05) with two pair, Aces and Queens
Seat 8: Poka1120 folded before Flop (didn't bet)
Seat 9: golfgods mucked [4c 4s]



PokerStars Game #20155126182:  Hold'em No Limit ($0.25/$0.50) - 2008/09/04 22:59:32 ET
Table 'Tana II' 9-max Seat #3 is the button
Seat 2: comein888 ($51.25 in chips) 
Seat 3: Alameda22 ($42.95 in chips) 
Seat 5: NJMikel ($22.95 in chips) 
Seat 6: clinmack ($9.55 in chips) 
Seat 7: buzz75089 ($103.20 in chips) 
Seat 8: Poka1120 ($14.10 in chips) 
NJMikel: posts small blind $0.25
clinmack: posts big blind $0.50
*** HOLE CARDS ***
Dealt to Alameda22 [7c Jd]
buzz75089: folds 
Poka1120: folds 
comein888: folds 
olly_e has returned
Alameda22: folds 
kizzyy joins the table at seat #9 
NJMikel: raises $0.50 to $1
clinmack: calls $0.50
*** FLOP *** [4c 3h 9c]
NJMikel: checks 
clinmack: checks 
*** TURN *** [4c 3h 9c] [5h]
NJMikel: checks 
clinmack: checks 
*** RIVER *** [4c 3h 9c 5h] [8s]
NJMikel: checks 
clinmack: checks 
*** SHOW DOWN ***
NJMikel: shows [Qh Kh] (high card King)
clinmack: shows [3s 2c] (a pair of Threes)
clinmack collected $1.90 from pot
*** SUMMARY ***
Total pot $2 | Rake $0.10 
Board [4c 3h 9c 5h 8s]
Seat 2: comein888 folded before Flop (didn't bet)
Seat 3: Alameda22 (button) folded before Flop (didn't bet)
Seat 5: NJMikel (small blind) showed [Qh Kh] and lost with high card King
Seat 6: clinmack (big blind) showed [3s 2c] and won ($1.90) with a pair of Threes
Seat 7: buzz75089 folded before Flop (didn't bet)
Seat 8: Poka1120 folded before Flop (didn't bet)



PokerStars Game #20155143844:  Hold'em No Limit ($0.25/$0.50) - 2008/09/04 23:00:21 ET
Table 'Tana II' 9-max Seat #5 is the button
Seat 1: olly_e ($58.55 in chips) 
Seat 2: comein888 ($51.25 in chips) 
Seat 3: Alameda22 ($42.95 in chips) 
Seat 5: NJMikel ($21.95 in chips) 
Seat 6: clinmack ($10.45 in chips) 
Seat 7: buzz75089 ($103.20 in chips) 
Seat 8: Poka1120 ($14.10 in chips) 
clinmack: posts small blind $0.25
buzz75089: posts big blind $0.50
kizzyy: sits out 
*** HOLE CARDS ***
Dealt to Alameda22 [9c 3s]
Poka1120: calls $0.50
olly_e: folds 
comein888: folds 
Alameda22: folds 
NJMikel: raises $1.50 to $2
clinmack: folds 
buzz75089: folds 
Poka1120: folds 
Uncalled bet ($1.50) returned to NJMikel
NJMikel collected $1.75 from pot
*** SUMMARY ***
Total pot $1.75 | Rake $0 
Seat 1: olly_e folded before Flop (didn't bet)
Seat 2: comein888 folded before Flop (didn't bet)
Seat 3: Alameda22 folded before Flop (didn't bet)
Seat 5: NJMikel (button) collected ($1.75)
Seat 6: clinmack (small blind) folded before Flop
Seat 7: buzz75089 (big blind) folded before Flop
Seat 8: Poka1120 folded before Flop



PokerStars Game #20155157919:  Hold'em No Limit ($0.25/$0.50) - 2008/09/04 23:01:02 ET
Table 'Tana II' 9-max Seat #6 is the button
Seat 1: olly_e ($58.55 in chips) 
Seat 2: comein888 ($51.25 in chips) 
Seat 3: Alameda22 ($42.95 in chips) 
Seat 5: NJMikel ($23.20 in chips) 
Seat 6: clinmack ($10.20 in chips) 
Seat 7: buzz75089 ($102.70 in chips) 
Seat 8: Poka1120 ($13.60 in chips) 
buzz75089: posts small blind $0.25
Poka1120: posts big blind $0.50
kizzyy: sits out 
*** HOLE CARDS ***
Dealt to Alameda22 [Ks Ah]
olly_e: folds 
comein888: calls $0.50
Alameda22: raises $2 to $2.50
NJMikel: folds 
clinmack: calls $2.50
buzz75089: folds 
Poka1120: calls $2
comein888: folds 
*** FLOP *** [Ac Td 6c]
Poka1120: checks 
Alameda22: bets $5.50
clinmack: folds 
Poka1120: calls $5.50
*** TURN *** [Ac Td 6c] [4c]
Poka1120: checks 
Alameda22: bets $7
Poka1120: calls $5.60 and is all-in
Uncalled bet ($1.40) returned to Alameda22
*** RIVER *** [Ac Td 6c 4c] [2d]
*** SHOW DOWN ***
Poka1120: shows [Kc Th] (a pair of Tens)
Alameda22: shows [Ks Ah] (a pair of Aces)
Alameda22 collected $29 from pot
*** SUMMARY ***
Total pot $30.45 | Rake $1.45 
Board [Ac Td 6c 4c 2d]
Seat 1: olly_e folded before Flop (didn't bet)
Seat 2: comein888 folded before Flop
Seat 3: Alameda22 showed [Ks Ah] and won ($29) with a pair of Aces
Seat 5: NJMikel folded before Flop (didn't bet)
Seat 6: clinmack (button) folded on the Flop
Seat 7: buzz75089 (small blind) folded before Flop
Seat 8: Poka1120 (big blind) showed [Kc Th] and lost with a pair of Tens



PokerStars Game #20155181120:  Hold'em No Limit ($0.25/$0.50) - 2008/09/04 23:02:08 ET
Table 'Tana II' 9-max Seat #7 is the button
Seat 1: olly_e ($58.55 in chips) 
Seat 2: comein888 ($50.75 in chips) 
Seat 3: Alameda22 ($58.35 in chips) 
Seat 5: NJMikel ($23.20 in chips) 
Seat 6: clinmack ($7.70 in chips) 
Seat 7: buzz75089 ($102.45 in chips) 
kizzyy will be allowed to play after the button
olly_e: posts small blind $0.25
comein888: posts big blind $0.50
*** HOLE CARDS ***
Dealt to Alameda22 [6s 6c]
Poka1120 has returned
Alameda22: folds 
NJMikel: calls $0.50
clinmack: calls $0.50
buzz75089: folds 
olly_e: folds 
Poka1120 leaves the table
comein888: checks 
*** FLOP *** [Qh Kc 4d]
comein888: checks 
NJMikel: bets $2
clinmack: folds 
comein888: folds 
Uncalled bet ($2) returned to NJMikel
NJMikel collected $1.70 from pot
*** SUMMARY ***
Total pot $1.75 | Rake $0.05 
Board [Qh Kc 4d]
Seat 1: olly_e (small blind) folded before Flop
Seat 2: comein888 (big blind) folded on the Flop
Seat 3: Alameda22 folded before Flop (didn't bet)
Seat 5: NJMikel collected ($1.70)
Seat 6: clinmack folded on the Flop
Seat 7: buzz75089 (button) folded before Flop (didn't bet)



PokerStars Game #20155198804:  Hold'em No Limit ($0.25/$0.50) - 2008/09/04 23:02:59 ET
Table 'Tana II' 9-max Seat #1 is the button
Seat 1: olly_e ($58.30 in chips) 
Seat 2: comein888 ($50.25 in chips) 
Seat 3: Alameda22 ($58.35 in chips) 
Seat 5: NJMikel ($24.40 in chips) 
Seat 6: clinmack ($7.20 in chips) 
Seat 7: buzz75089 ($102.45 in chips) 
Seat 9: kizzyy ($21.45 in chips) 
comein888: posts small blind $0.25
Alameda22: posts big blind $0.50
kizzyy: posts big blind $0.50
*** HOLE CARDS ***
Dealt to Alameda22 [3c 2h]
NJMikel: raises $1.50 to $2
clinmack: calls $2
buzz75089: folds 
kizzyy: folds 
olly_e: folds 
comein888: folds 
Alameda22: folds 
*** FLOP *** [5s Ah 6d]
NJMikel: bets $5.20
clinmack: folds 
Uncalled bet ($5.20) returned to NJMikel
NJMikel collected $5 from pot
*** SUMMARY ***
Total pot $5.25 | Rake $0.25 
Board [5s Ah 6d]
Seat 1: olly_e (button) folded before Flop (didn't bet)
Seat 2: comein888 (small blind) folded before Flop
Seat 3: Alameda22 (big blind) folded before Flop
Seat 5: NJMikel collected ($5)
Seat 6: clinmack folded on the Flop
Seat 7: buzz75089 folded before Flop (didn't bet)
Seat 9: kizzyy folded before Flop



PokerStars Game #20155214745:  Hold'em No Limit ($0.25/$0.50) - 2008/09/04 23:03:45 ET
Table 'Tana II' 9-max Seat #2 is the button
Seat 1: olly_e ($58.30 in chips) 
Seat 2: comein888 ($50 in chips) 
Seat 3: Alameda22 ($57.85 in chips) 
Seat 5: NJMikel ($27.40 in chips) 
Seat 6: clinmack ($5.20 in chips) 
Seat 7: buzz75089 ($102.45 in chips) 
Seat 9: kizzyy ($20.95 in chips) 
Alameda22: posts small blind $0.25
NJMikel: posts big blind $0.50
*** HOLE CARDS ***
Dealt to Alameda22 [9h 3s]
clinmack: folds 
Gabonman joins the table at seat #8 
buzz75089: raises $1.50 to $2
kizzyy: folds 
olly_e: folds 
comein888: folds 
Alameda22: folds 
NJMikel: folds 
Uncalled bet ($1.50) returned to buzz75089
buzz75089 collected $1.25 from pot
*** SUMMARY ***
Total pot $1.25 | Rake $0 
Seat 1: olly_e folded before Flop (didn't bet)
Seat 2: comein888 (button) folded before Flop (didn't bet)
Seat 3: Alameda22 (small blind) folded before Flop
Seat 5: NJMikel (big blind) folded before Flop
Seat 6: clinmack folded before Flop (didn't bet)
Seat 7: buzz75089 collected ($1.25)
Seat 9: kizzyy folded before Flop (didn't bet)



PokerStars Game #20155226122:  Hold'em No Limit ($0.25/$0.50) - 2008/09/04 23:04:19 ET
Table 'Tana II' 9-max Seat #3 is the button
Seat 1: olly_e ($58.30 in chips) 
Seat 2: comein888 ($50 in chips) 
Seat 3: Alameda22 ($57.60 in chips) 
Seat 5: NJMikel ($26.90 in chips) 
Seat 6: clinmack ($5.20 in chips) 
Seat 7: buzz75089 ($103.20 in chips) 
Seat 9: kizzyy ($20.95 in chips) 
dwq2300 was removed from the table for failing to post
NJMikel: posts small blind $0.25
clinmack: posts big blind $0.50
Gabonman: sits out 
*** HOLE CARDS ***
Dealt to Alameda22 [2s 8h]
dwq2300 joins the table at seat #4 
dwq2300 is sitting out
buzz75089: folds 
kizzyy: folds 
olly_e: folds 
comein888: folds 
Alameda22: folds 
NJMikel: raises $1.50 to $2
clinmack: calls $1.50
*** FLOP *** [Ks 5s Ts]
NJMikel: bets $4
clinmack: calls $3.20 and is all-in
Uncalled bet ($0.80) returned to NJMikel
*** TURN *** [Ks 5s Ts] [Qs]
*** RIVER *** [Ks 5s Ts Qs] [3d]
*** SHOW DOWN ***
NJMikel: shows [Kh Th] (two pair, Kings and Tens)
clinmack: shows [Tc 6s] (a flush, King high)
clinmack collected $9.90 from pot
*** SUMMARY ***
Total pot $10.40 | Rake $0.50 
Board [Ks 5s Ts Qs 3d]
Seat 1: olly_e folded before Flop (didn't bet)
Seat 2: comein888 folded before Flop (didn't bet)
Seat 3: Alameda22 (button) folded before Flop (didn't bet)
Seat 5: NJMikel (small blind) showed [Kh Th] and lost with two pair, Kings and Tens
Seat 6: clinmack (big blind) showed [Tc 6s] and won ($9.90) with a flush, King high
Seat 7: buzz75089 folded before Flop (didn't bet)
Seat 9: kizzyy folded before Flop (didn't bet)



PokerStars Game #20155245394:  Hold'em No Limit ($0.25/$0.50) - 2008/09/04 23:05:15 ET
Table 'Tana II' 9-max Seat #5 is the button
Seat 1: olly_e ($58.30 in chips) 
Seat 2: comein888 ($50 in chips) 
Seat 3: Alameda22 ($57.60 in chips) 
Seat 5: NJMikel ($21.70 in chips) 
Seat 6: clinmack ($9.90 in chips) 
Seat 7: buzz75089 ($103.20 in chips) 
Seat 9: kizzyy ($20.95 in chips) 
clinmack: posts small blind $0.25
buzz75089: posts big blind $0.50
Gabonman: sits out 
*** HOLE CARDS ***
Dealt to Alameda22 [8s Td]
kizzyy: folds 
olly_e: calls $0.50
comein888: folds 
Alameda22: folds 
NJMikel: folds 
clinmack: folds 
buzz75089: raises $1.50 to $2
olly_e: calls $1.50
*** FLOP *** [9d 5c 7s]
buzz75089: checks 
olly_e: checks 
*** TURN *** [9d 5c 7s] [9s]
buzz75089: checks 
olly_e: checks 
*** RIVER *** [9d 5c 7s 9s] [Kh]
buzz75089: checks 
olly_e: bets $1
buzz75089: calls $1
*** SHOW DOWN ***
olly_e: shows [Qd Ks] (two pair, Kings and Nines)
buzz75089: mucks hand 
olly_e collected $5.95 from pot
*** SUMMARY ***
Total pot $6.25 | Rake $0.30 
Board [9d 5c 7s 9s Kh]
Seat 1: olly_e showed [Qd Ks] and won ($5.95) with two pair, Kings and Nines
Seat 2: comein888 folded before Flop (didn't bet)
Seat 3: Alameda22 folded before Flop (didn't bet)
Seat 5: NJMikel (button) folded before Flop (didn't bet)
Seat 6: clinmack (small blind) folded before Flop
Seat 7: buzz75089 (big blind) mucked [6h 6c]
Seat 9: kizzyy folded before Flop (didn't bet)



PokerStars Game #20155273310:  Hold'em No Limit ($0.25/$0.50) - 2008/09/04 23:06:38 ET
Table 'Tana II' 9-max Seat #6 is the button
Seat 1: olly_e ($61.25 in chips) 
Seat 2: comein888 ($50 in chips) 
Seat 3: Alameda22 ($57.60 in chips) 
Seat 5: NJMikel ($21.70 in chips) 
Seat 6: clinmack ($9.65 in chips) 
Seat 7: buzz75089 ($100.20 in chips) 
Seat 8: Gabonman ($25 in chips) 
Seat 9: kizzyy ($20.95 in chips) 
buzz75089: posts small blind $0.25
Gabonman: posts big blind $0.50
*** HOLE CARDS ***
Dealt to Alameda22 [Kh 5h]
kizzyy: folds 
olly_e: calls $0.50
comein888: folds 
Alameda22: folds 
NJMikel: calls $0.50
clinmack: calls $0.50
buzz75089: calls $0.25
Gabonman: checks 
*** FLOP *** [6h Ks Ah]
buzz75089: checks 
Gabonman: checks 
olly_e: checks 
NJMikel: checks 
clinmack: bets $0.50
buzz75089: folds 
Gabonman: folds 
olly_e: folds 
NJMikel: folds 
Uncalled bet ($0.50) returned to clinmack
clinmack collected $2.40 from pot
clinmack: doesn't show hand 
*** SUMMARY ***
Total pot $2.50 | Rake $0.10 
Board [6h Ks Ah]
Seat 1: olly_e folded on the Flop
Seat 2: comein888 folded before Flop (didn't bet)
Seat 3: Alameda22 folded before Flop (didn't bet)
Seat 5: NJMikel folded on the Flop
Seat 6: clinmack (button) collected ($2.40)
Seat 7: buzz75089 (small blind) folded on the Flop
Seat 8: Gabonman (big blind) folded on the Flop
Seat 9: kizzyy folded before Flop (didn't bet)



PokerStars Game #20155311947:  Hold'em No Limit ($0.25/$0.50) - 2008/09/04 23:08:31 ET
Table 'Tana II' 9-max Seat #7 is the button
Seat 1: olly_e ($60.75 in chips) 
Seat 2: comein888 ($50 in chips) 
Seat 3: Alameda22 ($57.60 in chips) 
Seat 5: NJMikel ($21.20 in chips) 
Seat 6: clinmack ($11.55 in chips) 
Seat 7: buzz75089 ($99.70 in chips) 
Seat 8: Gabonman ($24.50 in chips) 
Seat 9: kizzyy ($20.95 in chips) 
Gabonman: posts small blind $0.25
kizzyy: posts big blind $0.50
*** HOLE CARDS ***
Dealt to Alameda22 [9c Ks]
olly_e: folds 
comein888: folds 
Alameda22: folds 
NJMikel: raises $1.50 to $2
clinmack: calls $2
buzz75089: folds 
Gabonman: calls $1.75
kizzyy: folds 
*** FLOP *** [7s Qs Ah]
Gabonman: checks 
NJMikel: bets $6.20
clinmack: folds 
Gabonman: raises $6.20 to $12.40
NJMikel: calls $6.20
*** TURN *** [7s Qs Ah] [8d]
clinmack leaves the table
Gabonman: bets $7
NJMikel: calls $6.80 and is all-in
Uncalled bet ($0.20) returned to Gabonman
*** RIVER *** [7s Qs Ah 8d] [2s]
RicoJay13 joins the table at seat #6 
*** SHOW DOWN ***
Gabonman: shows [Qc Kc] (a pair of Queens)
NJMikel: shows [Kd Ac] (a pair of Aces)
NJMikel collected $42.75 from pot
*** SUMMARY ***
Total pot $44.90 | Rake $2.15 
Board [7s Qs Ah 8d 2s]
Seat 1: olly_e folded before Flop (didn't bet)
Seat 2: comein888 folded before Flop (didn't bet)
Seat 3: Alameda22 folded before Flop (didn't bet)
Seat 5: NJMikel showed [Kd Ac] and won ($42.75) with a pair of Aces
Seat 6: clinmack folded on the Flop
Seat 7: buzz75089 (button) folded before Flop (didn't bet)
Seat 8: Gabonman (small blind) showed [Qc Kc] and lost with a pair of Queens
Seat 9: kizzyy (big blind) folded before Flop



PokerStars Game #20155342600:  Hold'em No Limit ($0.25/$0.50) - 2008/09/04 23:10:03 ET
Table 'Tana II' 9-max Seat #8 is the button
Seat 1: olly_e ($60.75 in chips) 
Seat 2: comein888 ($50 in chips) 
Seat 3: Alameda22 ($57.60 in chips) 
Seat 5: NJMikel ($42.75 in chips) 
Seat 7: buzz75089 ($99.70 in chips) 
Seat 8: Gabonman ($3.30 in chips) 
Seat 9: kizzyy ($20.45 in chips) 
kizzyy: posts small blind $0.25
olly_e: posts big blind $0.50
RicoJay13: sits out 
*** HOLE CARDS ***
Dealt to Alameda22 [7h 8d]
comein888: folds 
Alameda22: folds 
NJMikel: folds 
buzz75089: folds 
Gabonman: folds 
kizzyy: folds 
Uncalled bet ($0.25) returned to olly_e
olly_e collected $0.50 from pot
*** SUMMARY ***
Total pot $0.50 | Rake $0 
Seat 1: olly_e (big blind) collected ($0.50)
Seat 2: comein888 folded before Flop (didn't bet)
Seat 3: Alameda22 folded before Flop (didn't bet)
Seat 5: NJMikel folded before Flop (didn't bet)
Seat 7: buzz75089 folded before Flop (didn't bet)
Seat 8: Gabonman (button) folded before Flop (didn't bet)
Seat 9: kizzyy (small blind) folded before Flop



PokerStars Game #20155354411:  Hold'em No Limit ($0.25/$0.50) - 2008/09/04 23:10:37 ET
Table 'Tana II' 9-max Seat #9 is the button
Seat 1: olly_e ($61 in chips) 
Seat 2: comein888 ($50 in chips) 
Seat 3: Alameda22 ($57.60 in chips) 
Seat 5: NJMikel ($42.75 in chips) 
Seat 7: buzz75089 ($99.70 in chips) 
Seat 8: Gabonman ($23.40 in chips) 
Seat 9: kizzyy ($20.20 in chips) 
olly_e: posts small blind $0.25
comein888: posts big blind $0.50
RicoJay13: sits out 
*** HOLE CARDS ***
Dealt to Alameda22 [Td 7s]
Alameda22: folds 
NJMikel: folds 
buzz75089: folds 
Gabonman: folds 
kizzyy: calls $0.50
olly_e: calls $0.25
comein888: checks 
*** FLOP *** [9s Js Tc]
olly_e: checks 
comein888: bets $2
kizzyy: folds 
olly_e: folds 
Uncalled bet ($2) returned to comein888
comein888 collected $1.45 from pot
*** SUMMARY ***
Total pot $1.50 | Rake $0.05 
Board [9s Js Tc]
Seat 1: olly_e (small blind) folded on the Flop
Seat 2: comein888 (big blind) collected ($1.45)
Seat 3: Alameda22 folded before Flop (didn't bet)
Seat 5: NJMikel folded before Flop (didn't bet)
Seat 7: buzz75089 folded before Flop (didn't bet)
Seat 8: Gabonman folded before Flop (didn't bet)
Seat 9: kizzyy (button) folded on the Flop



PokerStars Game #20155375509:  Hold'em No Limit ($0.25/$0.50) - 2008/09/04 23:11:41 ET
Table 'Tana II' 9-max Seat #1 is the button
Seat 1: olly_e ($60.50 in chips) 
Seat 2: comein888 ($50.95 in chips) 
Seat 3: Alameda22 ($57.60 in chips) 
Seat 5: NJMikel ($42.75 in chips) 
Seat 7: buzz75089 ($99.70 in chips) 
Seat 8: Gabonman ($23.40 in chips) 
Seat 9: kizzyy ($19.70 in chips) 
comein888: posts small blind $0.25
Alameda22: posts big blind $0.50
RicoJay13: sits out 
*** HOLE CARDS ***
Dealt to Alameda22 [As Jh]
NJMikel: raises $1.50 to $2
buzz75089: folds 
Gabonman: folds 
kizzyy: calls $2
olly_e: folds 
comein888: folds 
Alameda22: folds 
*** FLOP *** [Tc 9c Ad]
NJMikel: bets $5
kizzyy: folds 
Uncalled bet ($5) returned to NJMikel
kizzyy leaves the table
NJMikel collected $4.55 from pot
*** SUMMARY ***
Total pot $4.75 | Rake $0.20 
Board [Tc 9c Ad]
Seat 1: olly_e (button) folded before Flop (didn't bet)
Seat 2: comein888 (small blind) folded before Flop
Seat 3: Alameda22 (big blind) folded before Flop
Seat 5: NJMikel collected ($4.55)
Seat 7: buzz75089 folded before Flop (didn't bet)
Seat 8: Gabonman folded before Flop (didn't bet)
Seat 9: kizzyy folded on the Flop



PokerStars Game #20155400705:  Hold'em No Limit ($0.25/$0.50) - 2008/09/04 23:12:56 ET
Table 'Tana II' 9-max Seat #2 is the button
Seat 1: olly_e ($60.50 in chips) 
Seat 2: comein888 ($50.70 in chips) 
Seat 3: Alameda22 ($57.10 in chips) 
Seat 5: NJMikel ($45.30 in chips) 
Seat 7: buzz75089 ($99.70 in chips) 
Seat 8: Gabonman ($23.40 in chips) 
Alameda22: posts small blind $0.25
NJMikel: posts big blind $0.50
RicoJay13: sits out 
*** HOLE CARDS ***
Dealt to Alameda22 [Tc 6h]
buzz75089: folds 
Gabonman: folds 
olly_e: folds 
comein888: folds 
Alameda22: folds 
Uncalled bet ($0.25) returned to NJMikel
shoninjagun joins the table at seat #9 
NJMikel collected $0.50 from pot
*** SUMMARY ***
Total pot $0.50 | Rake $0 
Seat 1: olly_e folded before Flop (didn't bet)
Seat 2: comein888 (button) folded before Flop (didn't bet)
Seat 3: Alameda22 (small blind) folded before Flop
Seat 5: NJMikel (big blind) collected ($0.50)
Seat 7: buzz75089 folded before Flop (didn't bet)
Seat 8: Gabonman folded before Flop (didn't bet)



PokerStars Game #20155408369:  Hold'em No Limit ($0.25/$0.50) - 2008/09/04 23:13:19 ET
Table 'Tana II' 9-max Seat #3 is the button
Seat 1: olly_e ($60.50 in chips) 
Seat 2: comein888 ($50.70 in chips) 
Seat 3: Alameda22 ($56.85 in chips) 
Seat 5: NJMikel ($45.55 in chips) 
Seat 6: RicoJay13 ($50 in chips) 
Seat 7: buzz75089 ($99.70 in chips) 
Seat 8: Gabonman ($23.40 in chips) 
NJMikel: posts small blind $0.25
RicoJay13: posts big blind $0.50
shoninjagun: sits out 
*** HOLE CARDS ***
Dealt to Alameda22 [8h 2s]
buzz75089: folds 
Gabonman: folds 
olly_e: raises $2 to $2.50
comein888: folds 
Alameda22: folds 
NJMikel: folds 
RicoJay13: folds 
Uncalled bet ($2) returned to olly_e
olly_e collected $1.25 from pot
olly_e: doesn't show hand 
*** SUMMARY ***
Total pot $1.25 | Rake $0 
Seat 1: olly_e collected ($1.25)
Seat 2: comein888 folded before Flop (didn't bet)
Seat 3: Alameda22 (button) folded before Flop (didn't bet)
Seat 5: NJMikel (small blind) folded before Flop
Seat 6: RicoJay13 (big blind) folded before Flop
Seat 7: buzz75089 folded before Flop (didn't bet)
Seat 8: Gabonman folded before Flop (didn't bet)



PokerStars Game #20155421295:  Hold'em No Limit ($0.25/$0.50) - 2008/09/04 23:13:58 ET
Table 'Tana II' 9-max Seat #5 is the button
Seat 1: olly_e ($61.25 in chips) 
Seat 2: comein888 ($50.70 in chips) 
Seat 3: Alameda22 ($56.85 in chips) 
Seat 5: NJMikel ($45.30 in chips) 
Seat 6: RicoJay13 ($49.50 in chips) 
Seat 7: buzz75089 ($99.70 in chips) 
Seat 8: Gabonman ($23.40 in chips) 
RicoJay13: posts small blind $0.25
buzz75089: posts big blind $0.50
shoninjagun: sits out 
*** HOLE CARDS ***
Dealt to Alameda22 [9d 9c]
Gabonman: folds 
olly_e: folds 
comein888: folds 
Alameda22: calls $0.50
NJMikel: raises $0.75 to $1.25
RicoJay13: folds 
buzz75089: folds 
Alameda22: calls $0.75
*** FLOP *** [5d 4s As]
Alameda22: checks 
NJMikel: bets $3.10
Alameda22: folds 
Uncalled bet ($3.10) returned to NJMikel
NJMikel collected $3.10 from pot
*** SUMMARY ***
Total pot $3.25 | Rake $0.15 
Board [5d 4s As]
Seat 1: olly_e folded before Flop (didn't bet)
Seat 2: comein888 folded before Flop (didn't bet)
Seat 3: Alameda22 folded on the Flop
Seat 5: NJMikel (button) collected ($3.10)
Seat 6: RicoJay13 (small blind) folded before Flop
Seat 7: buzz75089 (big blind) folded before Flop
Seat 8: Gabonman folded before Flop (didn't bet)



PokerStars Game #20155444716:  Hold'em No Limit ($0.25/$0.50) - 2008/09/04 23:15:09 ET
Table 'Tana II' 9-max Seat #6 is the button
Seat 1: olly_e ($61.25 in chips) 
Seat 2: comein888 ($50.70 in chips) 
Seat 3: Alameda22 ($55.60 in chips) 
Seat 5: NJMikel ($47.15 in chips) 
Seat 6: RicoJay13 ($49.25 in chips) 
Seat 7: buzz75089 ($99.20 in chips) 
Seat 8: Gabonman ($23.40 in chips) 
buzz75089: posts small blind $0.25
Gabonman: posts big blind $0.50
shoninjagun: sits out 
*** HOLE CARDS ***
Dealt to Alameda22 [3h 9d]
olly_e: folds 
comein888: folds 
Alameda22: folds 
NJMikel: raises $0.50 to $1
RicoJay13: folds 
buzz75089: folds 
Gabonman: folds 
Uncalled bet ($0.50) returned to NJMikel
NJMikel collected $1.25 from pot
*** SUMMARY ***
Total pot $1.25 | Rake $0 
Seat 1: olly_e folded before Flop (didn't bet)
Seat 2: comein888 folded before Flop (didn't bet)
Seat 3: Alameda22 folded before Flop (didn't bet)
Seat 5: NJMikel collected ($1.25)
Seat 6: RicoJay13 (button) folded before Flop (didn't bet)
Seat 7: buzz75089 (small blind) folded before Flop
Seat 8: Gabonman (big blind) folded before Flop



PokerStars Game #20155454652:  Hold'em No Limit ($0.25/$0.50) - 2008/09/04 23:15:39 ET
Table 'Tana II' 9-max Seat #7 is the button
Seat 1: olly_e ($61.25 in chips) 
Seat 2: comein888 ($50.70 in chips) 
Seat 3: Alameda22 ($55.60 in chips) 
Seat 5: NJMikel ($47.90 in chips) 
Seat 6: RicoJay13 ($49.25 in chips) 
Seat 7: buzz75089 ($98.95 in chips) 
Seat 8: Gabonman ($22.90 in chips) 
Seat 9: shoninjagun ($50 in chips) 
Gabonman: posts small blind $0.25
shoninjagun: posts big blind $0.50
*** HOLE CARDS ***
Dealt to Alameda22 [2h Kc]
olly_e: folds 
comein888: folds 
Alameda22: folds 
NJMikel: folds 
RicoJay13: folds 
buzz75089: folds 
Gabonman: folds 
Uncalled bet ($0.25) returned to shoninjagun
shoninjagun collected $0.50 from pot
shoninjagun: doesn't show hand 
*** SUMMARY ***
Total pot $0.50 | Rake $0 
Seat 1: olly_e folded before Flop (didn't bet)
Seat 2: comein888 folded before Flop (didn't bet)
Seat 3: Alameda22 folded before Flop (didn't bet)
Seat 5: NJMikel folded before Flop (didn't bet)
Seat 6: RicoJay13 folded before Flop (didn't bet)
Seat 7: buzz75089 (button) folded before Flop (didn't bet)
Seat 8: Gabonman (small blind) folded before Flop
Seat 9: shoninjagun (big blind) collected ($0.50)



PokerStars Game #20155468652:  Hold'em No Limit ($0.25/$0.50) - 2008/09/04 23:16:21 ET
Table 'Tana II' 9-max Seat #8 is the button
Seat 1: olly_e ($61.25 in chips) 
Seat 2: comein888 ($50.70 in chips) 
Seat 3: Alameda22 ($55.60 in chips) 
Seat 5: NJMikel ($47.90 in chips) 
Seat 6: RicoJay13 ($50 in chips) 
Seat 7: buzz75089 ($98.95 in chips) 
Seat 8: Gabonman ($22.65 in chips) 
Seat 9: shoninjagun ($50.25 in chips) 
shoninjagun: posts small blind $0.25
olly_e: posts big blind $0.50
*** HOLE CARDS ***
Dealt to Alameda22 [Ah 4d]
comein888: folds 
Alameda22: folds 
NJMikel: folds 
RicoJay13: folds 
buzz75089: folds 
Gabonman: folds 
shoninjagun: folds 
Uncalled bet ($0.25) returned to olly_e
olly_e collected $0.50 from pot
*** SUMMARY ***
Total pot $0.50 | Rake $0 
Seat 1: olly_e (big blind) collected ($0.50)
Seat 2: comein888 folded before Flop (didn't bet)
Seat 3: Alameda22 folded before Flop (didn't bet)
Seat 5: NJMikel folded before Flop (didn't bet)
Seat 6: RicoJay13 folded before Flop (didn't bet)
Seat 7: buzz75089 folded before Flop (didn't bet)
Seat 8: Gabonman (button) folded before Flop (didn't bet)
Seat 9: shoninjagun (small blind) folded before Flop



PokerStars Game #20155478161:  Hold'em No Limit ($0.25/$0.50) - 2008/09/04 23:16:50 ET
Table 'Tana II' 9-max Seat #9 is the button
Seat 1: olly_e ($61.50 in chips) 
Seat 2: comein888 ($50.70 in chips) 
Seat 3: Alameda22 ($55.60 in chips) 
Seat 5: NJMikel ($47.90 in chips) 
Seat 6: RicoJay13 ($50 in chips) 
Seat 7: buzz75089 ($98.95 in chips) 
Seat 8: Gabonman ($22.65 in chips) 
Seat 9: shoninjagun ($50 in chips) 
olly_e: posts small blind $0.25
comein888: posts big blind $0.50
*** HOLE CARDS ***
Dealt to Alameda22 [4c 9s]
Alameda22: folds 
NJMikel: folds 
RicoJay13: folds 
buzz75089: folds 
Gabonman: folds 
shoninjagun: raises $1 to $1.50
olly_e: folds 
comein888: raises $5 to $6.50
shoninjagun: folds 
Uncalled bet ($5) returned to comein888
comein888 collected $3.25 from pot
*** SUMMARY ***
Total pot $3.25 | Rake $0 
Seat 1: olly_e (small blind) folded before Flop
Seat 2: comein888 (big blind) collected ($3.25)
Seat 3: Alameda22 folded before Flop (didn't bet)
Seat 5: NJMikel folded before Flop (didn't bet)
Seat 6: RicoJay13 folded before Flop (didn't bet)
Seat 7: buzz75089 folded before Flop (didn't bet)
Seat 8: Gabonman folded before Flop (didn't bet)
Seat 9: shoninjagun (button) folded before Flop



PokerStars Game #20155494184:  Hold'em No Limit ($0.25/$0.50) - 2008/09/04 23:17:38 ET
Table 'Tana II' 9-max Seat #1 is the button
Seat 1: olly_e ($61.25 in chips) 
Seat 2: comein888 ($52.45 in chips) 
Seat 3: Alameda22 ($55.60 in chips) 
Seat 5: NJMikel ($47.90 in chips) 
Seat 6: RicoJay13 ($50 in chips) 
Seat 7: buzz75089 ($98.95 in chips) 
Seat 8: Gabonman ($22.65 in chips) 
Seat 9: shoninjagun ($48.50 in chips) 
comein888: posts small blind $0.25
Alameda22: posts big blind $0.50
*** HOLE CARDS ***
Dealt to Alameda22 [Ad 5h]
NJMikel: calls $0.50
RicoJay13: folds 
buzz75089: folds 
Gabonman: calls $0.50
shoninjagun: folds 
olly_e: folds 
comein888: calls $0.25
Alameda22: checks 
*** FLOP *** [9c As Jd]
comein888: checks 
Alameda22: checks 
NJMikel: bets $2
Gabonman: folds 
comein888: folds 
Alameda22: folds 
Uncalled bet ($2) returned to NJMikel
NJMikel collected $1.90 from pot
*** SUMMARY ***
Total pot $2 | Rake $0.10 
Board [9c As Jd]
Seat 1: olly_e (button) folded before Flop (didn't bet)
Seat 2: comein888 (small blind) folded on the Flop
Seat 3: Alameda22 (big blind) folded on the Flop
Seat 5: NJMikel collected ($1.90)
Seat 6: RicoJay13 folded before Flop (didn't bet)
Seat 7: buzz75089 folded before Flop (didn't bet)
Seat 8: Gabonman folded on the Flop
Seat 9: shoninjagun folded before Flop (didn't bet)



PokerStars Game #20155521100:  Hold'em No Limit ($0.25/$0.50) - 2008/09/04 23:19:00 ET
Table 'Tana II' 9-max Seat #2 is the button
Seat 1: olly_e ($61.25 in chips) 
Seat 2: comein888 ($51.95 in chips) 
Seat 3: Alameda22 ($55.10 in chips) 
Seat 5: NJMikel ($49.30 in chips) 
Seat 6: RicoJay13 ($50 in chips) 
Seat 7: buzz75089 ($98.95 in chips) 
Seat 8: Gabonman ($22.15 in chips) 
Seat 9: shoninjagun ($48.50 in chips) 
Alameda22: posts small blind $0.25
NJMikel: posts big blind $0.50
*** HOLE CARDS ***
Dealt to Alameda22 [Ah Ts]
RicoJay13: raises $1.50 to $2
buzz75089: folds 
Gabonman: folds 
shoninjagun: folds 
olly_e: folds 
comein888: folds 
Alameda22: folds 
NJMikel: raises $1.50 to $3.50
RicoJay13: calls $1.50
*** FLOP *** [7c 3s 3h]
NJMikel: bets $7
RicoJay13: calls $7
*** TURN *** [7c 3s 3h] [Qc]
NJMikel: bets $0.50
RicoJay13: calls $0.50
*** RIVER *** [7c 3s 3h Qc] [Kc]
NJMikel: bets $0.50
RicoJay13: raises $20 to $20.50
NJMikel: folds 
Uncalled bet ($20) returned to RicoJay13
RicoJay13 collected $22.15 from pot
RicoJay13: doesn't show hand 
*** SUMMARY ***
Total pot $23.25 | Rake $1.10 
Board [7c 3s 3h Qc Kc]
Seat 1: olly_e folded before Flop (didn't bet)
Seat 2: comein888 (button) folded before Flop (didn't bet)
Seat 3: Alameda22 (small blind) folded before Flop
Seat 5: NJMikel (big blind) folded on the River
Seat 6: RicoJay13 collected ($22.15)
Seat 7: buzz75089 folded before Flop (didn't bet)
Seat 8: Gabonman folded before Flop (didn't bet)
Seat 9: shoninjagun folded before Flop (didn't bet)



PokerStars Game #20155555028:  Hold'em No Limit ($0.25/$0.50) - 2008/09/04 23:20:43 ET
Table 'Tana II' 9-max Seat #3 is the button
Seat 1: olly_e ($61.25 in chips) 
Seat 2: comein888 ($51.95 in chips) 
Seat 3: Alameda22 ($54.85 in chips) 
Seat 5: NJMikel ($37.80 in chips) 
Seat 6: RicoJay13 ($60.65 in chips) 
Seat 7: buzz75089 ($98.95 in chips) 
Seat 8: Gabonman ($22.15 in chips) 
Seat 9: shoninjagun ($48.50 in chips) 
NJMikel: posts small blind $0.25
RicoJay13: posts big blind $0.50
*** HOLE CARDS ***
Dealt to Alameda22 [4d Ah]
buzz75089: folds 
Gabonman: calls $0.50
shoninjagun: folds 
olly_e: calls $0.50
comein888: folds 
Alameda22: folds 
NJMikel: calls $0.25
RicoJay13: checks 
*** FLOP *** [Qh Jd Kc]
NJMikel: checks 
RicoJay13: checks 
Gabonman: checks 
olly_e: checks 
*** TURN *** [Qh Jd Kc] [5c]
NJMikel: bets $2
RicoJay13: folds 
Gabonman: folds 
olly_e: folds 
Uncalled bet ($2) returned to NJMikel
NJMikel collected $1.90 from pot
*** SUMMARY ***
Total pot $2 | Rake $0.10 
Board [Qh Jd Kc 5c]
Seat 1: olly_e folded on the Turn
Seat 2: comein888 folded before Flop (didn't bet)
Seat 3: Alameda22 (button) folded before Flop (didn't bet)
Seat 5: NJMikel (small blind) collected ($1.90)
Seat 6: RicoJay13 (big blind) folded on the Turn
Seat 7: buzz75089 folded before Flop (didn't bet)
Seat 8: Gabonman folded on the Turn
Seat 9: shoninjagun folded before Flop (didn't bet)



PokerStars Game #20155587421:  Hold'em No Limit ($0.25/$0.50) - 2008/09/04 23:22:23 ET
Table 'Tana II' 9-max Seat #5 is the button
Seat 1: olly_e ($60.75 in chips) 
Seat 2: comein888 ($51.95 in chips) 
Seat 3: Alameda22 ($54.85 in chips) 
Seat 5: NJMikel ($39.20 in chips) 
Seat 6: RicoJay13 ($60.15 in chips) 
Seat 7: buzz75089 ($98.95 in chips) 
Seat 8: Gabonman ($21.65 in chips) 
Seat 9: shoninjagun ($48.50 in chips) 
RicoJay13: posts small blind $0.25
buzz75089: posts big blind $0.50
*** HOLE CARDS ***
Dealt to Alameda22 [8s 8h]
Gabonman: folds 
Gabonman leaves the table
shoninjagun: raises $1 to $1.50
olly_e: folds 
comein888: folds 
Alameda22: calls $1.50
NJMikel: folds 
RicoJay13: calls $1.25
buzz75089: folds 
*** FLOP *** [2d Qs Qd]
RicoJay13: checks 
shoninjagun: bets $1.50
Alameda22: folds 
RicoJay13: folds 
Uncalled bet ($1.50) returned to shoninjagun
shoninjagun collected $4.75 from pot
shoninjagun: doesn't show hand 
*** SUMMARY ***
Total pot $5 | Rake $0.25 
Board [2d Qs Qd]
Seat 1: olly_e folded before Flop (didn't bet)
Seat 2: comein888 folded before Flop (didn't bet)
Seat 3: Alameda22 folded on the Flop
Seat 5: NJMikel (button) folded before Flop (didn't bet)
Seat 6: RicoJay13 (small blind) folded on the Flop
Seat 7: buzz75089 (big blind) folded before Flop
Seat 8: Gabonman folded before Flop (didn't bet)
Seat 9: shoninjagun collected ($4.75)



PokerStars Game #20155615239:  Hold'em No Limit ($0.25/$0.50) - 2008/09/04 23:23:49 ET
Table 'Tana II' 9-max Seat #6 is the button
Seat 1: olly_e ($60.75 in chips) 
Seat 2: comein888 ($51.95 in chips) 
Seat 3: Alameda22 ($53.35 in chips) 
Seat 5: NJMikel ($39.20 in chips) 
Seat 6: RicoJay13 ($58.65 in chips) 
Seat 7: buzz75089 ($98.45 in chips) 
Seat 9: shoninjagun ($51.75 in chips) 
buzz75089: posts small blind $0.25
shoninjagun: posts big blind $0.50
*** HOLE CARDS ***
Dealt to Alameda22 [Qd 8d]
olly_e: calls $0.50
comein888: folds 
Alameda22: folds 
NJMikel: folds 
RicoJay13: folds 
buzz75089: folds 
shoninjagun: checks 
*** FLOP *** [8s 2c 9h]
dwq2300 has returned
shoninjagun: checks 
olly_e: bets $1
shoninjagun: folds 
Uncalled bet ($1) returned to olly_e
olly_e collected $1.20 from pot
olly_e: doesn't show hand 
*** SUMMARY ***
Total pot $1.25 | Rake $0.05 
Board [8s 2c 9h]
Seat 1: olly_e collected ($1.20)
Seat 2: comein888 folded before Flop (didn't bet)
Seat 3: Alameda22 folded before Flop (didn't bet)
Seat 5: NJMikel folded before Flop (didn't bet)
Seat 6: RicoJay13 (button) folded before Flop (didn't bet)
Seat 7: buzz75089 (small blind) folded before Flop
Seat 9: shoninjagun (big blind) folded on the Flop



PokerStars Game #20155631236:  Hold'em No Limit ($0.25/$0.50) - 2008/09/04 23:24:40 ET
Table 'Tana II' 9-max Seat #7 is the button
Seat 1: olly_e ($61.45 in chips) 
Seat 2: comein888 ($51.95 in chips) 
Seat 3: Alameda22 ($53.35 in chips) 
Seat 5: NJMikel ($39.20 in chips) 
Seat 6: RicoJay13 ($58.65 in chips) 
Seat 7: buzz75089 ($98.20 in chips) 
Seat 9: shoninjagun ($51.25 in chips) 
shoninjagun: posts small blind $0.25
olly_e: posts big blind $0.50
dwq2300: sits out 
*** HOLE CARDS ***
Dealt to Alameda22 [4c Ah]
comein888: folds 
Alameda22: folds 
NJMikel: folds 
RicoJay13: folds 
buzz75089: folds 
shoninjagun: raises $1 to $1.50
olly_e: calls $1
*** FLOP *** [Qh Kc 2h]
shoninjagun: bets $2
olly_e: calls $2
*** TURN *** [Qh Kc 2h] [8d]
shoninjagun: bets $4
olly_e: folds 
Uncalled bet ($4) returned to shoninjagun
shoninjagun collected $6.70 from pot
shoninjagun: doesn't show hand 
shoninjagun leaves the table
*** SUMMARY ***
Total pot $7 | Rake $0.30 
Board [Qh Kc 2h 8d]
Seat 1: olly_e (big blind) folded on the Turn
Seat 2: comein888 folded before Flop (didn't bet)
Seat 3: Alameda22 folded before Flop (didn't bet)
Seat 5: NJMikel folded before Flop (didn't bet)
Seat 6: RicoJay13 folded before Flop (didn't bet)
Seat 7: buzz75089 (button) folded before Flop (didn't bet)
Seat 9: shoninjagun (small blind) collected ($6.70)



PokerStars Game #20155674035:  Hold'em No Limit ($0.25/$0.50) - 2008/09/04 23:26:56 ET
Table 'Tana II' 9-max Seat #1 is the button
Seat 1: olly_e ($57.95 in chips) 
Seat 2: comein888 ($51.95 in chips) 
Seat 3: Alameda22 ($53.35 in chips) 
Seat 5: NJMikel ($39.20 in chips) 
Seat 6: RicoJay13 ($58.65 in chips) 
Seat 7: buzz75089 ($98.20 in chips) 
comein888: posts small blind $0.25
Alameda22: posts big blind $0.50
dwq2300: sits out 
*** HOLE CARDS ***
Dealt to Alameda22 [Jh 6s]
NJMikel: folds 
RicoJay13: folds 
buzz75089: folds 
olly_e: raises $1.50 to $2
comein888: raises $6 to $8
Alameda22: folds 
olly_e: folds 
Uncalled bet ($6) returned to comein888
comein888 collected $4.50 from pot
*** SUMMARY ***
Total pot $4.50 | Rake $0 
Seat 1: olly_e (button) folded before Flop
Seat 2: comein888 (small blind) collected ($4.50)
Seat 3: Alameda22 (big blind) folded before Flop
Seat 5: NJMikel folded before Flop (didn't bet)
Seat 6: RicoJay13 folded before Flop (didn't bet)
Seat 7: buzz75089 folded before Flop (didn't bet)



PokerStars Game #20155697984:  Hold'em No Limit ($0.25/$0.50) - 2008/09/04 23:28:11 ET
Table 'Tana II' 9-max Seat #2 is the button
Seat 1: olly_e ($55.95 in chips) 
Seat 2: comein888 ($54.45 in chips) 
Seat 3: Alameda22 ($52.85 in chips) 
Seat 4: dwq2300 ($10 in chips) 
Seat 5: NJMikel ($39.20 in chips) 
Seat 6: RicoJay13 ($58.65 in chips) 
Seat 7: buzz75089 ($98.20 in chips) 
Alameda22: posts small blind $0.25
dwq2300: posts big blind $0.50
*** HOLE CARDS ***
Dealt to Alameda22 [Td 2s]
NJMikel: folds 
RicoJay13: folds 
buzz75089: raises $1.50 to $2
olly_e: folds 
comein888: folds 
Alameda22: folds 
dwq2300: folds 
Uncalled bet ($1.50) returned to buzz75089
buzz75089 collected $1.25 from pot
*** SUMMARY ***
Total pot $1.25 | Rake $0 
Seat 1: olly_e folded before Flop (didn't bet)
Seat 2: comein888 (button) folded before Flop (didn't bet)
Seat 3: Alameda22 (small blind) folded before Flop
Seat 4: dwq2300 (big blind) folded before Flop
Seat 5: NJMikel folded before Flop (didn't bet)
Seat 6: RicoJay13 folded before Flop (didn't bet)
Seat 7: buzz75089 collected ($1.25)



PokerStars Game #20155721475:  Hold'em No Limit ($0.25/$0.50) - 2008/09/04 23:29:26 ET
Table 'Tana II' 9-max Seat #3 is the button
Seat 1: olly_e ($55.95 in chips) 
Seat 2: comein888 ($54.45 in chips) 
Seat 3: Alameda22 ($52.60 in chips) 
Seat 4: dwq2300 ($9.50 in chips) 
Seat 5: NJMikel ($39.20 in chips) 
Seat 6: RicoJay13 ($58.65 in chips) 
Seat 7: buzz75089 ($98.95 in chips) 
dwq2300: posts small blind $0.25
NJMikel: posts big blind $0.50
*** HOLE CARDS ***
Dealt to Alameda22 [9d 7s]
RicoJay13: folds 
buzz75089: folds 
olly_e: calls $0.50
comein888: folds 
Alameda22: folds 
dwq2300: calls $0.25
cabea joins the table at seat #8 
NJMikel: checks 
*** FLOP *** [2h 5h 4d]
dwq2300: checks 
NJMikel: bets $2
olly_e: folds 
dwq2300: folds 
Uncalled bet ($2) returned to NJMikel
NJMikel collected $1.45 from pot
*** SUMMARY ***
Total pot $1.50 | Rake $0.05 
Board [2h 5h 4d]
Seat 1: olly_e folded on the Flop
Seat 2: comein888 folded before Flop (didn't bet)
Seat 3: Alameda22 (button) folded before Flop (didn't bet)
Seat 4: dwq2300 (small blind) folded on the Flop
Seat 5: NJMikel (big blind) collected ($1.45)
Seat 6: RicoJay13 folded before Flop (didn't bet)
Seat 7: buzz75089 folded before Flop (didn't bet)



PokerStars Game #20155746693:  Hold'em No Limit ($0.25/$0.50) - 2008/09/04 23:30:46 ET
Table 'Tana II' 9-max Seat #4 is the button
Seat 1: olly_e ($55.45 in chips) 
Seat 2: comein888 ($54.45 in chips) 
Seat 3: Alameda22 ($52.60 in chips) 
Seat 4: dwq2300 ($9 in chips) 
Seat 5: NJMikel ($40.15 in chips) 
Seat 6: RicoJay13 ($58.65 in chips) 
Seat 7: buzz75089 ($98.95 in chips) 
NJMikel: posts small blind $0.25
RicoJay13: posts big blind $0.50
cabea: sits out 
*** HOLE CARDS ***
Dealt to Alameda22 [5d Jh]
buzz75089: folds 
olly_e: folds 
comein888: raises $1 to $1.50
Alameda22: folds 
dwq2300: folds 
NJMikel: folds 
RicoJay13: folds 
Uncalled bet ($1) returned to comein888
comein888 collected $1.25 from pot
*** SUMMARY ***
Total pot $1.25 | Rake $0 
Seat 1: olly_e folded before Flop (didn't bet)
Seat 2: comein888 collected ($1.25)
Seat 3: Alameda22 folded before Flop (didn't bet)
Seat 4: dwq2300 (button) folded before Flop (didn't bet)
Seat 5: NJMikel (small blind) folded before Flop
Seat 6: RicoJay13 (big blind) folded before Flop
Seat 7: buzz75089 folded before Flop (didn't bet)



PokerStars Game #20155758536:  Hold'em No Limit ($0.25/$0.50) - 2008/09/04 23:31:22 ET
Table 'Tana II' 9-max Seat #5 is the button
Seat 1: olly_e ($55.45 in chips) 
Seat 2: comein888 ($55.20 in chips) 
Seat 3: Alameda22 ($52.60 in chips) 
Seat 4: dwq2300 ($9 in chips) 
Seat 5: NJMikel ($39.90 in chips) 
Seat 6: RicoJay13 ($58.15 in chips) 
Seat 7: buzz75089 ($98.95 in chips) 
RicoJay13: posts small blind $0.25
buzz75089: posts big blind $0.50
cabea: sits out 
*** HOLE CARDS ***
Dealt to Alameda22 [6s 8s]
olly_e: calls $0.50
comein888: folds 
Alameda22: folds 
dwq2300: folds 
NJMikel: raises $1.50 to $2
RicoJay13: folds 
buzz75089: calls $1.50
olly_e: calls $1.50
*** FLOP *** [Tc 3s 7c]
buzz75089: checks 
olly_e: checks 
NJMikel: bets $4
buzz75089: calls $4
olly_e: folds 
*** TURN *** [Tc 3s 7c] [4d]
buzz75089: checks 
NJMikel: checks 
*** RIVER *** [Tc 3s 7c 4d] [4s]
buzz75089: bets $5
NJMikel: folds 
Uncalled bet ($5) returned to buzz75089
buzz75089 collected $13.60 from pot
*** SUMMARY ***
Total pot $14.25 | Rake $0.65 
Board [Tc 3s 7c 4d 4s]
Seat 1: olly_e folded on the Flop
Seat 2: comein888 folded before Flop (didn't bet)
Seat 3: Alameda22 folded before Flop (didn't bet)
Seat 4: dwq2300 folded before Flop (didn't bet)
Seat 5: NJMikel (button) folded on the River
Seat 6: RicoJay13 (small blind) folded before Flop
Seat 7: buzz75089 (big blind) collected ($13.60)



PokerStars Game #20155814650:  Hold'em No Limit ($0.25/$0.50) - 2008/09/04 23:34:17 ET
Table 'Tana II' 9-max Seat #6 is the button
Seat 1: olly_e ($53.45 in chips) 
Seat 2: comein888 ($55.20 in chips) 
Seat 3: Alameda22 ($52.60 in chips) 
Seat 4: dwq2300 ($9 in chips) 
Seat 5: NJMikel ($33.90 in chips) 
Seat 6: RicoJay13 ($57.90 in chips) 
Seat 7: buzz75089 ($106.55 in chips) 
Seat 8: cabea ($15 in chips) 
buzz75089: posts small blind $0.25
cabea: posts big blind $0.50
*** HOLE CARDS ***
Dealt to Alameda22 [3h 3s]
olly_e: folds 
comein888: folds 
Alameda22: folds 
dwq2300: folds 
NJMikel: folds 
NJMikel leaves the table
RicoJay13: folds 
buzz75089: calls $0.25
cabea: checks 
*** FLOP *** [8d Ts Ks]
buzz75089: bets $1
cabea: calls $1
*** TURN *** [8d Ts Ks] [3c]
buzz75089: checks 
cabea: bets $3
buzz75089: calls $3
*** RIVER *** [8d Ts Ks 3c] [Qs]
buzz75089: checks 
cabea: bets $4.50
buzz75089: folds 
Uncalled bet ($4.50) returned to cabea
cabea collected $8.60 from pot
cabea: doesn't show hand 
*** SUMMARY ***
Total pot $9 | Rake $0.40 
Board [8d Ts Ks 3c Qs]
Seat 1: olly_e folded before Flop (didn't bet)
Seat 2: comein888 folded before Flop (didn't bet)
Seat 3: Alameda22 folded before Flop (didn't bet)
Seat 4: dwq2300 folded before Flop (didn't bet)
Seat 5: NJMikel folded before Flop (didn't bet)
Seat 6: RicoJay13 (button) folded before Flop (didn't bet)
Seat 7: buzz75089 (small blind) folded on the River
Seat 8: cabea (big blind) collected ($8.60)



PokerStars Game #20155836988:  Hold'em No Limit ($0.25/$0.50) - 2008/09/04 23:35:28 ET
Table 'Tana II' 9-max Seat #7 is the button
Seat 1: olly_e ($53.45 in chips) 
Seat 2: comein888 ($55.20 in chips) 
Seat 3: Alameda22 ($52.60 in chips) 
Seat 4: dwq2300 ($9 in chips) 
Seat 6: RicoJay13 ($57.90 in chips) 
Seat 7: buzz75089 ($102.05 in chips) 
Seat 8: cabea ($19.10 in chips) 
cabea: posts small blind $0.25
olly_e: posts big blind $0.50
*** HOLE CARDS ***
Dealt to Alameda22 [Qd 3s]
comein888: folds 
Alameda22: folds 
dwq2300: folds 
RicoJay13: folds 
buzz75089: folds 
cabea: calls $0.25
olly_e: checks 
*** FLOP *** [8h Kh 7s]
cabea: checks 
olly_e: checks 
*** TURN *** [8h Kh 7s] [8d]
cabea: checks 
olly_e: checks 
*** RIVER *** [8h Kh 7s 8d] [8s]
cabea: checks 
olly_e: bets $1
cabea: folds 
Uncalled bet ($1) returned to olly_e
olly_e collected $0.95 from pot
olly_e: doesn't show hand 
*** SUMMARY ***
Total pot $1 | Rake $0.05 
Board [8h Kh 7s 8d 8s]
Seat 1: olly_e (big blind) collected ($0.95)
Seat 2: comein888 folded before Flop (didn't bet)
Seat 3: Alameda22 folded before Flop (didn't bet)
Seat 4: dwq2300 folded before Flop (didn't bet)
Seat 6: RicoJay13 folded before Flop (didn't bet)
Seat 7: buzz75089 (button) folded before Flop (didn't bet)
Seat 8: cabea (small blind) folded on the River



PokerStars Game #20155863489:  Hold'em No Limit ($0.25/$0.50) - 2008/09/04 23:36:52 ET
Table 'Tana II' 9-max Seat #8 is the button
Seat 1: olly_e ($53.90 in chips) 
Seat 3: Alameda22 ($52.60 in chips) 
Seat 4: dwq2300 ($9 in chips) 
Seat 6: RicoJay13 ($57.90 in chips) 
Seat 7: buzz75089 ($102.05 in chips) 
Seat 8: cabea ($18.60 in chips) 
olly_e: posts small blind $0.25
comein888: is sitting out 
Alameda22: posts big blind $0.50
*** HOLE CARDS ***
Dealt to Alameda22 [As Kc]
comein888 leaves the table
dwq2300: folds 
RicoJay13: folds 
buzz75089: folds 
cabea: raises $1.50 to $2
olly_e: folds 
Alameda22: calls $1.50
*** FLOP *** [3s Ks 7h]
Alameda22: checks 
cabea: bets $2
Alameda22: raises $4 to $6
cabea: raises $4 to $10
Alameda22: raises $40.60 to $50.60 and is all-in
cabea: calls $6.60 and is all-in
Uncalled bet ($34) returned to Alameda22
*** TURN *** [3s Ks 7h] [Td]
*** RIVER *** [3s Ks 7h Td] [5s]
*** SHOW DOWN ***
Alameda22: shows [As Kc] (a pair of Kings)
cabea: shows [Kh Ah] (a pair of Kings)
Alameda22 collected $17.80 from pot
cabea collected $17.80 from pot
*** SUMMARY ***
Total pot $37.45 | Rake $1.85 
Board [3s Ks 7h Td 5s]
Seat 1: olly_e (small blind) folded before Flop
Seat 3: Alameda22 (big blind) showed [As Kc] and won ($17.80) with a pair of Kings
Seat 4: dwq2300 folded before Flop (didn't bet)
Seat 6: RicoJay13 folded before Flop (didn't bet)
Seat 7: buzz75089 folded before Flop (didn't bet)
Seat 8: cabea (button) showed [Kh Ah] and won ($17.80) with a pair of Kings



PokerStars Game #20155895959:  Hold'em No Limit ($0.25/$0.50) - 2008/09/04 23:38:35 ET
Table 'Tana II' 9-max Seat #1 is the button
Seat 1: olly_e ($53.65 in chips) 
Seat 3: Alameda22 ($51.80 in chips) 
Seat 6: RicoJay13 ($57.90 in chips) 
Seat 7: buzz75089 ($102.05 in chips) 
Seat 8: cabea ($17.80 in chips) 
Alameda22: posts small blind $0.25
dwq2300: is sitting out 
RicoJay13: posts big blind $0.50
*** HOLE CARDS ***
Dealt to Alameda22 [Th 5d]
buzz75089: folds 
cabea: raises $1 to $1.50
olly_e: folds 
Alameda22: folds 
RicoJay13: folds 
Uncalled bet ($1) returned to cabea
cabea collected $1.25 from pot
cabea: doesn't show hand 
*** SUMMARY ***
Total pot $1.25 | Rake $0 
Seat 1: olly_e (button) folded before Flop (didn't bet)
Seat 3: Alameda22 (small blind) folded before Flop
Seat 6: RicoJay13 (big blind) folded before Flop
Seat 7: buzz75089 folded before Flop (didn't bet)
Seat 8: cabea collected ($1.25)



PokerStars Game #20155915074:  Hold'em No Limit ($0.25/$0.50) - 2008/09/04 23:39:35 ET
Table 'Tana II' 9-max Seat #3 is the button
Seat 1: olly_e ($53.65 in chips) 
Seat 3: Alameda22 ($51.55 in chips) 
Seat 6: RicoJay13 ($57.40 in chips) 
Seat 7: buzz75089 ($102.05 in chips) 
Seat 8: cabea ($18.55 in chips) 
RicoJay13: posts small blind $0.25
buzz75089: posts big blind $0.50
*** HOLE CARDS ***
Dealt to Alameda22 [Tc Td]
cabea: folds 
olly_e: folds 
Alameda22: raises $1.50 to $2
RicoJay13: folds 
cabea is sitting out
buzz75089: folds 
Uncalled bet ($1.50) returned to Alameda22
Alameda22 collected $1.25 from pot
Alameda22: doesn't show hand 
*** SUMMARY ***
Total pot $1.25 | Rake $0 
Seat 1: olly_e folded before Flop (didn't bet)
Seat 3: Alameda22 (button) collected ($1.25)
Seat 6: RicoJay13 (small blind) folded before Flop
Seat 7: buzz75089 (big blind) folded before Flop
Seat 8: cabea folded before Flop (didn't bet)



PokerStars Game #20155928660:  Hold'em No Limit ($0.25/$0.50) - 2008/09/04 23:40:18 ET
Table 'Tana II' 9-max Seat #6 is the button
Seat 1: olly_e ($53.65 in chips) 
Seat 3: Alameda22 ($52.30 in chips) 
Seat 6: RicoJay13 ($57.15 in chips) 
Seat 7: buzz75089 ($101.55 in chips) 
buzz75089: posts small blind $0.25
olly_e: posts big blind $0.50
*** HOLE CARDS ***
Dealt to Alameda22 [7h Th]
Alameda22: folds 
RicoJay13: folds 
buzz75089: calls $0.25
olly_e: checks 
*** FLOP *** [5d 7c Tc]
buzz75089: bets $1.50
olly_e: raises $2.50 to $4
buzz75089: calls $2.50
*** TURN *** [5d 7c Tc] [Qd]
buzz75089: checks 
olly_e: bets $5.50
buzz75089: calls $5.50
*** RIVER *** [5d 7c Tc Qd] [6s]
buzz75089: checks 
olly_e: bets $11.50
buzz75089: folds 
Uncalled bet ($11.50) returned to olly_e
olly_e collected $19.05 from pot
*** SUMMARY ***
Total pot $20 | Rake $0.95 
Board [5d 7c Tc Qd 6s]
Seat 1: olly_e (big blind) collected ($19.05)
Seat 3: Alameda22 folded before Flop (didn't bet)
Seat 6: RicoJay13 (button) folded before Flop (didn't bet)
Seat 7: buzz75089 (small blind) folded on the River



PokerStars Game #20155962751:  Hold'em No Limit ($0.25/$0.50) - 2008/09/04 23:42:06 ET
Table 'Tana II' 9-max Seat #7 is the button
Seat 1: olly_e ($62.70 in chips) 
Seat 3: Alameda22 ($52.30 in chips) 
Seat 6: RicoJay13 ($57.15 in chips) 
Seat 7: buzz75089 ($91.55 in chips) 
olly_e: posts small blind $0.25
Alameda22: posts big blind $0.50
*** HOLE CARDS ***
Dealt to Alameda22 [4h 7d]
RicoJay13: folds 
buzz75089: folds 
olly_e: calls $0.25
Alameda22: checks 
*** FLOP *** [Jd Kd 6h]
olly_e: checks 
Alameda22: checks 
*** TURN *** [Jd Kd 6h] [9h]
olly_e: bets $0.50
Alameda22: folds 
Uncalled bet ($0.50) returned to olly_e
olly_e collected $0.95 from pot
*** SUMMARY ***
Total pot $1 | Rake $0.05 
Board [Jd Kd 6h 9h]
Seat 1: olly_e (small blind) collected ($0.95)
Seat 3: Alameda22 (big blind) folded on the Turn
Seat 6: RicoJay13 folded before Flop (didn't bet)
Seat 7: buzz75089 (button) folded before Flop (didn't bet)



PokerStars Game #20155978961:  Hold'em No Limit ($0.25/$0.50) - 2008/09/04 23:42:58 ET
Table 'Tana II' 9-max Seat #1 is the button
Seat 1: olly_e ($63.15 in chips) 
Seat 3: Alameda22 ($51.80 in chips) 
Seat 7: buzz75089 ($91.55 in chips) 
Alameda22: posts small blind $0.25
RicoJay13: is sitting out 
buzz75089: posts big blind $0.50
*** HOLE CARDS ***
Dealt to Alameda22 [5s Jd]
RicoJay13 leaves the table
olly_e: folds 
Alameda22: folds 
Uncalled bet ($0.25) returned to buzz75089
buzz75089 collected $0.50 from pot
*** SUMMARY ***
Total pot $0.50 | Rake $0 
Seat 1: olly_e (button) folded before Flop (didn't bet)
Seat 3: Alameda22 (small blind) folded before Flop
Seat 7: buzz75089 (big blind) collected ($0.50)



PokerStars Game #20155987994:  Hold'em No Limit ($0.25/$0.50) - 2008/09/04 23:43:27 ET
Table 'Tana II' 9-max Seat #3 is the button
Seat 1: olly_e ($63.15 in chips) 
Seat 3: Alameda22 ($51.55 in chips) 
Seat 7: buzz75089 ($91.80 in chips) 
buzz75089: posts small blind $0.25
olly_e: posts big blind $0.50
*** HOLE CARDS ***
Dealt to Alameda22 [5h Td]
Alameda22: folds 
buzz75089: folds 
Uncalled bet ($0.25) returned to olly_e
olly_e collected $0.50 from pot
*** SUMMARY ***
Total pot $0.50 | Rake $0 
Seat 1: olly_e (big blind) collected ($0.50)
Seat 3: Alameda22 (button) folded before Flop (didn't bet)
Seat 7: buzz75089 (small blind) folded before Flop



