PokerStars Game #19570400411:  Hold'em No Limit ($0.10/$0.25) - 2008/08/12 - 18:51:06 (ET)
Table 'Gutemberga II' 9-max Seat #8 is the button
Seat 1: Alameda22 ($25 in chips) 
Seat 2: Cheezers2222 ($23.95 in chips) 
Seat 4: dezzy33 ($20.70 in chips) 
Seat 5: 19butch72 ($8.30 in chips) 
Seat 6: toverQ ($22.50 in chips) 
Seat 7: GSEJIM ($4.45 in chips) 
Seat 8: maury728 ($17 in chips) 
Seat 9: Chris_Rdam ($25.95 in chips) 
Chris_Rdam: posts small blind $0.10
Alameda22: posts big blind $0.25
Bananazoo: sits out 
*** HOLE CARDS ***
Dealt to Alameda22 [Ks 3h]
Cheezers2222: folds 
dezzy33: folds 
19butch72: calls $0.25
toverQ: folds 
GSEJIM: raises $0.25 to $0.50
maury728: folds 
maury728 is sitting out
Chris_Rdam: folds 
Alameda22: folds 
19butch72: calls $0.25
*** FLOP *** [4s 3c Ah]
19butch72: checks 
GSEJIM: bets $0.25
19butch72: calls $0.25
*** TURN *** [4s 3c Ah] [Js]
19butch72: checks 
GSEJIM: bets $0.50
19butch72: calls $0.50
*** RIVER *** [4s 3c Ah Js] [Ts]
19butch72: checks 
GSEJIM: checks 
*** SHOW DOWN ***
19butch72: shows [3d 4d] (two pair, Fours and Threes)
GSEJIM: mucks hand 
19butch72 collected $2.75 from pot
*** SUMMARY ***
Total pot $2.85 | Rake $0.10 
Board [4s 3c Ah Js Ts]
Seat 1: Alameda22 (big blind) folded before Flop
Seat 2: Cheezers2222 folded before Flop (didn't bet)
Seat 4: dezzy33 folded before Flop (didn't bet)
Seat 5: 19butch72 showed [3d 4d] and won ($2.75) with two pair, Fours and Threes
Seat 6: toverQ folded before Flop (didn't bet)
Seat 7: GSEJIM mucked [As 7d]
Seat 8: maury728 (button) folded before Flop (didn't bet)
Seat 9: Chris_Rdam (small blind) folded before Flop



PokerStars Game #19570430245:  Hold'em No Limit ($0.10/$0.25) - 2008/08/12 - 18:52:23 (ET)
Table 'Gutemberga II' 9-max Seat #9 is the button
Seat 1: Alameda22 ($24.75 in chips) 
Seat 2: Cheezers2222 ($23.95 in chips) 
Seat 4: dezzy33 ($20.70 in chips) 
Seat 5: 19butch72 ($9.80 in chips) 
Seat 6: toverQ ($22.50 in chips) 
Seat 7: GSEJIM ($3.20 in chips) 
Seat 9: Chris_Rdam ($25.85 in chips) 
Alameda22: posts small blind $0.10
Cheezers2222: posts big blind $0.25
Bananazoo: sits out 
*** HOLE CARDS ***
Dealt to Alameda22 [Kc 4h]
dezzy33: folds 
19butch72: folds 
toverQ: folds 
GSEJIM: folds 
Chris_Rdam: raises $0.50 to $0.75
Alameda22: folds 
Cheezers2222: folds 
Uncalled bet ($0.50) returned to Chris_Rdam
Chris_Rdam collected $0.60 from pot
Chris_Rdam: doesn't show hand 
*** SUMMARY ***
Total pot $0.60 | Rake $0 
Seat 1: Alameda22 (small blind) folded before Flop
Seat 2: Cheezers2222 (big blind) folded before Flop
Seat 4: dezzy33 folded before Flop (didn't bet)
Seat 5: 19butch72 folded before Flop (didn't bet)
Seat 6: toverQ folded before Flop (didn't bet)
Seat 7: GSEJIM folded before Flop (didn't bet)
Seat 9: Chris_Rdam (button) collected ($0.60)



PokerStars Game #19570450224:  Hold'em No Limit ($0.10/$0.25) - 2008/08/12 - 18:53:15 (ET)
Table 'Gutemberga II' 9-max Seat #1 is the button
Seat 1: Alameda22 ($24.65 in chips) 
Seat 2: Cheezers2222 ($23.70 in chips) 
Seat 3: Bananazoo ($25 in chips) 
Seat 4: dezzy33 ($20.70 in chips) 
Seat 5: 19butch72 ($9.80 in chips) 
Seat 6: toverQ ($22.50 in chips) 
Seat 7: GSEJIM ($3.20 in chips) 
Seat 9: Chris_Rdam ($26.20 in chips) 
Cheezers2222: posts small blind $0.10
Bananazoo: posts big blind $0.25
*** HOLE CARDS ***
Dealt to Alameda22 [6d 7s]
dezzy33: folds 
19butch72: folds 
toverQ: raises $1 to $1.25
GSEJIM: folds 
Chris_Rdam: folds 
Alameda22: folds 
Cheezers2222: folds 
Bananazoo: folds 
Uncalled bet ($1) returned to toverQ
toverQ collected $0.60 from pot
toverQ: doesn't show hand 
*** SUMMARY ***
Total pot $0.60 | Rake $0 
Seat 1: Alameda22 (button) folded before Flop (didn't bet)
Seat 2: Cheezers2222 (small blind) folded before Flop
Seat 3: Bananazoo (big blind) folded before Flop
Seat 4: dezzy33 folded before Flop (didn't bet)
Seat 5: 19butch72 folded before Flop (didn't bet)
Seat 6: toverQ collected ($0.60)
Seat 7: GSEJIM folded before Flop (didn't bet)
Seat 9: Chris_Rdam folded before Flop (didn't bet)



PokerStars Game #19570461534:  Hold'em No Limit ($0.10/$0.25) - 2008/08/12 - 18:53:44 (ET)
Table 'Gutemberga II' 9-max Seat #2 is the button
Seat 1: Alameda22 ($24.65 in chips) 
Seat 2: Cheezers2222 ($23.60 in chips) 
Seat 3: Bananazoo ($24.75 in chips) 
Seat 4: dezzy33 ($20.70 in chips) 
Seat 5: 19butch72 ($9.80 in chips) 
Seat 6: toverQ ($22.85 in chips) 
Seat 7: GSEJIM ($3.20 in chips) 
Seat 9: Chris_Rdam ($26.20 in chips) 
Bananazoo: posts small blind $0.10
dezzy33: posts big blind $0.25
*** HOLE CARDS ***
Dealt to Alameda22 [Kd Ad]
19butch72: raises $1 to $1.25
toverQ: folds 
GSEJIM: calls $1.25
Chris_Rdam: folds 
Alameda22: raises $2.50 to $3.75
Cheezers2222: folds 
Bananazoo: folds 
dezzy33: folds 
19butch72: calls $2.50
GSEJIM: calls $1.95 and is all-in
*** FLOP *** [Ah 8d Qs]
19butch72: bets $6.05 and is all-in
Alameda22: calls $6.05
*** TURN *** [Ah 8d Qs] [As]
*** RIVER *** [Ah 8d Qs As] [Jc]
*** SHOW DOWN ***
19butch72: shows [Jd 5d] (two pair, Aces and Jacks)
Alameda22: shows [Kd Ad] (three of a kind, Aces)
Alameda22 collected $12.55 from side pot
GSEJIM: mucks hand 
Alameda22 collected $9.50 from main pot
*** SUMMARY ***
Total pot $23.15 Main pot $9.50. Side pot $12.55. | Rake $1.10 
Board [Ah 8d Qs As Jc]
Seat 1: Alameda22 showed [Kd Ad] and won ($22.05) with three of a kind, Aces
Seat 2: Cheezers2222 (button) folded before Flop (didn't bet)
Seat 3: Bananazoo (small blind) folded before Flop
Seat 4: dezzy33 (big blind) folded before Flop
Seat 5: 19butch72 showed [Jd 5d] and lost with two pair, Aces and Jacks
Seat 6: toverQ folded before Flop (didn't bet)
Seat 7: GSEJIM mucked [8c 7c]
Seat 9: Chris_Rdam folded before Flop (didn't bet)



PokerStars Game #19570485781:  Hold'em No Limit ($0.10/$0.25) - 2008/08/12 - 18:54:47 (ET)
Table 'Gutemberga II' 9-max Seat #3 is the button
Seat 1: Alameda22 ($36.90 in chips) 
Seat 2: Cheezers2222 ($23.60 in chips) 
Seat 3: Bananazoo ($24.65 in chips) 
Seat 4: dezzy33 ($20.45 in chips) 
Seat 6: toverQ ($22.85 in chips) 
Seat 9: Chris_Rdam ($26.20 in chips) 
dezzy33: posts small blind $0.10
toverQ: posts big blind $0.25
*** HOLE CARDS ***
Dealt to Alameda22 [Td Qc]
Chris_Rdam: raises $0.75 to $1
Alameda22: folds 
GSEJIM leaves the table
19butch72 leaves the table
Cheezers2222: calls $1
Bananazoo: folds 
maury728 has returned
dezzy33: folds 
toverQ: folds 
*** FLOP *** [4s 3h 9h]
D. AK-47 joins the table at seat #5 
ILP_Pr joins the table at seat #7 
Chris_Rdam: checks 
Cheezers2222: checks 
*** TURN *** [4s 3h 9h] [2s]
Chris_Rdam: bets $1.75
Cheezers2222: folds 
Uncalled bet ($1.75) returned to Chris_Rdam
Chris_Rdam collected $2.25 from pot
Chris_Rdam: doesn't show hand 
*** SUMMARY ***
Total pot $2.35 | Rake $0.10 
Board [4s 3h 9h 2s]
Seat 1: Alameda22 folded before Flop (didn't bet)
Seat 2: Cheezers2222 folded on the Turn
Seat 3: Bananazoo (button) folded before Flop (didn't bet)
Seat 4: dezzy33 (small blind) folded before Flop
Seat 6: toverQ (big blind) folded before Flop
Seat 9: Chris_Rdam collected ($2.25)



PokerStars Game #19570511698:  Hold'em No Limit ($0.10/$0.25) - 2008/08/12 - 18:55:54 (ET)
Table 'Gutemberga II' 9-max Seat #4 is the button
Seat 1: Alameda22 ($36.90 in chips) 
Seat 2: Cheezers2222 ($22.60 in chips) 
Seat 3: Bananazoo ($24.65 in chips) 
Seat 4: dezzy33 ($20.35 in chips) 
Seat 6: toverQ ($22.60 in chips) 
Seat 7: ILP_Pr ($5 in chips) 
Seat 8: maury728 ($17 in chips) 
Seat 9: Chris_Rdam ($27.45 in chips) 
D. AK-47 will be allowed to play after the button
toverQ: posts small blind $0.10
ILP_Pr: posts big blind $0.25
*** HOLE CARDS ***
Dealt to Alameda22 [Qd Kc]
maury728: folds 
Chris_Rdam: folds 
Alameda22: folds 
Cheezers2222: folds 
maury728 leaves the table
Bananazoo: folds 
dezzy33: folds 
trastras joins the table at seat #8 
toverQ: calls $0.15
ILP_Pr: checks 
*** FLOP *** [8h Ts 6c]
toverQ: bets $1
ILP_Pr: folds 
Uncalled bet ($1) returned to toverQ
toverQ collected $0.50 from pot
toverQ: doesn't show hand 
*** SUMMARY ***
Total pot $0.50 | Rake $0 
Board [8h Ts 6c]
Seat 1: Alameda22 folded before Flop (didn't bet)
Seat 2: Cheezers2222 folded before Flop (didn't bet)
Seat 3: Bananazoo folded before Flop (didn't bet)
Seat 4: dezzy33 (button) folded before Flop (didn't bet)
Seat 6: toverQ (small blind) collected ($0.50)
Seat 7: ILP_Pr (big blind) folded on the Flop
Seat 8: maury728 folded before Flop (didn't bet)
Seat 9: Chris_Rdam folded before Flop (didn't bet)



PokerStars Game #19570528904:  Hold'em No Limit ($0.10/$0.25) - 2008/08/12 - 18:56:38 (ET)
Table 'Gutemberga II' 9-max Seat #6 is the button
Seat 1: Alameda22 ($36.90 in chips) 
Seat 2: Cheezers2222 ($22.60 in chips) 
Seat 3: Bananazoo ($24.65 in chips) 
Seat 4: dezzy33 ($20.35 in chips) 
Seat 5: D. AK-47 ($15 in chips) 
Seat 6: toverQ ($22.85 in chips) 
Seat 7: ILP_Pr ($4.75 in chips) 
Seat 8: trastras ($25 in chips) 
Seat 9: Chris_Rdam ($27.45 in chips) 
ILP_Pr: posts small blind $0.10
trastras: posts big blind $0.25
D. AK-47: posts big blind $0.25
*** HOLE CARDS ***
Dealt to Alameda22 [7s 5d]
Chris_Rdam: folds 
Alameda22: folds 
Cheezers2222: calls $0.25
Bananazoo: folds 
dezzy33: folds 
D. AK-47: checks 
toverQ: folds 
ILP_Pr: folds 
trastras: checks 
*** FLOP *** [3h Ah Ac]
trastras: checks 
Cheezers2222: checks 
D. AK-47: checks 
*** TURN *** [3h Ah Ac] [Ks]
trastras: checks 
Cheezers2222: checks 
D. AK-47: checks 
*** RIVER *** [3h Ah Ac Ks] [8c]
trastras: checks 
Cheezers2222: checks 
D. AK-47: checks 
*** SHOW DOWN ***
trastras: shows [3d 5s] (two pair, Aces and Threes)
Cheezers2222: mucks hand 
D. AK-47: shows [7d 8h] (two pair, Aces and Eights)
D. AK-47 collected $0.85 from pot
*** SUMMARY ***
Total pot $0.85 | Rake $0 
Board [3h Ah Ac Ks 8c]
Seat 1: Alameda22 folded before Flop (didn't bet)
Seat 2: Cheezers2222 mucked [Jh Tc]
Seat 3: Bananazoo folded before Flop (didn't bet)
Seat 4: dezzy33 folded before Flop (didn't bet)
Seat 5: D. AK-47 showed [7d 8h] and won ($0.85) with two pair, Aces and Eights
Seat 6: toverQ (button) folded before Flop (didn't bet)
Seat 7: ILP_Pr (small blind) folded before Flop
Seat 8: trastras (big blind) showed [3d 5s] and lost with two pair, Aces and Threes
Seat 9: Chris_Rdam folded before Flop (didn't bet)



PokerStars Game #19570563991:  Hold'em No Limit ($0.10/$0.25) - 2008/08/12 - 18:58:10 (ET)
Table 'Gutemberga II' 9-max Seat #7 is the button
Seat 1: Alameda22 ($36.90 in chips) 
Seat 2: Cheezers2222 ($22.35 in chips) 
Seat 3: Bananazoo ($24.65 in chips) 
Seat 4: dezzy33 ($20.35 in chips) 
Seat 5: D. AK-47 ($15.60 in chips) 
Seat 6: toverQ ($22.85 in chips) 
Seat 7: ILP_Pr ($4.65 in chips) 
Seat 8: trastras ($24.75 in chips) 
Seat 9: Chris_Rdam ($27.45 in chips) 
trastras: posts small blind $0.10
Chris_Rdam: posts big blind $0.25
*** HOLE CARDS ***
Dealt to Alameda22 [Jh 4h]
Alameda22: folds 
Cheezers2222: folds 
Bananazoo: folds 
dezzy33: raises $0.50 to $0.75
D. AK-47: folds 
toverQ: calls $0.75
ILP_Pr: folds 
trastras: folds 
Chris_Rdam: folds 
*** FLOP *** [2h 6d 9h]
dezzy33: bets $1
toverQ: folds 
Uncalled bet ($1) returned to dezzy33
dezzy33 collected $1.80 from pot
dezzy33: doesn't show hand 
*** SUMMARY ***
Total pot $1.85 | Rake $0.05 
Board [2h 6d 9h]
Seat 1: Alameda22 folded before Flop (didn't bet)
Seat 2: Cheezers2222 folded before Flop (didn't bet)
Seat 3: Bananazoo folded before Flop (didn't bet)
Seat 4: dezzy33 collected ($1.80)
Seat 5: D. AK-47 folded before Flop (didn't bet)
Seat 6: toverQ folded on the Flop
Seat 7: ILP_Pr (button) folded before Flop (didn't bet)
Seat 8: trastras (small blind) folded before Flop
Seat 9: Chris_Rdam (big blind) folded before Flop



PokerStars Game #19570585771:  Hold'em No Limit ($0.10/$0.25) - 2008/08/12 - 18:59:07 (ET)
Table 'Gutemberga II' 9-max Seat #8 is the button
Seat 1: Alameda22 ($36.90 in chips) 
Seat 2: Cheezers2222 ($22.35 in chips) 
Seat 3: Bananazoo ($24.65 in chips) 
Seat 4: dezzy33 ($21.40 in chips) 
Seat 5: D. AK-47 ($15.60 in chips) 
Seat 6: toverQ ($22.10 in chips) 
Seat 7: ILP_Pr ($4.65 in chips) 
Seat 8: trastras ($25 in chips) 
Seat 9: Chris_Rdam ($27.20 in chips) 
Chris_Rdam: posts small blind $0.10
Alameda22: posts big blind $0.25
*** HOLE CARDS ***
Dealt to Alameda22 [Jh Ts]
Cheezers2222: calls $0.25
Bananazoo: folds 
dezzy33: folds 
D. AK-47: folds 
toverQ: raises $1 to $1.25
ILP_Pr: folds 
trastras: folds 
Chris_Rdam: folds 
Alameda22: folds 
Cheezers2222: calls $1
*** FLOP *** [5d 2d 4h]
Cheezers2222: checks 
toverQ: bets $1.50
Cheezers2222: folds 
Uncalled bet ($1.50) returned to toverQ
toverQ collected $2.75 from pot
toverQ: doesn't show hand 
*** SUMMARY ***
Total pot $2.85 | Rake $0.10 
Board [5d 2d 4h]
Seat 1: Alameda22 (big blind) folded before Flop
Seat 2: Cheezers2222 folded on the Flop
Seat 3: Bananazoo folded before Flop (didn't bet)
Seat 4: dezzy33 folded before Flop (didn't bet)
Seat 5: D. AK-47 folded before Flop (didn't bet)
Seat 6: toverQ collected ($2.75)
Seat 7: ILP_Pr folded before Flop (didn't bet)
Seat 8: trastras (button) folded before Flop (didn't bet)
Seat 9: Chris_Rdam (small blind) folded before Flop



PokerStars Game #19570602518:  Hold'em No Limit ($0.10/$0.25) - 2008/08/12 - 18:59:52 (ET)
Table 'Gutemberga II' 9-max Seat #9 is the button
Seat 1: Alameda22 ($36.65 in chips) 
Seat 2: Cheezers2222 ($21.10 in chips) 
Seat 3: Bananazoo ($24.65 in chips) 
Seat 4: dezzy33 ($21.40 in chips) 
Seat 5: D. AK-47 ($15.60 in chips) 
Seat 6: toverQ ($23.60 in chips) 
Seat 7: ILP_Pr ($4.65 in chips) 
Seat 8: trastras ($25 in chips) 
Seat 9: Chris_Rdam ($27.10 in chips) 
Alameda22: posts small blind $0.10
Cheezers2222: posts big blind $0.25
*** HOLE CARDS ***
Dealt to Alameda22 [8c Ah]
Bananazoo: folds 
dezzy33: raises $0.50 to $0.75
D. AK-47: raises $1.50 to $2.25
toverQ: folds 
ILP_Pr: folds 
trastras: folds 
Chris_Rdam: folds 
Alameda22: folds 
Cheezers2222: folds 
dezzy33: calls $1.50
*** FLOP *** [Jc Qh 6h]
dezzy33: checks 
D. AK-47: bets $3.50
dezzy33: folds 
Uncalled bet ($3.50) returned to D. AK-47
D. AK-47 collected $4.65 from pot
D. AK-47: doesn't show hand 
*** SUMMARY ***
Total pot $4.85 | Rake $0.20 
Board [Jc Qh 6h]
Seat 1: Alameda22 (small blind) folded before Flop
Seat 2: Cheezers2222 (big blind) folded before Flop
Seat 3: Bananazoo folded before Flop (didn't bet)
Seat 4: dezzy33 folded on the Flop
Seat 5: D. AK-47 collected ($4.65)
Seat 6: toverQ folded before Flop (didn't bet)
Seat 7: ILP_Pr folded before Flop (didn't bet)
Seat 8: trastras folded before Flop (didn't bet)
Seat 9: Chris_Rdam (button) folded before Flop (didn't bet)



PokerStars Game #19570624732:  Hold'em No Limit ($0.10/$0.25) - 2008/08/12 - 19:00:49 (ET)
Table 'Gutemberga II' 9-max Seat #1 is the button
Seat 1: Alameda22 ($36.55 in chips) 
Seat 2: Cheezers2222 ($20.85 in chips) 
Seat 3: Bananazoo ($24.65 in chips) 
Seat 4: dezzy33 ($19.15 in chips) 
Seat 5: D. AK-47 ($18 in chips) 
Seat 6: toverQ ($23.60 in chips) 
Seat 7: ILP_Pr ($4.65 in chips) 
Seat 8: trastras ($25 in chips) 
Seat 9: Chris_Rdam ($27.10 in chips) 
Cheezers2222: posts small blind $0.10
Bananazoo: posts big blind $0.25
*** HOLE CARDS ***
Dealt to Alameda22 [4s 8c]
dezzy33: folds 
D. AK-47: folds 
toverQ: folds 
ILP_Pr: folds 
trastras: folds 
Chris_Rdam: folds 
Alameda22: folds 
Cheezers2222: calls $0.15
Bananazoo: checks 
*** FLOP *** [Ts 9h Jd]
Cheezers2222: bets $0.25
Bananazoo: folds 
Uncalled bet ($0.25) returned to Cheezers2222
Cheezers2222 collected $0.50 from pot
*** SUMMARY ***
Total pot $0.50 | Rake $0 
Board [Ts 9h Jd]
Seat 1: Alameda22 (button) folded before Flop (didn't bet)
Seat 2: Cheezers2222 (small blind) collected ($0.50)
Seat 3: Bananazoo (big blind) folded on the Flop
Seat 4: dezzy33 folded before Flop (didn't bet)
Seat 5: D. AK-47 folded before Flop (didn't bet)
Seat 6: toverQ folded before Flop (didn't bet)
Seat 7: ILP_Pr folded before Flop (didn't bet)
Seat 8: trastras folded before Flop (didn't bet)
Seat 9: Chris_Rdam folded before Flop (didn't bet)



PokerStars Game #19570644861:  Hold'em No Limit ($0.10/$0.25) - 2008/08/12 - 19:01:41 (ET)
Table 'Gutemberga II' 9-max Seat #2 is the button
Seat 1: Alameda22 ($36.55 in chips) 
Seat 2: Cheezers2222 ($21.10 in chips) 
Seat 3: Bananazoo ($24.40 in chips) 
Seat 4: dezzy33 ($19.15 in chips) 
Seat 5: D. AK-47 ($18 in chips) 
Seat 6: toverQ ($23.60 in chips) 
Seat 7: ILP_Pr ($4.65 in chips) 
Seat 8: trastras ($25 in chips) 
Seat 9: Chris_Rdam ($27.10 in chips) 
Bananazoo: posts small blind $0.10
dezzy33: posts big blind $0.25
*** HOLE CARDS ***
Dealt to Alameda22 [4s 9d]
D. AK-47: folds 
toverQ: calls $0.25
ILP_Pr: folds 
trastras: folds 
Chris_Rdam: folds 
Alameda22: folds 
Cheezers2222: raises $1 to $1.25
Bananazoo: folds 
dezzy33: folds 
toverQ: calls $1
*** FLOP *** [3d 9c 3c]
toverQ: checks 
Cheezers2222: checks 
*** TURN *** [3d 9c 3c] [3h]
toverQ: checks 
Cheezers2222: bets $1.75
toverQ: folds 
Uncalled bet ($1.75) returned to Cheezers2222
Cheezers2222 collected $2.75 from pot
*** SUMMARY ***
Total pot $2.85 | Rake $0.10 
Board [3d 9c 3c 3h]
Seat 1: Alameda22 folded before Flop (didn't bet)
Seat 2: Cheezers2222 (button) collected ($2.75)
Seat 3: Bananazoo (small blind) folded before Flop
Seat 4: dezzy33 (big blind) folded before Flop
Seat 5: D. AK-47 folded before Flop (didn't bet)
Seat 6: toverQ folded on the Turn
Seat 7: ILP_Pr folded before Flop (didn't bet)
Seat 8: trastras folded before Flop (didn't bet)
Seat 9: Chris_Rdam folded before Flop (didn't bet)



PokerStars Game #19570667038:  Hold'em No Limit ($0.10/$0.25) - 2008/08/12 - 19:02:37 (ET)
Table 'Gutemberga II' 9-max Seat #3 is the button
Seat 1: Alameda22 ($36.55 in chips) 
Seat 2: Cheezers2222 ($22.60 in chips) 
Seat 3: Bananazoo ($24.30 in chips) 
Seat 4: dezzy33 ($18.90 in chips) 
Seat 5: D. AK-47 ($18 in chips) 
Seat 6: toverQ ($22.35 in chips) 
Seat 7: ILP_Pr ($4.65 in chips) 
Seat 8: trastras ($25 in chips) 
Seat 9: Chris_Rdam ($27.10 in chips) 
dezzy33: posts small blind $0.10
D. AK-47: posts big blind $0.25
*** HOLE CARDS ***
Dealt to Alameda22 [Qc Kh]
toverQ: folds 
ILP_Pr: folds 
trastras: folds 
Chris_Rdam: folds 
Alameda22: raises $0.50 to $0.75
Cheezers2222: folds 
Bananazoo: folds 
dezzy33: calls $0.65
D. AK-47: folds 
*** FLOP *** [Kd 5h 7d]
dezzy33: checks 
Alameda22: bets $1.25
dezzy33: calls $1.25
*** TURN *** [Kd 5h 7d] [3c]
dezzy33: checks 
Alameda22: bets $2.75
dezzy33: calls $2.75
*** RIVER *** [Kd 5h 7d 3c] [2h]
dezzy33: checks 
Alameda22: checks 
*** SHOW DOWN ***
dezzy33: shows [9h 7h] (a pair of Sevens)
Alameda22: shows [Qc Kh] (a pair of Kings)
Alameda22 collected $9.30 from pot
*** SUMMARY ***
Total pot $9.75 | Rake $0.45 
Board [Kd 5h 7d 3c 2h]
Seat 1: Alameda22 showed [Qc Kh] and won ($9.30) with a pair of Kings
Seat 2: Cheezers2222 folded before Flop (didn't bet)
Seat 3: Bananazoo (button) folded before Flop (didn't bet)
Seat 4: dezzy33 (small blind) showed [9h 7h] and lost with a pair of Sevens
Seat 5: D. AK-47 (big blind) folded before Flop
Seat 6: toverQ folded before Flop (didn't bet)
Seat 7: ILP_Pr folded before Flop (didn't bet)
Seat 8: trastras folded before Flop (didn't bet)
Seat 9: Chris_Rdam folded before Flop (didn't bet)



PokerStars Game #19570699517:  Hold'em No Limit ($0.10/$0.25) - 2008/08/12 - 19:04:01 (ET)
Table 'Gutemberga II' 9-max Seat #4 is the button
Seat 1: Alameda22 ($41.10 in chips) 
Seat 2: Cheezers2222 ($22.60 in chips) 
Seat 3: Bananazoo ($24.30 in chips) 
Seat 4: dezzy33 ($14.15 in chips) 
Seat 5: D. AK-47 ($17.75 in chips) 
Seat 6: toverQ ($22.35 in chips) 
Seat 7: ILP_Pr ($4.65 in chips) 
Seat 8: trastras ($25 in chips) 
Seat 9: Chris_Rdam ($27.10 in chips) 
D. AK-47: posts small blind $0.10
toverQ: posts big blind $0.25
*** HOLE CARDS ***
Dealt to Alameda22 [Qd 5s]
ILP_Pr: folds 
trastras: folds 
Chris_Rdam: folds 
Alameda22: folds 
Cheezers2222: folds 
Bananazoo: folds 
dezzy33: folds 
D. AK-47: folds 
Uncalled bet ($0.15) returned to toverQ
toverQ collected $0.20 from pot
toverQ: doesn't show hand 
*** SUMMARY ***
Total pot $0.20 | Rake $0 
Seat 1: Alameda22 folded before Flop (didn't bet)
Seat 2: Cheezers2222 folded before Flop (didn't bet)
Seat 3: Bananazoo folded before Flop (didn't bet)
Seat 4: dezzy33 (button) folded before Flop (didn't bet)
Seat 5: D. AK-47 (small blind) folded before Flop
Seat 6: toverQ (big blind) collected ($0.20)
Seat 7: ILP_Pr folded before Flop (didn't bet)
Seat 8: trastras folded before Flop (didn't bet)
Seat 9: Chris_Rdam folded before Flop (didn't bet)



PokerStars Game #19570708571:  Hold'em No Limit ($0.10/$0.25) - 2008/08/12 - 19:04:24 (ET)
Table 'Gutemberga II' 9-max Seat #5 is the button
Seat 1: Alameda22 ($41.10 in chips) 
Seat 2: Cheezers2222 ($22.60 in chips) 
Seat 3: Bananazoo ($24.30 in chips) 
Seat 4: dezzy33 ($14.15 in chips) 
Seat 5: D. AK-47 ($17.65 in chips) 
Seat 6: toverQ ($22.45 in chips) 
Seat 7: ILP_Pr ($4.65 in chips) 
Seat 8: trastras ($25 in chips) 
Seat 9: Chris_Rdam ($27.10 in chips) 
toverQ: posts small blind $0.10
ILP_Pr: posts big blind $0.25
*** HOLE CARDS ***
Dealt to Alameda22 [6h 4c]
trastras: folds 
Chris_Rdam: folds 
Alameda22: folds 
Cheezers2222: calls $0.25
Bananazoo: folds 
dezzy33: raises $0.50 to $0.75
D. AK-47: folds 
toverQ: calls $0.65
ILP_Pr: folds 
Cheezers2222: folds 
*** FLOP *** [Ts 5d 2d]
toverQ: bets $0.75
dezzy33: calls $0.75
*** TURN *** [Ts 5d 2d] [Th]
toverQ: checks 
dezzy33: bets $1
toverQ: calls $1
*** RIVER *** [Ts 5d 2d Th] [Ks]
toverQ: checks 
dezzy33: checks 
*** SHOW DOWN ***
toverQ: shows [Ad 9d] (a pair of Tens)
dezzy33: shows [7h 7c] (two pair, Tens and Sevens)
dezzy33 collected $5.25 from pot
*** SUMMARY ***
Total pot $5.50 | Rake $0.25 
Board [Ts 5d 2d Th Ks]
Seat 1: Alameda22 folded before Flop (didn't bet)
Seat 2: Cheezers2222 folded before Flop
Seat 3: Bananazoo folded before Flop (didn't bet)
Seat 4: dezzy33 showed [7h 7c] and won ($5.25) with two pair, Tens and Sevens
Seat 5: D. AK-47 (button) folded before Flop (didn't bet)
Seat 6: toverQ (small blind) showed [Ad 9d] and lost with a pair of Tens
Seat 7: ILP_Pr (big blind) folded before Flop
Seat 8: trastras folded before Flop (didn't bet)
Seat 9: Chris_Rdam folded before Flop (didn't bet)



PokerStars Game #19570736309:  Hold'em No Limit ($0.10/$0.25) - 2008/08/12 - 19:05:35 (ET)
Table 'Gutemberga II' 9-max Seat #6 is the button
Seat 1: Alameda22 ($41.10 in chips) 
Seat 2: Cheezers2222 ($22.35 in chips) 
Seat 3: Bananazoo ($24.30 in chips) 
Seat 4: dezzy33 ($16.90 in chips) 
Seat 5: D. AK-47 ($17.65 in chips) 
Seat 6: toverQ ($19.95 in chips) 
Seat 7: ILP_Pr ($4.40 in chips) 
Seat 8: trastras ($25 in chips) 
Seat 9: Chris_Rdam ($27.10 in chips) 
ILP_Pr: posts small blind $0.10
trastras: posts big blind $0.25
*** HOLE CARDS ***
Dealt to Alameda22 [Ts Td]
Chris_Rdam: folds 
Alameda22: raises $0.50 to $0.75
Cheezers2222: calls $0.75
Bananazoo: folds 
dezzy33: folds 
D. AK-47: folds 
toverQ: folds 
ILP_Pr: folds 
trastras: folds 
*** FLOP *** [3s 7c 8d]
Alameda22: bets $1.25
Cheezers2222: calls $1.25
*** TURN *** [3s 7c 8d] [Jh]
Alameda22: checks 
Cheezers2222: checks 
*** RIVER *** [3s 7c 8d Jh] [8c]
Alameda22: bets $2
Cheezers2222: folds 
Uncalled bet ($2) returned to Alameda22
Alameda22 collected $4.15 from pot
Alameda22: doesn't show hand 
*** SUMMARY ***
Total pot $4.35 | Rake $0.20 
Board [3s 7c 8d Jh 8c]
Seat 1: Alameda22 collected ($4.15)
Seat 2: Cheezers2222 folded on the River
Seat 3: Bananazoo folded before Flop (didn't bet)
Seat 4: dezzy33 folded before Flop (didn't bet)
Seat 5: D. AK-47 folded before Flop (didn't bet)
Seat 6: toverQ (button) folded before Flop (didn't bet)
Seat 7: ILP_Pr (small blind) folded before Flop
Seat 8: trastras (big blind) folded before Flop
Seat 9: Chris_Rdam folded before Flop (didn't bet)



PokerStars Game #19570761412:  Hold'em No Limit ($0.10/$0.25) - 2008/08/12 - 19:06:40 (ET)
Table 'Gutemberga II' 9-max Seat #7 is the button
Seat 1: Alameda22 ($43.25 in chips) 
Seat 2: Cheezers2222 ($20.35 in chips) 
Seat 3: Bananazoo ($24.30 in chips) 
Seat 4: dezzy33 ($16.90 in chips) 
Seat 5: D. AK-47 ($17.65 in chips) 
Seat 6: toverQ ($25 in chips) 
Seat 7: ILP_Pr ($4.30 in chips) 
Seat 8: trastras ($24.75 in chips) 
trastras: posts small blind $0.10
Chris_Rdam: is sitting out 
Alameda22: posts big blind $0.25
*** HOLE CARDS ***
Dealt to Alameda22 [Qh 3d]
Chris_Rdam leaves the table
Cheezers2222: folds 
Bananazoo: folds 
dezzy33: folds 
D. AK-47: folds 
toverQ: folds 
ILP_Pr: raises $0.75 to $1
trastras: folds 
Alameda22: folds 
Uncalled bet ($0.75) returned to ILP_Pr
ILP_Pr collected $0.60 from pot
ILP_Pr: doesn't show hand 
*** SUMMARY ***
Total pot $0.60 | Rake $0 
Seat 1: Alameda22 (big blind) folded before Flop
Seat 2: Cheezers2222 folded before Flop (didn't bet)
Seat 3: Bananazoo folded before Flop (didn't bet)
Seat 4: dezzy33 folded before Flop (didn't bet)
Seat 5: D. AK-47 folded before Flop (didn't bet)
Seat 6: toverQ folded before Flop (didn't bet)
Seat 7: ILP_Pr (button) collected ($0.60)
Seat 8: trastras (small blind) folded before Flop



PokerStars Game #19570778333:  Hold'em No Limit ($0.10/$0.25) - 2008/08/12 - 19:07:23 (ET)
Table 'Gutemberga II' 9-max Seat #8 is the button
Seat 1: Alameda22 ($43 in chips) 
Seat 2: Cheezers2222 ($20.35 in chips) 
Seat 3: Bananazoo ($24.30 in chips) 
Seat 4: dezzy33 ($16.90 in chips) 
Seat 5: D. AK-47 ($17.65 in chips) 
Seat 6: toverQ ($25 in chips) 
Seat 7: ILP_Pr ($4.65 in chips) 
Seat 8: trastras ($25 in chips) 
Alameda22: posts small blind $0.10
Cheezers2222: posts big blind $0.25
*** HOLE CARDS ***
Dealt to Alameda22 [7c 4d]
Bananazoo: folds 
dezzy33: folds 
D. AK-47: folds 
toverQ: folds 
ILP_Pr: folds 
trastras: raises $0.50 to $0.75
Alameda22: folds 
Cheezers2222: raises $0.50 to $1.25
trastras: calls $0.50
*** FLOP *** [Kd Jd 8c]
Cheezers2222: checks 
trastras: checks 
*** TURN *** [Kd Jd 8c] [6h]
Cheezers2222: checks 
trastras: checks 
*** RIVER *** [Kd Jd 8c 6h] [7s]
Cheezers2222: checks 
trastras: bets $2
Cheezers2222: calls $2
*** SHOW DOWN ***
trastras: shows [9c Tc] (a straight, Seven to Jack)
Cheezers2222: mucks hand 
Eliminator6 joins the table at seat #9 
trastras collected $6.30 from pot
*** SUMMARY ***
Total pot $6.60 | Rake $0.30 
Board [Kd Jd 8c 6h 7s]
Seat 1: Alameda22 (small blind) folded before Flop
Seat 2: Cheezers2222 (big blind) mucked [4s 6d]
Seat 3: Bananazoo folded before Flop (didn't bet)
Seat 4: dezzy33 folded before Flop (didn't bet)
Seat 5: D. AK-47 folded before Flop (didn't bet)
Seat 6: toverQ folded before Flop (didn't bet)
Seat 7: ILP_Pr folded before Flop (didn't bet)
Seat 8: trastras (button) showed [9c Tc] and won ($6.30) with a straight, Seven to Jack



PokerStars Game #19570809188:  Hold'em No Limit ($0.10/$0.25) - 2008/08/12 - 19:08:43 (ET)
Table 'Gutemberga II' 9-max Seat #1 is the button
Seat 1: Alameda22 ($42.90 in chips) 
Seat 2: Cheezers2222 ($17.10 in chips) 
Seat 3: Bananazoo ($24.30 in chips) 
Seat 4: dezzy33 ($16.90 in chips) 
Seat 5: D. AK-47 ($17.65 in chips) 
Seat 6: toverQ ($25 in chips) 
Seat 7: ILP_Pr ($4.65 in chips) 
Seat 8: trastras ($28.05 in chips) 
Cheezers2222: posts small blind $0.10
Bananazoo: posts big blind $0.25
Eliminator6: sits out 
*** HOLE CARDS ***
Dealt to Alameda22 [Kc Qc]
dezzy33: folds 
D. AK-47: raises $0.75 to $1
toverQ: folds 
ILP_Pr: folds 
trastras: folds 
Alameda22: folds 
Cheezers2222: calls $0.90
Bananazoo: folds 
*** FLOP *** [4s Qs 3h]
Cheezers2222: checks 
D. AK-47: bets $1.75
Cheezers2222: folds 
Uncalled bet ($1.75) returned to D. AK-47
D. AK-47 collected $2.15 from pot
D. AK-47: doesn't show hand 
*** SUMMARY ***
Total pot $2.25 | Rake $0.10 
Board [4s Qs 3h]
Seat 1: Alameda22 (button) folded before Flop (didn't bet)
Seat 2: Cheezers2222 (small blind) folded on the Flop
Seat 3: Bananazoo (big blind) folded before Flop
Seat 4: dezzy33 folded before Flop (didn't bet)
Seat 5: D. AK-47 collected ($2.15)
Seat 6: toverQ folded before Flop (didn't bet)
Seat 7: ILP_Pr folded before Flop (didn't bet)
Seat 8: trastras folded before Flop (didn't bet)



PokerStars Game #19570831854:  Hold'em No Limit ($0.10/$0.25) - 2008/08/12 - 19:09:41 (ET)
Table 'Gutemberga II' 9-max Seat #2 is the button
Seat 1: Alameda22 ($42.90 in chips) 
Seat 2: Cheezers2222 ($16.10 in chips) 
Seat 3: Bananazoo ($24.05 in chips) 
Seat 4: dezzy33 ($16.90 in chips) 
Seat 5: D. AK-47 ($18.80 in chips) 
Seat 6: toverQ ($25 in chips) 
Seat 7: ILP_Pr ($4.65 in chips) 
Seat 8: trastras ($28.05 in chips) 
Bananazoo: posts small blind $0.10
dezzy33: posts big blind $0.25
Eliminator6: sits out 
*** HOLE CARDS ***
Dealt to Alameda22 [8h Kc]
D. AK-47: folds 
toverQ: folds 
ILP_Pr: folds 
trastras: folds 
Alameda22: folds 
Cheezers2222: calls $0.25
Bananazoo: folds 
dezzy33: checks 
*** FLOP *** [Kh 4h Qh]
dezzy33: checks 
Cheezers2222: bets $0.75
dezzy33: folds 
Uncalled bet ($0.75) returned to Cheezers2222
Cheezers2222 collected $0.60 from pot
*** SUMMARY ***
Total pot $0.60 | Rake $0 
Board [Kh 4h Qh]
Seat 1: Alameda22 folded before Flop (didn't bet)
Seat 2: Cheezers2222 (button) collected ($0.60)
Seat 3: Bananazoo (small blind) folded before Flop
Seat 4: dezzy33 (big blind) folded on the Flop
Seat 5: D. AK-47 folded before Flop (didn't bet)
Seat 6: toverQ folded before Flop (didn't bet)
Seat 7: ILP_Pr folded before Flop (didn't bet)
Seat 8: trastras folded before Flop (didn't bet)



PokerStars Game #19570852543:  Hold'em No Limit ($0.10/$0.25) - 2008/08/12 - 19:10:34 (ET)
Table 'Gutemberga II' 9-max Seat #3 is the button
Seat 1: Alameda22 ($42.90 in chips) 
Seat 2: Cheezers2222 ($16.45 in chips) 
Seat 3: Bananazoo ($23.95 in chips) 
Seat 4: dezzy33 ($16.65 in chips) 
Seat 5: D. AK-47 ($18.80 in chips) 
Seat 6: toverQ ($25 in chips) 
Seat 7: ILP_Pr ($4.65 in chips) 
Seat 8: trastras ($28.05 in chips) 
dezzy33: posts small blind $0.10
D. AK-47: posts big blind $0.25
Eliminator6: sits out 
*** HOLE CARDS ***
Dealt to Alameda22 [4c Qh]
toverQ: folds 
ILP_Pr: folds 
trastras: folds 
Alameda22: folds 
Cheezers2222: folds 
Bananazoo: raises $0.75 to $1
dezzy33: folds 
D. AK-47: folds 
Uncalled bet ($0.75) returned to Bananazoo
Bananazoo collected $0.60 from pot
*** SUMMARY ***
Total pot $0.60 | Rake $0 
Seat 1: Alameda22 folded before Flop (didn't bet)
Seat 2: Cheezers2222 folded before Flop (didn't bet)
Seat 3: Bananazoo (button) collected ($0.60)
Seat 4: dezzy33 (small blind) folded before Flop
Seat 5: D. AK-47 (big blind) folded before Flop
Seat 6: toverQ folded before Flop (didn't bet)
Seat 7: ILP_Pr folded before Flop (didn't bet)
Seat 8: trastras folded before Flop (didn't bet)



PokerStars Game #19570872900:  Hold'em No Limit ($0.10/$0.25) - 2008/08/12 - 19:11:27 (ET)
Table 'Gutemberga II' 9-max Seat #4 is the button
Seat 1: Alameda22 ($42.90 in chips) 
Seat 2: Cheezers2222 ($16.45 in chips) 
Seat 3: Bananazoo ($24.30 in chips) 
Seat 4: dezzy33 ($16.55 in chips) 
Seat 5: D. AK-47 ($18.55 in chips) 
Seat 6: toverQ ($25 in chips) 
Seat 7: ILP_Pr ($4.65 in chips) 
Seat 8: trastras ($28.05 in chips) 
D. AK-47: posts small blind $0.10
toverQ: posts big blind $0.25
Eliminator6: sits out 
*** HOLE CARDS ***
Dealt to Alameda22 [6s Ah]
ILP_Pr: folds 
trastras: raises $0.75 to $1
Alameda22: folds 
Cheezers2222: folds 
Bananazoo: folds 
dezzy33: calls $1
D. AK-47: calls $0.90
toverQ: calls $0.75
*** FLOP *** [Jd 8c 7d]
D. AK-47: checks 
toverQ: bets $2.50
trastras: folds 
dezzy33: folds 
D. AK-47: folds 
Uncalled bet ($2.50) returned to toverQ
toverQ collected $3.80 from pot
toverQ: doesn't show hand 
*** SUMMARY ***
Total pot $4 | Rake $0.20 
Board [Jd 8c 7d]
Seat 1: Alameda22 folded before Flop (didn't bet)
Seat 2: Cheezers2222 folded before Flop (didn't bet)
Seat 3: Bananazoo folded before Flop (didn't bet)
Seat 4: dezzy33 (button) folded on the Flop
Seat 5: D. AK-47 (small blind) folded on the Flop
Seat 6: toverQ (big blind) collected ($3.80)
Seat 7: ILP_Pr folded before Flop (didn't bet)
Seat 8: trastras folded on the Flop



PokerStars Game #19570902111:  Hold'em No Limit ($0.10/$0.25) - 2008/08/12 - 19:12:42 (ET)
Table 'Gutemberga II' 9-max Seat #5 is the button
Seat 1: Alameda22 ($42.90 in chips) 
Seat 2: Cheezers2222 ($16.45 in chips) 
Seat 3: Bananazoo ($24.30 in chips) 
Seat 4: dezzy33 ($15.55 in chips) 
Seat 5: D. AK-47 ($17.55 in chips) 
Seat 6: toverQ ($27.80 in chips) 
Seat 7: ILP_Pr ($4.65 in chips) 
Seat 8: trastras ($27.05 in chips) 
toverQ: posts small blind $0.10
ILP_Pr: posts big blind $0.25
Eliminator6: sits out 
*** HOLE CARDS ***
Dealt to Alameda22 [5d Js]
trastras: folds 
Alameda22: folds 
Cheezers2222: folds 
Bananazoo: raises $0.75 to $1
dezzy33: calls $1
D. AK-47: folds 
toverQ: folds 
ILP_Pr: folds 
*** FLOP *** [4d Ts 9d]
Bananazoo: bets $1.50
dezzy33: folds 
Uncalled bet ($1.50) returned to Bananazoo
Bananazoo collected $2.25 from pot
*** SUMMARY ***
Total pot $2.35 | Rake $0.10 
Board [4d Ts 9d]
Seat 1: Alameda22 folded before Flop (didn't bet)
Seat 2: Cheezers2222 folded before Flop (didn't bet)
Seat 3: Bananazoo collected ($2.25)
Seat 4: dezzy33 folded on the Flop
Seat 5: D. AK-47 (button) folded before Flop (didn't bet)
Seat 6: toverQ (small blind) folded before Flop
Seat 7: ILP_Pr (big blind) folded before Flop
Seat 8: trastras folded before Flop (didn't bet)



PokerStars Game #19570918038:  Hold'em No Limit ($0.10/$0.25) - 2008/08/12 - 19:13:26 (ET)
Table 'Gutemberga II' 9-max Seat #6 is the button
Seat 1: Alameda22 ($42.90 in chips) 
Seat 2: Cheezers2222 ($16.45 in chips) 
Seat 3: Bananazoo ($25.55 in chips) 
Seat 4: dezzy33 ($14.55 in chips) 
Seat 5: D. AK-47 ($17.55 in chips) 
Seat 6: toverQ ($27.70 in chips) 
Seat 7: ILP_Pr ($4.40 in chips) 
Seat 8: trastras ($27.05 in chips) 
ILP_Pr: posts small blind $0.10
trastras: posts big blind $0.25
Eliminator6: sits out 
*** HOLE CARDS ***
Dealt to Alameda22 [8s 8h]
Alameda22: folds 
Cheezers2222: folds 
Bananazoo: folds 
dezzy33: folds 
D. AK-47: folds 
toverQ: calls $0.25
ILP_Pr: folds 
trastras: checks 
*** FLOP *** [9s 3s Ks]
trastras: checks 
toverQ: checks 
*** TURN *** [9s 3s Ks] [Jc]
trastras: checks 
toverQ: checks 
*** RIVER *** [9s 3s Ks Jc] [5c]
trastras: checks 
toverQ: checks 
*** SHOW DOWN ***
trastras: shows [7h Th] (high card King)
toverQ: shows [Tc As] (high card Ace)
toverQ collected $0.60 from pot
*** SUMMARY ***
Total pot $0.60 | Rake $0 
Board [9s 3s Ks Jc 5c]
Seat 1: Alameda22 folded before Flop (didn't bet)
Seat 2: Cheezers2222 folded before Flop (didn't bet)
Seat 3: Bananazoo folded before Flop (didn't bet)
Seat 4: dezzy33 folded before Flop (didn't bet)
Seat 5: D. AK-47 folded before Flop (didn't bet)
Seat 6: toverQ (button) showed [Tc As] and won ($0.60) with high card Ace
Seat 7: ILP_Pr (small blind) folded before Flop
Seat 8: trastras (big blind) showed [7h Th] and lost with high card King



PokerStars Game #19570944704:  Hold'em No Limit ($0.10/$0.25) - 2008/08/12 - 19:14:37 (ET)
Table 'Gutemberga II' 9-max Seat #7 is the button
Seat 1: Alameda22 ($42.90 in chips) 
Seat 2: Cheezers2222 ($16.45 in chips) 
Seat 3: Bananazoo ($25.55 in chips) 
Seat 4: dezzy33 ($14.55 in chips) 
Seat 5: D. AK-47 ($17.55 in chips) 
Seat 6: toverQ ($28.05 in chips) 
Seat 7: ILP_Pr ($4.30 in chips) 
Seat 8: trastras ($26.80 in chips) 
Seat 9: Eliminator6 ($25 in chips) 
trastras: posts small blind $0.10
Eliminator6: posts big blind $0.25
*** HOLE CARDS ***
Dealt to Alameda22 [4d 7s]
Alameda22: folds 
Cheezers2222: folds 
Bananazoo: folds 
dezzy33: calls $0.25
D. AK-47: folds 
toverQ: folds 
ILP_Pr: folds 
trastras: calls $0.15
Eliminator6: checks 
*** FLOP *** [8d Qd 5s]
trastras: checks 
Eliminator6: bets $0.25
dezzy33: calls $0.25
trastras: folds 
*** TURN *** [8d Qd 5s] [Ks]
Eliminator6: bets $0.50
dezzy33: calls $0.50
*** RIVER *** [8d Qd 5s Ks] [2c]
Eliminator6: bets $0.50
dezzy33: raises $1.50 to $2
Eliminator6: calls $1.50
*** SHOW DOWN ***
dezzy33: shows [9h 7d] (high card King)
Eliminator6: shows [Qh 6d] (a pair of Queens)
Eliminator6 collected $5.95 from pot
*** SUMMARY ***
Total pot $6.25 | Rake $0.30 
Board [8d Qd 5s Ks 2c]
Seat 1: Alameda22 folded before Flop (didn't bet)
Seat 2: Cheezers2222 folded before Flop (didn't bet)
Seat 3: Bananazoo folded before Flop (didn't bet)
Seat 4: dezzy33 showed [9h 7d] and lost with high card King
Seat 5: D. AK-47 folded before Flop (didn't bet)
Seat 6: toverQ folded before Flop (didn't bet)
Seat 7: ILP_Pr (button) folded before Flop (didn't bet)
Seat 8: trastras (small blind) folded on the Flop
Seat 9: Eliminator6 (big blind) showed [Qh 6d] and won ($5.95) with a pair of Queens



PokerStars Game #19570983226:  Hold'em No Limit ($0.10/$0.25) - 2008/08/12 - 19:16:18 (ET)
Table 'Gutemberga II' 9-max Seat #8 is the button
Seat 1: Alameda22 ($42.90 in chips) 
Seat 2: Cheezers2222 ($16.45 in chips) 
Seat 3: Bananazoo ($25.55 in chips) 
Seat 4: dezzy33 ($11.55 in chips) 
Seat 5: D. AK-47 ($17.55 in chips) 
Seat 6: toverQ ($28.05 in chips) 
Seat 7: ILP_Pr ($5 in chips) 
Seat 8: trastras ($26.55 in chips) 
Seat 9: Eliminator6 ($27.95 in chips) 
Eliminator6: posts small blind $0.10
Alameda22: posts big blind $0.25
*** HOLE CARDS ***
Dealt to Alameda22 [8s 4s]
Cheezers2222: calls $0.25
Bananazoo: folds 
dezzy33: calls $0.25
D. AK-47: folds 
toverQ: calls $0.25
ILP_Pr: folds 
trastras: calls $0.25
Eliminator6: folds 
Alameda22: checks 
*** FLOP *** [8h Qh Js]
Alameda22: checks 
Cheezers2222: checks 
dezzy33: checks 
toverQ: checks 
trastras: checks 
*** TURN *** [8h Qh Js] [Jd]
Alameda22: checks 
Cheezers2222: checks 
dezzy33: checks 
toverQ: checks 
trastras: checks 
*** RIVER *** [8h Qh Js Jd] [7d]
Alameda22: checks 
Cheezers2222: checks 
dezzy33: checks 
toverQ: checks 
trastras: checks 
*** SHOW DOWN ***
Alameda22: shows [8s 4s] (two pair, Jacks and Eights)
Cheezers2222: mucks hand 
dezzy33: mucks hand 
toverQ: mucks hand 
trastras: mucks hand 
Alameda22 collected $1.30 from pot
*** SUMMARY ***
Total pot $1.35 | Rake $0.05 
Board [8h Qh Js Jd 7d]
Seat 1: Alameda22 (big blind) showed [8s 4s] and won ($1.30) with two pair, Jacks and Eights
Seat 2: Cheezers2222 mucked [Kd 9h]
Seat 3: Bananazoo folded before Flop (didn't bet)
Seat 4: dezzy33 mucked [3s 3h]
Seat 5: D. AK-47 folded before Flop (didn't bet)
Seat 6: toverQ mucked [7c 9d]
Seat 7: ILP_Pr folded before Flop (didn't bet)
Seat 8: trastras (button) mucked [7h 9s]
Seat 9: Eliminator6 (small blind) folded before Flop



PokerStars Game #19571018082:  Hold'em No Limit ($0.10/$0.25) - 2008/08/12 - 19:17:49 (ET)
Table 'Gutemberga II' 9-max Seat #9 is the button
Seat 1: Alameda22 ($43.95 in chips) 
Seat 2: Cheezers2222 ($16.20 in chips) 
Seat 3: Bananazoo ($25.55 in chips) 
Seat 4: dezzy33 ($11.30 in chips) 
Seat 5: D. AK-47 ($17.55 in chips) 
Seat 6: toverQ ($27.80 in chips) 
Seat 7: ILP_Pr ($5 in chips) 
Seat 8: trastras ($26.30 in chips) 
Seat 9: Eliminator6 ($27.85 in chips) 
Alameda22: posts small blind $0.10
Cheezers2222: posts big blind $0.25
*** HOLE CARDS ***
Dealt to Alameda22 [Qd 2s]
Bananazoo: folds 
dezzy33: folds 
D. AK-47: folds 
toverQ: calls $0.25
ILP_Pr: folds 
trastras: folds 
Eliminator6: folds 
Alameda22: folds 
Cheezers2222: checks 
*** FLOP *** [9h 3s 3c]
Cheezers2222: checks 
toverQ: checks 
*** TURN *** [9h 3s 3c] [9c]
Cheezers2222: checks 
toverQ: bets $0.50
Cheezers2222: folds 
Uncalled bet ($0.50) returned to toverQ
toverQ collected $0.60 from pot
toverQ: doesn't show hand 
*** SUMMARY ***
Total pot $0.60 | Rake $0 
Board [9h 3s 3c 9c]
Seat 1: Alameda22 (small blind) folded before Flop
Seat 2: Cheezers2222 (big blind) folded on the Turn
Seat 3: Bananazoo folded before Flop (didn't bet)
Seat 4: dezzy33 folded before Flop (didn't bet)
Seat 5: D. AK-47 folded before Flop (didn't bet)
Seat 6: toverQ collected ($0.60)
Seat 7: ILP_Pr folded before Flop (didn't bet)
Seat 8: trastras folded before Flop (didn't bet)
Seat 9: Eliminator6 (button) folded before Flop (didn't bet)



PokerStars Game #19571041406:  Hold'em No Limit ($0.10/$0.25) - 2008/08/12 - 19:18:50 (ET)
Table 'Gutemberga II' 9-max Seat #1 is the button
Seat 1: Alameda22 ($43.85 in chips) 
Seat 2: Cheezers2222 ($15.95 in chips) 
Seat 3: Bananazoo ($25.55 in chips) 
Seat 4: dezzy33 ($11.30 in chips) 
Seat 5: D. AK-47 ($17.55 in chips) 
Seat 6: toverQ ($28.15 in chips) 
Seat 7: ILP_Pr ($5 in chips) 
Seat 8: trastras ($26.30 in chips) 
Seat 9: Eliminator6 ($27.85 in chips) 
Cheezers2222: posts small blind $0.10
Bananazoo: posts big blind $0.25
*** HOLE CARDS ***
Dealt to Alameda22 [Jh Kh]
dezzy33: folds 
D. AK-47: folds 
toverQ: raises $1 to $1.25
ILP_Pr: folds 
trastras: folds 
Eliminator6: folds 
Alameda22: folds 
Cheezers2222: folds 
Bananazoo: folds 
Uncalled bet ($1) returned to toverQ
toverQ collected $0.60 from pot
toverQ: doesn't show hand 
*** SUMMARY ***
Total pot $0.60 | Rake $0 
Seat 1: Alameda22 (button) folded before Flop (didn't bet)
Seat 2: Cheezers2222 (small blind) folded before Flop
Seat 3: Bananazoo (big blind) folded before Flop
Seat 4: dezzy33 folded before Flop (didn't bet)
Seat 5: D. AK-47 folded before Flop (didn't bet)
Seat 6: toverQ collected ($0.60)
Seat 7: ILP_Pr folded before Flop (didn't bet)
Seat 8: trastras folded before Flop (didn't bet)
Seat 9: Eliminator6 folded before Flop (didn't bet)



PokerStars Game #19571067898:  Hold'em No Limit ($0.10/$0.25) - 2008/08/12 - 19:19:59 (ET)
Table 'Gutemberga II' 9-max Seat #2 is the button
Seat 1: Alameda22 ($43.85 in chips) 
Seat 2: Cheezers2222 ($15.85 in chips) 
Seat 3: Bananazoo ($25.30 in chips) 
Seat 4: dezzy33 ($11.30 in chips) 
Seat 5: D. AK-47 ($17.55 in chips) 
Seat 6: toverQ ($28.50 in chips) 
Seat 7: ILP_Pr ($5 in chips) 
Seat 8: trastras ($26.30 in chips) 
Seat 9: Eliminator6 ($27.85 in chips) 
Bananazoo: posts small blind $0.10
dezzy33: posts big blind $0.25
*** HOLE CARDS ***
Dealt to Alameda22 [8d Ac]
D. AK-47: folds 
toverQ: folds 
ILP_Pr: folds 
trastras: raises $0.75 to $1
Eliminator6: folds 
Alameda22: folds 
Cheezers2222: folds 
Bananazoo: folds 
dezzy33: folds 
Uncalled bet ($0.75) returned to trastras
trastras collected $0.60 from pot
trastras: doesn't show hand 
*** SUMMARY ***
Total pot $0.60 | Rake $0 
Seat 1: Alameda22 folded before Flop (didn't bet)
Seat 2: Cheezers2222 (button) folded before Flop (didn't bet)
Seat 3: Bananazoo (small blind) folded before Flop
Seat 4: dezzy33 (big blind) folded before Flop
Seat 5: D. AK-47 folded before Flop (didn't bet)
Seat 6: toverQ folded before Flop (didn't bet)
Seat 7: ILP_Pr folded before Flop (didn't bet)
Seat 8: trastras collected ($0.60)
Seat 9: Eliminator6 folded before Flop (didn't bet)



PokerStars Game #19571097459:  Hold'em No Limit ($0.10/$0.25) - 2008/08/12 - 19:21:17 (ET)
Table 'Gutemberga II' 9-max Seat #3 is the button
Seat 1: Alameda22 ($43.85 in chips) 
Seat 2: Cheezers2222 ($15.85 in chips) 
Seat 3: Bananazoo ($25.20 in chips) 
Seat 4: dezzy33 ($11.05 in chips) 
Seat 5: D. AK-47 ($17.55 in chips) 
Seat 6: toverQ ($28.50 in chips) 
Seat 7: ILP_Pr ($5 in chips) 
Seat 8: trastras ($26.65 in chips) 
Seat 9: Eliminator6 ($27.85 in chips) 
dezzy33: posts small blind $0.10
D. AK-47: posts big blind $0.25
*** HOLE CARDS ***
Dealt to Alameda22 [Kc 6s]
toverQ: calls $0.25
ILP_Pr: folds 
trastras: folds 
Eliminator6: folds 
Alameda22: folds 
Cheezers2222: folds 
Bananazoo: folds 
dezzy33: raises $0.75 to $1
D. AK-47: folds 
toverQ: calls $0.75
*** FLOP *** [5d 4s 3h]
dezzy33: checks 
toverQ: bets $1.50
dezzy33: folds 
Uncalled bet ($1.50) returned to toverQ
toverQ collected $2.15 from pot
toverQ: doesn't show hand 
*** SUMMARY ***
Total pot $2.25 | Rake $0.10 
Board [5d 4s 3h]
Seat 1: Alameda22 folded before Flop (didn't bet)
Seat 2: Cheezers2222 folded before Flop (didn't bet)
Seat 3: Bananazoo (button) folded before Flop (didn't bet)
Seat 4: dezzy33 (small blind) folded on the Flop
Seat 5: D. AK-47 (big blind) folded before Flop
Seat 6: toverQ collected ($2.15)
Seat 7: ILP_Pr folded before Flop (didn't bet)
Seat 8: trastras folded before Flop (didn't bet)
Seat 9: Eliminator6 folded before Flop (didn't bet)



PokerStars Game #19571117836:  Hold'em No Limit ($0.10/$0.25) - 2008/08/12 - 19:22:10 (ET)
Table 'Gutemberga II' 9-max Seat #4 is the button
Seat 1: Alameda22 ($43.85 in chips) 
Seat 2: Cheezers2222 ($15.85 in chips) 
Seat 3: Bananazoo ($25.20 in chips) 
Seat 4: dezzy33 ($10.05 in chips) 
Seat 5: D. AK-47 ($17.30 in chips) 
Seat 6: toverQ ($29.65 in chips) 
Seat 7: ILP_Pr ($5 in chips) 
Seat 8: trastras ($26.65 in chips) 
Seat 9: Eliminator6 ($27.85 in chips) 
D. AK-47: posts small blind $0.10
toverQ: posts big blind $0.25
*** HOLE CARDS ***
Dealt to Alameda22 [9h Kc]
ILP_Pr: folds 
trastras: folds 
Eliminator6: folds 
Alameda22: folds 
Cheezers2222: calls $0.25
Bananazoo: folds 
dezzy33: folds 
D. AK-47: folds 
toverQ: checks 
*** FLOP *** [Kd 5h 4c]
toverQ: bets $1
Cheezers2222: folds 
Uncalled bet ($1) returned to toverQ
toverQ collected $0.60 from pot
toverQ: doesn't show hand 
*** SUMMARY ***
Total pot $0.60 | Rake $0 
Board [Kd 5h 4c]
Seat 1: Alameda22 folded before Flop (didn't bet)
Seat 2: Cheezers2222 folded on the Flop
Seat 3: Bananazoo folded before Flop (didn't bet)
Seat 4: dezzy33 (button) folded before Flop (didn't bet)
Seat 5: D. AK-47 (small blind) folded before Flop
Seat 6: toverQ (big blind) collected ($0.60)
Seat 7: ILP_Pr folded before Flop (didn't bet)
Seat 8: trastras folded before Flop (didn't bet)
Seat 9: Eliminator6 folded before Flop (didn't bet)



PokerStars Game #19571136599:  Hold'em No Limit ($0.10/$0.25) - 2008/08/12 - 19:22:59 (ET)
Table 'Gutemberga II' 9-max Seat #5 is the button
Seat 1: Alameda22 ($43.85 in chips) 
Seat 2: Cheezers2222 ($15.60 in chips) 
Seat 3: Bananazoo ($25.20 in chips) 
Seat 4: dezzy33 ($10.05 in chips) 
Seat 5: D. AK-47 ($17.20 in chips) 
Seat 6: toverQ ($30 in chips) 
Seat 7: ILP_Pr ($5 in chips) 
Seat 8: trastras ($26.65 in chips) 
Seat 9: Eliminator6 ($27.85 in chips) 
toverQ: posts small blind $0.10
ILP_Pr: posts big blind $0.25
*** HOLE CARDS ***
Dealt to Alameda22 [Tc Ac]
trastras: folds 
Eliminator6: folds 
Alameda22: folds 
Cheezers2222: folds 
Bananazoo: folds 
dezzy33: folds 
D. AK-47: folds 
toverQ: calls $0.15
ILP_Pr: raises $0.75 to $1
toverQ: calls $0.75
*** FLOP *** [4d 9c Jh]
toverQ: checks 
ILP_Pr: bets $1.25
toverQ: raises $3 to $4.25
ILP_Pr: calls $2.75 and is all-in
Uncalled bet ($0.25) returned to toverQ
*** TURN *** [4d 9c Jh] [3s]
*** RIVER *** [4d 9c Jh 3s] [4h]
*** SHOW DOWN ***
toverQ: shows [Qd Js] (two pair, Jacks and Fours)
ILP_Pr: shows [9d 9s] (a full house, Nines full of Fours)
ILP_Pr collected $9.55 from pot
*** SUMMARY ***
Total pot $10 | Rake $0.45 
Board [4d 9c Jh 3s 4h]
Seat 1: Alameda22 folded before Flop (didn't bet)
Seat 2: Cheezers2222 folded before Flop (didn't bet)
Seat 3: Bananazoo folded before Flop (didn't bet)
Seat 4: dezzy33 folded before Flop (didn't bet)
Seat 5: D. AK-47 (button) folded before Flop (didn't bet)
Seat 6: toverQ (small blind) showed [Qd Js] and lost with two pair, Jacks and Fours
Seat 7: ILP_Pr (big blind) showed [9d 9s] and won ($9.55) with a full house, Nines full of Fours
Seat 8: trastras folded before Flop (didn't bet)
Seat 9: Eliminator6 folded before Flop (didn't bet)



PokerStars Game #19571169959:  Hold'em No Limit ($0.10/$0.25) - 2008/08/12 - 19:24:27 (ET)
Table 'Gutemberga II' 9-max Seat #6 is the button
Seat 1: Alameda22 ($43.85 in chips) 
Seat 2: Cheezers2222 ($15.60 in chips) 
Seat 3: Bananazoo ($25.20 in chips) 
Seat 4: dezzy33 ($10.05 in chips) 
Seat 5: D. AK-47 ($17.20 in chips) 
Seat 6: toverQ ($25 in chips) 
Seat 8: trastras ($26.65 in chips) 
Seat 9: Eliminator6 ($27.85 in chips) 
ILP_Pr: is sitting out 
trastras: posts small blind $0.10
Eliminator6: posts big blind $0.25
*** HOLE CARDS ***
Dealt to Alameda22 [Qs Qc]
ILP_Pr leaves the table
Alameda22: raises $0.50 to $0.75
Cheezers2222: folds 
Bananazoo: folds 
dezzy33: folds 
D. AK-47: folds 
toverQ: folds 
trastras: folds 
Eliminator6: folds 
Uncalled bet ($0.50) returned to Alameda22
Alameda22 collected $0.60 from pot
Alameda22: doesn't show hand 
*** SUMMARY ***
Total pot $0.60 | Rake $0 
Seat 1: Alameda22 collected ($0.60)
Seat 2: Cheezers2222 folded before Flop (didn't bet)
Seat 3: Bananazoo folded before Flop (didn't bet)
Seat 4: dezzy33 folded before Flop (didn't bet)
Seat 5: D. AK-47 folded before Flop (didn't bet)
Seat 6: toverQ (button) folded before Flop (didn't bet)
Seat 8: trastras (small blind) folded before Flop
Seat 9: Eliminator6 (big blind) folded before Flop



PokerStars Game #19571185450:  Hold'em No Limit ($0.10/$0.25) - 2008/08/12 - 19:25:08 (ET)
Table 'Gutemberga II' 9-max Seat #8 is the button
Seat 1: Alameda22 ($44.20 in chips) 
Seat 2: Cheezers2222 ($15.60 in chips) 
Seat 3: Bananazoo ($25.20 in chips) 
Seat 4: dezzy33 ($10.05 in chips) 
Seat 5: D. AK-47 ($17.20 in chips) 
Seat 6: toverQ ($25 in chips) 
Seat 8: trastras ($26.55 in chips) 
Seat 9: Eliminator6 ($27.60 in chips) 
Eliminator6: posts small blind $0.10
Alameda22: posts big blind $0.25
*** HOLE CARDS ***
Dealt to Alameda22 [2d 7h]
Cheezers2222: folds 
HorseWhispr joins the table at seat #7 
Bananazoo: folds 
dezzy33: folds 
D. AK-47: folds 
toverQ: folds 
trastras: folds 
Eliminator6: raises $0.75 to $1
Alameda22: folds 
Uncalled bet ($0.75) returned to Eliminator6
Eliminator6 collected $0.50 from pot
Eliminator6: doesn't show hand 
*** SUMMARY ***
Total pot $0.50 | Rake $0 
Seat 1: Alameda22 (big blind) folded before Flop
Seat 2: Cheezers2222 folded before Flop (didn't bet)
Seat 3: Bananazoo folded before Flop (didn't bet)
Seat 4: dezzy33 folded before Flop (didn't bet)
Seat 5: D. AK-47 folded before Flop (didn't bet)
Seat 6: toverQ folded before Flop (didn't bet)
Seat 8: trastras (button) folded before Flop (didn't bet)
Seat 9: Eliminator6 (small blind) collected ($0.50)



PokerStars Game #19571197617:  Hold'em No Limit ($0.10/$0.25) - 2008/08/12 - 19:25:40 (ET)
Table 'Gutemberga II' 9-max Seat #9 is the button
Seat 1: Alameda22 ($43.95 in chips) 
Seat 2: Cheezers2222 ($15.60 in chips) 
Seat 3: Bananazoo ($25.20 in chips) 
Seat 4: dezzy33 ($10.05 in chips) 
Seat 5: D. AK-47 ($17.20 in chips) 
Seat 6: toverQ ($25 in chips) 
Seat 8: trastras ($26.55 in chips) 
Seat 9: Eliminator6 ($27.85 in chips) 
Alameda22: posts small blind $0.10
Cheezers2222: posts big blind $0.25
HorseWhispr: sits out 
*** HOLE CARDS ***
Dealt to Alameda22 [Kc 8s]
Bananazoo: folds 
dezzy33: folds 
D. AK-47: folds 
toverQ: calls $0.25
trastras: folds 
Eliminator6: folds 
Alameda22: folds 
Cheezers2222: checks 
*** FLOP *** [8c 7d Qc]
Cheezers2222: checks 
toverQ: bets $0.50
Cheezers2222: folds 
Uncalled bet ($0.50) returned to toverQ
toverQ collected $0.60 from pot
toverQ: doesn't show hand 
*** SUMMARY ***
Total pot $0.60 | Rake $0 
Board [8c 7d Qc]
Seat 1: Alameda22 (small blind) folded before Flop
Seat 2: Cheezers2222 (big blind) folded on the Flop
Seat 3: Bananazoo folded before Flop (didn't bet)
Seat 4: dezzy33 folded before Flop (didn't bet)
Seat 5: D. AK-47 folded before Flop (didn't bet)
Seat 6: toverQ collected ($0.60)
Seat 8: trastras folded before Flop (didn't bet)
Seat 9: Eliminator6 (button) folded before Flop (didn't bet)



PokerStars Game #19571228264:  Hold'em No Limit ($0.10/$0.25) - 2008/08/12 - 19:27:01 (ET)
Table 'Gutemberga II' 9-max Seat #1 is the button
Seat 1: Alameda22 ($43.85 in chips) 
Seat 2: Cheezers2222 ($15.35 in chips) 
Seat 3: Bananazoo ($25.20 in chips) 
Seat 4: dezzy33 ($10.05 in chips) 
Seat 5: D. AK-47 ($17.20 in chips) 
Seat 6: toverQ ($25.35 in chips) 
Seat 8: trastras ($26.55 in chips) 
Seat 9: Eliminator6 ($27.85 in chips) 
Cheezers2222: posts small blind $0.10
Bananazoo: posts big blind $0.25
HorseWhispr: sits out 
*** HOLE CARDS ***
Dealt to Alameda22 [6d 8c]
dezzy33: raises $0.50 to $0.75
D. AK-47: folds 
toverQ: folds 
trastras: folds 
Eliminator6: folds 
Alameda22: folds 
Cheezers2222: calls $0.65
Bananazoo: folds 
*** FLOP *** [3s 7c 4d]
Cheezers2222: checks 
dezzy33: bets $1.25
Cheezers2222: folds 
Uncalled bet ($1.25) returned to dezzy33
dezzy33 collected $1.70 from pot
dezzy33: doesn't show hand 
*** SUMMARY ***
Total pot $1.75 | Rake $0.05 
Board [3s 7c 4d]
Seat 1: Alameda22 (button) folded before Flop (didn't bet)
Seat 2: Cheezers2222 (small blind) folded on the Flop
Seat 3: Bananazoo (big blind) folded before Flop
Seat 4: dezzy33 collected ($1.70)
Seat 5: D. AK-47 folded before Flop (didn't bet)
Seat 6: toverQ folded before Flop (didn't bet)
Seat 8: trastras folded before Flop (didn't bet)
Seat 9: Eliminator6 folded before Flop (didn't bet)



PokerStars Game #19571246496:  Hold'em No Limit ($0.10/$0.25) - 2008/08/12 - 19:27:49 (ET)
Table 'Gutemberga II' 9-max Seat #2 is the button
Seat 1: Alameda22 ($43.85 in chips) 
Seat 2: Cheezers2222 ($14.60 in chips) 
Seat 3: Bananazoo ($24.95 in chips) 
Seat 4: dezzy33 ($11 in chips) 
Seat 5: D. AK-47 ($17.20 in chips) 
Seat 6: toverQ ($25.35 in chips) 
Seat 8: trastras ($26.55 in chips) 
Seat 9: Eliminator6 ($27.85 in chips) 
Bananazoo: posts small blind $0.10
dezzy33: posts big blind $0.25
HorseWhispr: sits out 
*** HOLE CARDS ***
Dealt to Alameda22 [5c Js]
D. AK-47: folds 
toverQ: calls $0.25
trastras: folds 
Eliminator6: raises $0.75 to $1
Alameda22: folds 
Cheezers2222: raises $1 to $2
Bananazoo: folds 
dezzy33: folds 
toverQ: folds 
Eliminator6: calls $1
*** FLOP *** [2s Th Qd]
Eliminator6: checks 
Cheezers2222: checks 
*** TURN *** [2s Th Qd] [5d]
Eliminator6: checks 
Cheezers2222: bets $2
Eliminator6: folds 
Uncalled bet ($2) returned to Cheezers2222
Cheezers2222 collected $4.40 from pot
*** SUMMARY ***
Total pot $4.60 | Rake $0.20 
Board [2s Th Qd 5d]
Seat 1: Alameda22 folded before Flop (didn't bet)
Seat 2: Cheezers2222 (button) collected ($4.40)
Seat 3: Bananazoo (small blind) folded before Flop
Seat 4: dezzy33 (big blind) folded before Flop
Seat 5: D. AK-47 folded before Flop (didn't bet)
Seat 6: toverQ folded before Flop
Seat 8: trastras folded before Flop (didn't bet)
Seat 9: Eliminator6 folded on the Turn



PokerStars Game #19571280236:  Hold'em No Limit ($0.10/$0.25) - 2008/08/12 - 19:29:18 (ET)
Table 'Gutemberga II' 9-max Seat #3 is the button
Seat 1: Alameda22 ($43.85 in chips) 
Seat 2: Cheezers2222 ($17 in chips) 
Seat 3: Bananazoo ($24.85 in chips) 
Seat 4: dezzy33 ($10.75 in chips) 
Seat 5: D. AK-47 ($17.20 in chips) 
Seat 6: toverQ ($25.10 in chips) 
Seat 8: trastras ($26.55 in chips) 
Seat 9: Eliminator6 ($25.85 in chips) 
dezzy33: posts small blind $0.10
D. AK-47: posts big blind $0.25
HorseWhispr: sits out 
*** HOLE CARDS ***
Dealt to Alameda22 [Ac As]
toverQ: folds 
trastras: folds 
Eliminator6: calls $0.25
Alameda22: raises $0.75 to $1
Cheezers2222: folds 
Bananazoo: folds 
dezzy33: calls $0.90
D. AK-47: folds 
Eliminator6: folds 
*** FLOP *** [7c Qs Qd]
dezzy33: checks 
Alameda22: bets $1.75
dezzy33: raises $3 to $4.75
Alameda22: raises $10.50 to $15.25
dezzy33: calls $5 and is all-in
Uncalled bet ($5.50) returned to Alameda22
*** TURN *** [7c Qs Qd] [8h]
*** RIVER *** [7c Qs Qd 8h] [Js]
*** SHOW DOWN ***
dezzy33: shows [6s 6c] (two pair, Queens and Sixes)
Alameda22: shows [Ac As] (two pair, Aces and Queens)
Alameda22 collected $20.95 from pot
dezzy33 leaves the table
*** SUMMARY ***
Total pot $22 | Rake $1.05 
Board [7c Qs Qd 8h Js]
Seat 1: Alameda22 showed [Ac As] and won ($20.95) with two pair, Aces and Queens
Seat 2: Cheezers2222 folded before Flop (didn't bet)
Seat 3: Bananazoo (button) folded before Flop (didn't bet)
Seat 4: dezzy33 (small blind) showed [6s 6c] and lost with two pair, Queens and Sixes
Seat 5: D. AK-47 (big blind) folded before Flop
Seat 6: toverQ folded before Flop (didn't bet)
Seat 8: trastras folded before Flop (didn't bet)
Seat 9: Eliminator6 folded before Flop



PokerStars Game #19571312078:  Hold'em No Limit ($0.10/$0.25) - 2008/08/12 - 19:30:42 (ET)
Table 'Gutemberga II' 9-max Seat #5 is the button
Seat 1: Alameda22 ($54.05 in chips) 
Seat 2: Cheezers2222 ($17 in chips) 
Seat 3: Bananazoo ($24.85 in chips) 
Seat 5: D. AK-47 ($16.95 in chips) 
Seat 6: toverQ ($25.10 in chips) 
Seat 7: HorseWhispr ($10 in chips) 
Seat 8: trastras ($26.55 in chips) 
Seat 9: Eliminator6 ($25.60 in chips) 
toverQ: posts small blind $0.10
HorseWhispr: posts big blind $0.25
*** HOLE CARDS ***
Dealt to Alameda22 [4d 2d]
trastras: folds 
Eliminator6: folds 
Alameda22: folds 
Cheezers2222: calls $0.25
Bananazoo: folds 
D. AK-47: folds 
toverQ: folds 
HorseWhispr: checks 
*** FLOP *** [6h Qc Th]
HorseWhispr: bets $0.50
Cheezers2222: folds 
Uncalled bet ($0.50) returned to HorseWhispr
HorseWhispr collected $0.60 from pot
HorseWhispr: doesn't show hand 
*** SUMMARY ***
Total pot $0.60 | Rake $0 
Board [6h Qc Th]
Seat 1: Alameda22 folded before Flop (didn't bet)
Seat 2: Cheezers2222 folded on the Flop
Seat 3: Bananazoo folded before Flop (didn't bet)
Seat 5: D. AK-47 (button) folded before Flop (didn't bet)
Seat 6: toverQ (small blind) folded before Flop
Seat 7: HorseWhispr (big blind) collected ($0.60)
Seat 8: trastras folded before Flop (didn't bet)
Seat 9: Eliminator6 folded before Flop (didn't bet)



PokerStars Game #19571339515:  Hold'em No Limit ($0.10/$0.25) - 2008/08/12 - 19:31:52 (ET)
Table 'Gutemberga II' 9-max Seat #6 is the button
Seat 1: Alameda22 ($54.05 in chips) 
Seat 2: Cheezers2222 ($16.75 in chips) 
Seat 3: Bananazoo ($24.85 in chips) 
Seat 5: D. AK-47 ($16.95 in chips) 
Seat 6: toverQ ($25 in chips) 
Seat 7: HorseWhispr ($10.35 in chips) 
Seat 8: trastras ($26.55 in chips) 
Seat 9: Eliminator6 ($25.60 in chips) 
HorseWhispr: posts small blind $0.10
trastras: posts big blind $0.25
*** HOLE CARDS ***
Dealt to Alameda22 [5c Qs]
Eliminator6: folds 
Alameda22: folds 
Cheezers2222: folds 
Bananazoo: folds 
D. AK-47: folds 
toverQ: calls $0.25
HorseWhispr: calls $0.15
trastras: checks 
*** FLOP *** [Js 2d Th]
HorseWhispr: checks 
trastras: checks 
toverQ: bets $0.50
HorseWhispr: folds 
trastras: folds 
Uncalled bet ($0.50) returned to toverQ
toverQ collected $0.75 from pot
toverQ: doesn't show hand 
*** SUMMARY ***
Total pot $0.75 | Rake $0 
Board [Js 2d Th]
Seat 1: Alameda22 folded before Flop (didn't bet)
Seat 2: Cheezers2222 folded before Flop (didn't bet)
Seat 3: Bananazoo folded before Flop (didn't bet)
Seat 5: D. AK-47 folded before Flop (didn't bet)
Seat 6: toverQ (button) collected ($0.75)
Seat 7: HorseWhispr (small blind) folded on the Flop
Seat 8: trastras (big blind) folded on the Flop
Seat 9: Eliminator6 folded before Flop (didn't bet)



PokerStars Game #19571358515:  Hold'em No Limit ($0.10/$0.25) - 2008/08/12 - 19:32:42 (ET)
Table 'Gutemberga II' 9-max Seat #7 is the button
Seat 1: Alameda22 ($54.05 in chips) 
Seat 2: Cheezers2222 ($16.75 in chips) 
Seat 3: Bananazoo ($24.85 in chips) 
Seat 5: D. AK-47 ($16.95 in chips) 
Seat 6: toverQ ($25.50 in chips) 
Seat 7: HorseWhispr ($10.10 in chips) 
Seat 8: trastras ($26.30 in chips) 
Seat 9: Eliminator6 ($25.60 in chips) 
trastras: posts small blind $0.10
Eliminator6: posts big blind $0.25
*** HOLE CARDS ***
Dealt to Alameda22 [Js 4c]
Alameda22: folds 
Cheezers2222: calls $0.25
Bananazoo: folds 
D. AK-47: folds 
toverQ: folds 
HorseWhispr: calls $0.25
trastras: folds 
Eliminator6: checks 
*** FLOP *** [2s 6d 7d]
Eliminator6: checks 
Cheezers2222: bets $0.75
HorseWhispr: calls $0.75
Eliminator6: folds 
*** TURN *** [2s 6d 7d] [9c]
Cheezers2222: checks 
HorseWhispr: bets $1
Cheezers2222: calls $1
*** RIVER *** [2s 6d 7d 9c] [Ad]
Cheezers2222: checks 
HorseWhispr: bets $3
Cheezers2222: folds 
Uncalled bet ($3) returned to HorseWhispr
HorseWhispr collected $4.15 from pot
HorseWhispr: doesn't show hand 
*** SUMMARY ***
Total pot $4.35 | Rake $0.20 
Board [2s 6d 7d 9c Ad]
Seat 1: Alameda22 folded before Flop (didn't bet)
Seat 2: Cheezers2222 folded on the River
Seat 3: Bananazoo folded before Flop (didn't bet)
Seat 5: D. AK-47 folded before Flop (didn't bet)
Seat 6: toverQ folded before Flop (didn't bet)
Seat 7: HorseWhispr (button) collected ($4.15)
Seat 8: trastras (small blind) folded before Flop
Seat 9: Eliminator6 (big blind) folded on the Flop



PokerStars Game #19571406926:  Hold'em No Limit ($0.10/$0.25) - 2008/08/12 - 19:34:47 (ET)
Table 'Gutemberga II' 9-max Seat #8 is the button
Seat 1: Alameda22 ($54.05 in chips) 
Seat 2: Cheezers2222 ($14.75 in chips) 
Seat 3: Bananazoo ($24.85 in chips) 
Seat 5: D. AK-47 ($16.95 in chips) 
Seat 6: toverQ ($25.50 in chips) 
Seat 7: HorseWhispr ($12.25 in chips) 
Seat 8: trastras ($26.20 in chips) 
Seat 9: Eliminator6 ($25.35 in chips) 
Eliminator6: posts small blind $0.10
Alameda22: posts big blind $0.25
*** HOLE CARDS ***
Dealt to Alameda22 [5s 8s]
Cheezers2222: calls $0.25
Bananazoo: folds 
Pokaman808 joins the table at seat #4 
D. AK-47: folds 
toverQ: raises $1 to $1.25
HorseWhispr: folds 
trastras: folds 
Eliminator6: folds 
Alameda22: folds 
Cheezers2222: folds 
Uncalled bet ($1) returned to toverQ
toverQ collected $0.85 from pot
toverQ: doesn't show hand 
*** SUMMARY ***
Total pot $0.85 | Rake $0 
Seat 1: Alameda22 (big blind) folded before Flop
Seat 2: Cheezers2222 folded before Flop
Seat 3: Bananazoo folded before Flop (didn't bet)
Seat 5: D. AK-47 folded before Flop (didn't bet)
Seat 6: toverQ collected ($0.85)
Seat 7: HorseWhispr folded before Flop (didn't bet)
Seat 8: trastras (button) folded before Flop (didn't bet)
Seat 9: Eliminator6 (small blind) folded before Flop



PokerStars Game #19571440898:  Hold'em No Limit ($0.10/$0.25) - 2008/08/12 - 19:36:16 (ET)
Table 'Gutemberga II' 9-max Seat #9 is the button
Seat 1: Alameda22 ($53.80 in chips) 
Seat 2: Cheezers2222 ($14.50 in chips) 
Seat 3: Bananazoo ($24.85 in chips) 
Seat 4: Pokaman808 ($5 in chips) 
Seat 5: D. AK-47 ($16.95 in chips) 
Seat 6: toverQ ($26.10 in chips) 
Seat 7: HorseWhispr ($12.25 in chips) 
Seat 8: trastras ($26.20 in chips) 
Seat 9: Eliminator6 ($25.25 in chips) 
Alameda22: posts small blind $0.10
Cheezers2222: posts big blind $0.25
Pokaman808: posts big blind $0.25
*** HOLE CARDS ***
Dealt to Alameda22 [9c 7h]
Bananazoo: folds 
Pokaman808: checks 
D. AK-47: folds 
toverQ: folds 
HorseWhispr: folds 
trastras: folds 
Eliminator6: folds 
Alameda22: folds 
Cheezers2222: checks 
*** FLOP *** [4d Qc Tc]
Cheezers2222: checks 
Pokaman808: bets $0.25
Cheezers2222: folds 
Uncalled bet ($0.25) returned to Pokaman808
Pokaman808 collected $0.60 from pot
Pokaman808: doesn't show hand 
*** SUMMARY ***
Total pot $0.60 | Rake $0 
Board [4d Qc Tc]
Seat 1: Alameda22 (small blind) folded before Flop
Seat 2: Cheezers2222 (big blind) folded on the Flop
Seat 3: Bananazoo folded before Flop (didn't bet)
Seat 4: Pokaman808 collected ($0.60)
Seat 5: D. AK-47 folded before Flop (didn't bet)
Seat 6: toverQ folded before Flop (didn't bet)
Seat 7: HorseWhispr folded before Flop (didn't bet)
Seat 8: trastras folded before Flop (didn't bet)
Seat 9: Eliminator6 (button) folded before Flop (didn't bet)



PokerStars Game #19571469114:  Hold'em No Limit ($0.10/$0.25) - 2008/08/12 - 19:37:30 (ET)
Table 'Gutemberga II' 9-max Seat #1 is the button
Seat 1: Alameda22 ($53.70 in chips) 
Seat 2: Cheezers2222 ($14.25 in chips) 
Seat 3: Bananazoo ($24.85 in chips) 
Seat 4: Pokaman808 ($5.35 in chips) 
Seat 5: D. AK-47 ($16.95 in chips) 
Seat 6: toverQ ($26.10 in chips) 
Seat 7: HorseWhispr ($12.25 in chips) 
Seat 8: trastras ($26.20 in chips) 
Seat 9: Eliminator6 ($25.25 in chips) 
Cheezers2222: posts small blind $0.10
Bananazoo: posts big blind $0.25
*** HOLE CARDS ***
Dealt to Alameda22 [9h Qd]
Pokaman808: calls $0.25
D. AK-47: raises $1 to $1.25
toverQ: folds 
HorseWhispr: folds 
trastras: folds 
Eliminator6: folds 
Alameda22: folds 
Cheezers2222: folds 
Bananazoo: folds 
Pokaman808: calls $1
*** FLOP *** [Qc Qs 7h]
Pokaman808: checks 
D. AK-47: bets $1.50
Pokaman808: raises $1.50 to $3
D. AK-47: raises $2.25 to $5.25
Pokaman808: calls $1.10 and is all-in
Uncalled bet ($1.15) returned to D. AK-47
*** TURN *** [Qc Qs 7h] [Tc]
*** RIVER *** [Qc Qs 7h Tc] [5d]
*** SHOW DOWN ***
Pokaman808: shows [9s Qh] (three of a kind, Queens)
D. AK-47: mucks hand 
Pokaman808 collected $10.55 from pot
*** SUMMARY ***
Total pot $11.05 | Rake $0.50 
Board [Qc Qs 7h Tc 5d]
Seat 1: Alameda22 (button) folded before Flop (didn't bet)
Seat 2: Cheezers2222 (small blind) folded before Flop
Seat 3: Bananazoo (big blind) folded before Flop
Seat 4: Pokaman808 showed [9s Qh] and won ($10.55) with three of a kind, Queens
Seat 5: D. AK-47 mucked [Kc Kd]
Seat 6: toverQ folded before Flop (didn't bet)
Seat 7: HorseWhispr folded before Flop (didn't bet)
Seat 8: trastras folded before Flop (didn't bet)
Seat 9: Eliminator6 folded before Flop (didn't bet)



PokerStars Game #19571492151:  Hold'em No Limit ($0.10/$0.25) - 2008/08/12 - 19:38:31 (ET)
Table 'Gutemberga II' 9-max Seat #2 is the button
Seat 1: Alameda22 ($53.70 in chips) 
Seat 2: Cheezers2222 ($14.15 in chips) 
Seat 3: Bananazoo ($24.60 in chips) 
Seat 4: Pokaman808 ($10.55 in chips) 
Seat 5: D. AK-47 ($21.60 in chips) 
Seat 6: toverQ ($26.10 in chips) 
Seat 7: HorseWhispr ($12.25 in chips) 
Seat 8: trastras ($26.20 in chips) 
Seat 9: Eliminator6 ($25.25 in chips) 
Bananazoo: posts small blind $0.10
Pokaman808: posts big blind $0.25
*** HOLE CARDS ***
Dealt to Alameda22 [Ac Jc]
D. AK-47: folds 
toverQ: folds 
HorseWhispr: folds 
trastras: folds 
Eliminator6: folds 
Alameda22: raises $0.50 to $0.75
Cheezers2222: folds 
Bananazoo: raises $1.75 to $2.50
Pokaman808: folds 
Alameda22: calls $1.75
*** FLOP *** [Kd 8h 4s]
Bananazoo: bets $3.75
Alameda22: folds 
Uncalled bet ($3.75) returned to Bananazoo
Bananazoo collected $5 from pot
*** SUMMARY ***
Total pot $5.25 | Rake $0.25 
Board [Kd 8h 4s]
Seat 1: Alameda22 folded on the Flop
Seat 2: Cheezers2222 (button) folded before Flop (didn't bet)
Seat 3: Bananazoo (small blind) collected ($5)
Seat 4: Pokaman808 (big blind) folded before Flop
Seat 5: D. AK-47 folded before Flop (didn't bet)
Seat 6: toverQ folded before Flop (didn't bet)
Seat 7: HorseWhispr folded before Flop (didn't bet)
Seat 8: trastras folded before Flop (didn't bet)
Seat 9: Eliminator6 folded before Flop (didn't bet)



PokerStars Game #19571528674:  Hold'em No Limit ($0.10/$0.25) - 2008/08/12 - 19:40:06 (ET)
Table 'Gutemberga II' 9-max Seat #3 is the button
Seat 1: Alameda22 ($51.20 in chips) 
Seat 2: Cheezers2222 ($14.15 in chips) 
Seat 3: Bananazoo ($27.10 in chips) 
Seat 4: Pokaman808 ($10.30 in chips) 
Seat 5: D. AK-47 ($21.60 in chips) 
Seat 6: toverQ ($26.10 in chips) 
Seat 7: HorseWhispr ($12.25 in chips) 
Seat 8: trastras ($26.20 in chips) 
Seat 9: Eliminator6 ($25.25 in chips) 
Pokaman808: posts small blind $0.10
D. AK-47: posts big blind $0.25
*** HOLE CARDS ***
Dealt to Alameda22 [2h Kd]
toverQ: folds 
HorseWhispr: folds 
trastras: folds 
Eliminator6: raises $1 to $1.25
Alameda22: folds 
Cheezers2222: folds 
Bananazoo: folds 
Pokaman808: folds 
D. AK-47: folds 
Uncalled bet ($1) returned to Eliminator6
Eliminator6 collected $0.60 from pot
Eliminator6: doesn't show hand 
*** SUMMARY ***
Total pot $0.60 | Rake $0 
Seat 1: Alameda22 folded before Flop (didn't bet)
Seat 2: Cheezers2222 folded before Flop (didn't bet)
Seat 3: Bananazoo (button) folded before Flop (didn't bet)
Seat 4: Pokaman808 (small blind) folded before Flop
Seat 5: D. AK-47 (big blind) folded before Flop
Seat 6: toverQ folded before Flop (didn't bet)
Seat 7: HorseWhispr folded before Flop (didn't bet)
Seat 8: trastras folded before Flop (didn't bet)
Seat 9: Eliminator6 collected ($0.60)



PokerStars Game #19571546877:  Hold'em No Limit ($0.10/$0.25) - 2008/08/12 - 19:40:53 (ET)
Table 'Gutemberga II' 9-max Seat #4 is the button
Seat 1: Alameda22 ($51.20 in chips) 
Seat 2: Cheezers2222 ($14.15 in chips) 
Seat 3: Bananazoo ($27.10 in chips) 
Seat 4: Pokaman808 ($10.20 in chips) 
Seat 5: D. AK-47 ($21.35 in chips) 
Seat 6: toverQ ($26.10 in chips) 
Seat 7: HorseWhispr ($12.25 in chips) 
Seat 8: trastras ($26.20 in chips) 
Seat 9: Eliminator6 ($25.60 in chips) 
D. AK-47: posts small blind $0.10
toverQ: posts big blind $0.25
*** HOLE CARDS ***
Dealt to Alameda22 [9h Js]
HorseWhispr: folds 
trastras: folds 
Eliminator6: folds 
Alameda22: folds 
Cheezers2222: calls $0.25
Bananazoo: folds 
Pokaman808: calls $0.25
D. AK-47: folds 
toverQ: checks 
*** FLOP *** [7s 4s 7c]
toverQ: checks 
Cheezers2222: checks 
Pokaman808: checks 
*** TURN *** [7s 4s 7c] [2d]
toverQ: checks 
Cheezers2222: checks 
Pokaman808: bets $0.50
toverQ: folds 
Cheezers2222: folds 
Uncalled bet ($0.50) returned to Pokaman808
Pokaman808 collected $0.85 from pot
Pokaman808 is sitting out
Pokaman808: doesn't show hand 
*** SUMMARY ***
Total pot $0.85 | Rake $0 
Board [7s 4s 7c 2d]
Seat 1: Alameda22 folded before Flop (didn't bet)
Seat 2: Cheezers2222 folded on the Turn
Seat 3: Bananazoo folded before Flop (didn't bet)
Seat 4: Pokaman808 (button) collected ($0.85)
Seat 5: D. AK-47 (small blind) folded before Flop
Seat 6: toverQ (big blind) folded on the Turn
Seat 7: HorseWhispr folded before Flop (didn't bet)
Seat 8: trastras folded before Flop (didn't bet)
Seat 9: Eliminator6 folded before Flop (didn't bet)



PokerStars Game #19571574776:  Hold'em No Limit ($0.10/$0.25) - 2008/08/12 - 19:42:06 (ET)
Table 'Gutemberga II' 9-max Seat #5 is the button
Seat 1: Alameda22 ($51.20 in chips) 
Seat 2: Cheezers2222 ($13.90 in chips) 
Seat 3: Bananazoo ($27.10 in chips) 
Seat 5: D. AK-47 ($21.25 in chips) 
Seat 6: toverQ ($25.85 in chips) 
Seat 7: HorseWhispr ($12.25 in chips) 
Seat 8: trastras ($26.20 in chips) 
Seat 9: Eliminator6 ($25.60 in chips) 
toverQ: posts small blind $0.10
HorseWhispr: posts big blind $0.25
*** HOLE CARDS ***
Dealt to Alameda22 [5h Qc]
trastras: raises $0.75 to $1
Eliminator6: folds 
Alameda22: folds 
Cheezers2222: folds 
Bananazoo: folds 
D. AK-47: folds 
toverQ: calls $0.90
HorseWhispr: folds 
*** FLOP *** [4h 8c 8s]
toverQ: checks 
trastras: bets $1.25
toverQ: folds 
Uncalled bet ($1.25) returned to trastras
trastras collected $2.15 from pot
trastras: doesn't show hand 
*** SUMMARY ***
Total pot $2.25 | Rake $0.10 
Board [4h 8c 8s]
Seat 1: Alameda22 folded before Flop (didn't bet)
Seat 2: Cheezers2222 folded before Flop (didn't bet)
Seat 3: Bananazoo folded before Flop (didn't bet)
Seat 5: D. AK-47 (button) folded before Flop (didn't bet)
Seat 6: toverQ (small blind) folded on the Flop
Seat 7: HorseWhispr (big blind) folded before Flop
Seat 8: trastras collected ($2.15)
Seat 9: Eliminator6 folded before Flop (didn't bet)



PokerStars Game #19571595531:  Hold'em No Limit ($0.10/$0.25) - 2008/08/12 - 19:43:00 (ET)
Table 'Gutemberga II' 9-max Seat #6 is the button
Seat 1: Alameda22 ($51.20 in chips) 
Seat 2: Cheezers2222 ($13.90 in chips) 
Seat 3: Bananazoo ($27.10 in chips) 
Seat 5: D. AK-47 ($21.25 in chips) 
Seat 6: toverQ ($24.85 in chips) 
Seat 7: HorseWhispr ($12 in chips) 
Seat 8: trastras ($27.35 in chips) 
Seat 9: Eliminator6 ($25.60 in chips) 
HorseWhispr: posts small blind $0.10
trastras: posts big blind $0.25
*** HOLE CARDS ***
Dealt to Alameda22 [Kd 4c]
Eliminator6: folds 
Pokaman808 leaves the table
Alameda22: folds 
Cheezers2222: folds 
Bananazoo: folds 
D. AK-47: folds 
toverQ: raises $0.75 to $1
HorseWhispr: calls $0.90
trastras: folds 
*** FLOP *** [Ks 3d 8h]
HorseWhispr: checks 
toverQ: bets $23.85 and is all-in
HorseWhispr: folds 
Uncalled bet ($23.85) returned to toverQ
Bananazoo leaves the table
toverQ collected $2.15 from pot
toverQ: doesn't show hand 
*** SUMMARY ***
Total pot $2.25 | Rake $0.10 
Board [Ks 3d 8h]
Seat 1: Alameda22 folded before Flop (didn't bet)
Seat 2: Cheezers2222 folded before Flop (didn't bet)
Seat 3: Bananazoo folded before Flop (didn't bet)
Seat 5: D. AK-47 folded before Flop (didn't bet)
Seat 6: toverQ (button) collected ($2.15)
Seat 7: HorseWhispr (small blind) folded on the Flop
Seat 8: trastras (big blind) folded before Flop
Seat 9: Eliminator6 folded before Flop (didn't bet)



PokerStars Game #19571617092:  Hold'em No Limit ($0.10/$0.25) - 2008/08/12 - 19:43:56 (ET)
Table 'Gutemberga II' 9-max Seat #7 is the button
Seat 1: Alameda22 ($51.20 in chips) 
Seat 2: Cheezers2222 ($13.90 in chips) 
Seat 5: D. AK-47 ($21.25 in chips) 
Seat 6: toverQ ($26 in chips) 
Seat 7: HorseWhispr ($11 in chips) 
Seat 8: trastras ($27.10 in chips) 
Seat 9: Eliminator6 ($25.60 in chips) 
trastras: posts small blind $0.10
Eliminator6: posts big blind $0.25
*** HOLE CARDS ***
Dealt to Alameda22 [7d 4d]
Alameda22: folds 
Cheezers2222: folds 
D. AK-47: folds 
toverQ: folds 
HorseWhispr: calls $0.25
trastras: folds 
Eliminator6: checks 
*** FLOP *** [Ks 8s Kc]
Eliminator6: checks 
HorseWhispr: bets $0.25
Eliminator6: folds 
Uncalled bet ($0.25) returned to HorseWhispr
HorseWhispr collected $0.60 from pot
HorseWhispr: doesn't show hand 
*** SUMMARY ***
Total pot $0.60 | Rake $0 
Board [Ks 8s Kc]
Seat 1: Alameda22 folded before Flop (didn't bet)
Seat 2: Cheezers2222 folded before Flop (didn't bet)
Seat 5: D. AK-47 folded before Flop (didn't bet)
Seat 6: toverQ folded before Flop (didn't bet)
Seat 7: HorseWhispr (button) collected ($0.60)
Seat 8: trastras (small blind) folded before Flop
Seat 9: Eliminator6 (big blind) folded on the Flop



PokerStars Game #19571642564:  Hold'em No Limit ($0.10/$0.25) - 2008/08/12 - 19:45:03 (ET)
Table 'Gutemberga II' 9-max Seat #8 is the button
Seat 1: Alameda22 ($51.20 in chips) 
Seat 2: Cheezers2222 ($13.90 in chips) 
Seat 5: D. AK-47 ($21.25 in chips) 
Seat 6: toverQ ($26 in chips) 
Seat 7: HorseWhispr ($11.35 in chips) 
Seat 8: trastras ($27 in chips) 
Seat 9: Eliminator6 ($25.35 in chips) 
Eliminator6: posts small blind $0.10
Alameda22: posts big blind $0.25
*** HOLE CARDS ***
Dealt to Alameda22 [2s Kd]
Cheezers2222: raises $1 to $1.25
D. AK-47: folds 
toverQ: folds 
HorseWhispr: folds 
trastras: folds 
Eliminator6: folds 
Alameda22: folds 
Uncalled bet ($1) returned to Cheezers2222
Cheezers2222 collected $0.60 from pot
*** SUMMARY ***
Total pot $0.60 | Rake $0 
Seat 1: Alameda22 (big blind) folded before Flop
Seat 2: Cheezers2222 collected ($0.60)
Seat 5: D. AK-47 folded before Flop (didn't bet)
Seat 6: toverQ folded before Flop (didn't bet)
Seat 7: HorseWhispr folded before Flop (didn't bet)
Seat 8: trastras (button) folded before Flop (didn't bet)
Seat 9: Eliminator6 (small blind) folded before Flop



PokerStars Game #19571660701:  Hold'em No Limit ($0.10/$0.25) - 2008/08/12 - 19:45:51 (ET)
Table 'Gutemberga II' 9-max Seat #9 is the button
Seat 1: Alameda22 ($50.95 in chips) 
Seat 2: Cheezers2222 ($14.25 in chips) 
Seat 5: D. AK-47 ($21.25 in chips) 
Seat 6: toverQ ($26 in chips) 
Seat 7: HorseWhispr ($11.35 in chips) 
Seat 8: trastras ($27 in chips) 
Seat 9: Eliminator6 ($25.25 in chips) 
Alameda22: posts small blind $0.10
Cheezers2222: posts big blind $0.25
*** HOLE CARDS ***
Dealt to Alameda22 [Ac Js]
D. AK-47: folds 
toverQ: folds 
HorseWhispr: folds 
trastras: folds 
Eliminator6: folds 
Alameda22: calls $0.15
Cheezers2222: checks 
*** FLOP *** [4c 9d Jd]
Alameda22: bets $0.25
D.v.D1983 joins the table at seat #4 
Cheezers2222: calls $0.25
*** TURN *** [4c 9d Jd] [7d]
Alameda22: bets $0.50
OC Mike10 joins the table at seat #3 
Cheezers2222: folds 
Uncalled bet ($0.50) returned to Alameda22
Alameda22 collected $0.95 from pot
Alameda22: doesn't show hand 
*** SUMMARY ***
Total pot $1 | Rake $0.05 
Board [4c 9d Jd 7d]
Seat 1: Alameda22 (small blind) collected ($0.95)
Seat 2: Cheezers2222 (big blind) folded on the Turn
Seat 5: D. AK-47 folded before Flop (didn't bet)
Seat 6: toverQ folded before Flop (didn't bet)
Seat 7: HorseWhispr folded before Flop (didn't bet)
Seat 8: trastras folded before Flop (didn't bet)
Seat 9: Eliminator6 (button) folded before Flop (didn't bet)



PokerStars Game #19571704514:  Hold'em No Limit ($0.10/$0.25) - 2008/08/12 - 19:47:47 (ET)
Table 'Gutemberga II' 9-max Seat #1 is the button
Seat 1: Alameda22 ($51.40 in chips) 
Seat 2: Cheezers2222 ($13.75 in chips) 
Seat 3: OC Mike10 ($25 in chips) 
Seat 5: D. AK-47 ($21.25 in chips) 
Seat 6: toverQ ($26 in chips) 
Seat 7: HorseWhispr ($11.35 in chips) 
Seat 8: trastras ($27 in chips) 
Seat 9: Eliminator6 ($25.25 in chips) 
Cheezers2222: posts small blind $0.10
OC Mike10: posts big blind $0.25
D.v.D1983: sits out 
*** HOLE CARDS ***
Dealt to Alameda22 [Th 2s]
D. AK-47: folds 
toverQ: folds 
HorseWhispr: folds 
trastras: folds 
Eliminator6: folds 
Alameda22: folds 
Cheezers2222: calls $0.15
OC Mike10: checks 
*** FLOP *** [7d 7h Ah]
Cheezers2222: checks 
OC Mike10: checks 
*** TURN *** [7d 7h Ah] [3d]
Cheezers2222: checks 
OC Mike10: checks 
*** RIVER *** [7d 7h Ah 3d] [Kc]
Cheezers2222: bets $0.75
OC Mike10: calls $0.75
*** SHOW DOWN ***
Cheezers2222: shows [7s Ts] (three of a kind, Sevens)
OC Mike10: mucks hand 
Cheezers2222 collected $1.90 from pot
*** SUMMARY ***
Total pot $2 | Rake $0.10 
Board [7d 7h Ah 3d Kc]
Seat 1: Alameda22 (button) folded before Flop (didn't bet)
Seat 2: Cheezers2222 (small blind) showed [7s Ts] and won ($1.90) with three of a kind, Sevens
Seat 3: OC Mike10 (big blind) mucked [Ks Jd]
Seat 5: D. AK-47 folded before Flop (didn't bet)
Seat 6: toverQ folded before Flop (didn't bet)
Seat 7: HorseWhispr folded before Flop (didn't bet)
Seat 8: trastras folded before Flop (didn't bet)
Seat 9: Eliminator6 folded before Flop (didn't bet)



PokerStars Game #19571739731:  Hold'em No Limit ($0.10/$0.25) - 2008/08/12 - 19:49:20 (ET)
Table 'Gutemberga II' 9-max Seat #2 is the button
Seat 1: Alameda22 ($51.40 in chips) 
Seat 2: Cheezers2222 ($14.65 in chips) 
Seat 3: OC Mike10 ($24 in chips) 
Seat 4: D.v.D1983 ($15 in chips) 
Seat 5: D. AK-47 ($21.25 in chips) 
Seat 6: toverQ ($26 in chips) 
Seat 7: HorseWhispr ($11.35 in chips) 
Seat 8: trastras ($27 in chips) 
Seat 9: Eliminator6 ($25.25 in chips) 
OC Mike10: posts small blind $0.10
D.v.D1983: posts big blind $0.25
*** HOLE CARDS ***
Dealt to Alameda22 [6c 6h]
D. AK-47: folds 
toverQ: raises $1 to $1.25
HorseWhispr: folds 
trastras: folds 
Eliminator6: folds 
Alameda22: folds 
Cheezers2222: calls $1.25
OC Mike10: calls $1.15
D.v.D1983: folds 
*** FLOP *** [3d 6s Ks]
OC Mike10: checks 
toverQ: bets $3.25
Cheezers2222: folds 
Cheezers2222 leaves the table
OC Mike10: folds 
Uncalled bet ($3.25) returned to toverQ
toverQ collected $3.80 from pot
toverQ: doesn't show hand 
*** SUMMARY ***
Total pot $4 | Rake $0.20 
Board [3d 6s Ks]
Seat 1: Alameda22 folded before Flop (didn't bet)
Seat 2: Cheezers2222 (button) folded on the Flop
Seat 3: OC Mike10 (small blind) folded on the Flop
Seat 4: D.v.D1983 (big blind) folded before Flop
Seat 5: D. AK-47 folded before Flop (didn't bet)
Seat 6: toverQ collected ($3.80)
Seat 7: HorseWhispr folded before Flop (didn't bet)
Seat 8: trastras folded before Flop (didn't bet)
Seat 9: Eliminator6 folded before Flop (didn't bet)



PokerStars Game #19571775821:  Hold'em No Limit ($0.10/$0.25) - 2008/08/12 - 19:50:56 (ET)
Table 'Gutemberga II' 9-max Seat #3 is the button
Seat 1: Alameda22 ($51.40 in chips) 
Seat 3: OC Mike10 ($22.75 in chips) 
Seat 4: D.v.D1983 ($14.75 in chips) 
Seat 5: D. AK-47 ($21.25 in chips) 
Seat 6: toverQ ($28.55 in chips) 
Seat 7: HorseWhispr ($11.35 in chips) 
Seat 8: trastras ($27 in chips) 
Seat 9: Eliminator6 ($25.25 in chips) 
D.v.D1983: posts small blind $0.10
D. AK-47: posts big blind $0.25
*** HOLE CARDS ***
Dealt to Alameda22 [4d 4h]
toverQ: folds 
HorseWhispr: calls $0.25
trastras: folds 
Eliminator6: folds 
Alameda22: calls $0.25
OC Mike10: folds 
D.v.D1983: folds 
D. AK-47: checks 
*** FLOP *** [9d 4c 5s]
D.v.D1983 leaves the table
D. AK-47: checks 
HorseWhispr: checks 
Alameda22: bets $0.50
D. AK-47: folds 
sach1509 joins the table at seat #4 
HorseWhispr: folds 
Uncalled bet ($0.50) returned to Alameda22
Alameda22 collected $0.85 from pot
Alameda22: doesn't show hand 
KING KA2 joins the table at seat #2 
*** SUMMARY ***
Total pot $0.85 | Rake $0 
Board [9d 4c 5s]
Seat 1: Alameda22 collected ($0.85)
Seat 3: OC Mike10 (button) folded before Flop (didn't bet)
Seat 4: D.v.D1983 (small blind) folded before Flop
Seat 5: D. AK-47 (big blind) folded on the Flop
Seat 6: toverQ folded before Flop (didn't bet)
Seat 7: HorseWhispr folded on the Flop
Seat 8: trastras folded before Flop (didn't bet)
Seat 9: Eliminator6 folded before Flop (didn't bet)



PokerStars Game #19571802391:  Hold'em No Limit ($0.10/$0.25) - 2008/08/12 - 19:52:06 (ET)
Table 'Gutemberga II' 9-max Seat #5 is the button
Seat 1: Alameda22 ($52 in chips) 
Seat 2: KING KA2 ($15 in chips) 
Seat 3: OC Mike10 ($22.75 in chips) 
Seat 4: sach1509 ($11.35 in chips) 
Seat 5: D. AK-47 ($21 in chips) 
Seat 6: toverQ ($28.55 in chips) 
Seat 7: HorseWhispr ($11.10 in chips) 
Seat 8: trastras ($27 in chips) 
Seat 9: Eliminator6 ($25.25 in chips) 
toverQ: posts small blind $0.10
HorseWhispr: posts big blind $0.25
KING KA2: posts big blind $0.25
sach1509: posts big blind $0.25
*** HOLE CARDS ***
Dealt to Alameda22 [2s 6h]
trastras: folds 
Eliminator6: calls $0.25
Alameda22: folds 
KING KA2: checks 
OC Mike10: calls $0.25
sach1509: checks 
D. AK-47: folds 
toverQ: calls $0.15
HorseWhispr: checks 
*** FLOP *** [Qs 7c Kh]
toverQ: checks 
HorseWhispr: checks 
Eliminator6: checks 
KING KA2: bets $1
OC Mike10: folds 
sach1509: calls $1
toverQ: folds 
HorseWhispr: folds 
Eliminator6: folds 
*** TURN *** [Qs 7c Kh] [8d]
KING KA2: checks 
sach1509: checks 
*** RIVER *** [Qs 7c Kh 8d] [5d]
KING KA2: checks 
sach1509: checks 
*** SHOW DOWN ***
KING KA2: shows [9d Jd] (high card King)
sach1509: shows [2h Qh] (a pair of Queens)
sach1509 collected $3.35 from pot
*** SUMMARY ***
Total pot $3.50 | Rake $0.15 
Board [Qs 7c Kh 8d 5d]
Seat 1: Alameda22 folded before Flop (didn't bet)
Seat 2: KING KA2 showed [9d Jd] and lost with high card King
Seat 3: OC Mike10 folded on the Flop
Seat 4: sach1509 showed [2h Qh] and won ($3.35) with a pair of Queens
Seat 5: D. AK-47 (button) folded before Flop (didn't bet)
Seat 6: toverQ (small blind) folded on the Flop
Seat 7: HorseWhispr (big blind) folded on the Flop
Seat 8: trastras folded before Flop (didn't bet)
Seat 9: Eliminator6 folded on the Flop



PokerStars Game #19571843344:  Hold'em No Limit ($0.10/$0.25) - 2008/08/12 - 19:53:56 (ET)
Table 'Gutemberga II' 9-max Seat #6 is the button
Seat 1: Alameda22 ($52 in chips) 
Seat 2: KING KA2 ($13.75 in chips) 
Seat 3: OC Mike10 ($22.50 in chips) 
Seat 4: sach1509 ($13.45 in chips) 
Seat 5: D. AK-47 ($21 in chips) 
Seat 6: toverQ ($28.30 in chips) 
Seat 7: HorseWhispr ($10.85 in chips) 
Seat 8: trastras ($27 in chips) 
Seat 9: Eliminator6 ($25 in chips) 
HorseWhispr: posts small blind $0.10
trastras: posts big blind $0.25
*** HOLE CARDS ***
Dealt to Alameda22 [5s 6h]
Eliminator6: folds 
Alameda22: folds 
KING KA2: folds 
OC Mike10: raises $0.75 to $1
sach1509: folds 
D. AK-47: folds 
toverQ: calls $1
HorseWhispr: folds 
trastras: folds 
*** FLOP *** [7s 5h 9c]
OC Mike10: bets $1.75
toverQ: calls $1.75
*** TURN *** [7s 5h 9c] [Kd]
OC Mike10: checks 
toverQ: bets $4
OC Mike10: folds 
Uncalled bet ($4) returned to toverQ
toverQ collected $5.60 from pot
toverQ: doesn't show hand 
*** SUMMARY ***
Total pot $5.85 | Rake $0.25 
Board [7s 5h 9c Kd]
Seat 1: Alameda22 folded before Flop (didn't bet)
Seat 2: KING KA2 folded before Flop (didn't bet)
Seat 3: OC Mike10 folded on the Turn
Seat 4: sach1509 folded before Flop (didn't bet)
Seat 5: D. AK-47 folded before Flop (didn't bet)
Seat 6: toverQ (button) collected ($5.60)
Seat 7: HorseWhispr (small blind) folded before Flop
Seat 8: trastras (big blind) folded before Flop
Seat 9: Eliminator6 folded before Flop (didn't bet)



PokerStars Game #19571875158:  Hold'em No Limit ($0.10/$0.25) - 2008/08/12 - 19:55:20 (ET)
Table 'Gutemberga II' 9-max Seat #7 is the button
Seat 1: Alameda22 ($52 in chips) 
Seat 2: KING KA2 ($13.75 in chips) 
Seat 3: OC Mike10 ($19.75 in chips) 
Seat 4: sach1509 ($13.45 in chips) 
Seat 5: D. AK-47 ($21 in chips) 
Seat 6: toverQ ($31.15 in chips) 
Seat 7: HorseWhispr ($10.75 in chips) 
Seat 8: trastras ($26.75 in chips) 
Seat 9: Eliminator6 ($25 in chips) 
trastras: posts small blind $0.10
Eliminator6: posts big blind $0.25
*** HOLE CARDS ***
Dealt to Alameda22 [Td 6h]
Alameda22: folds 
KING KA2: folds 
OC Mike10: folds 
sach1509: calls $0.25
D. AK-47: folds 
toverQ: folds 
HorseWhispr: calls $0.25
trastras: folds 
Eliminator6: checks 
*** FLOP *** [Qs 9d 2c]
Eliminator6: checks 
sach1509: checks 
HorseWhispr: bets $1
Eliminator6: folds 
sach1509: folds 
Uncalled bet ($1) returned to HorseWhispr
HorseWhispr collected $0.85 from pot
HorseWhispr: doesn't show hand 
*** SUMMARY ***
Total pot $0.85 | Rake $0 
Board [Qs 9d 2c]
Seat 1: Alameda22 folded before Flop (didn't bet)
Seat 2: KING KA2 folded before Flop (didn't bet)
Seat 3: OC Mike10 folded before Flop (didn't bet)
Seat 4: sach1509 folded on the Flop
Seat 5: D. AK-47 folded before Flop (didn't bet)
Seat 6: toverQ folded before Flop (didn't bet)
Seat 7: HorseWhispr (button) collected ($0.85)
Seat 8: trastras (small blind) folded before Flop
Seat 9: Eliminator6 (big blind) folded on the Flop



PokerStars Game #19571900991:  Hold'em No Limit ($0.10/$0.25) - 2008/08/12 - 19:56:30 (ET)
Table 'Gutemberga II' 9-max Seat #8 is the button
Seat 1: Alameda22 ($52 in chips) 
Seat 2: KING KA2 ($13.75 in chips) 
Seat 3: OC Mike10 ($19.75 in chips) 
Seat 4: sach1509 ($13.20 in chips) 
Seat 5: D. AK-47 ($21 in chips) 
Seat 6: toverQ ($31.15 in chips) 
Seat 7: HorseWhispr ($11.35 in chips) 
Seat 8: trastras ($26.65 in chips) 
Seat 9: Eliminator6 ($24.75 in chips) 
Eliminator6: posts small blind $0.10
Alameda22: posts big blind $0.25
*** HOLE CARDS ***
Dealt to Alameda22 [5s Td]
KING KA2: folds 
OC Mike10: raises $0.75 to $1
sach1509: folds 
D. AK-47: folds 
toverQ: calls $1
HorseWhispr: folds 
trastras: folds 
Eliminator6: folds 
Alameda22: folds 
*** FLOP *** [9h Jd Qd]
OC Mike10: checks 
toverQ: checks 
*** TURN *** [9h Jd Qd] [As]
OC Mike10: bets $1.50
toverQ: folds 
Uncalled bet ($1.50) returned to OC Mike10
OC Mike10 collected $2.25 from pot
OC Mike10: doesn't show hand 
*** SUMMARY ***
Total pot $2.35 | Rake $0.10 
Board [9h Jd Qd As]
Seat 1: Alameda22 (big blind) folded before Flop
Seat 2: KING KA2 folded before Flop (didn't bet)
Seat 3: OC Mike10 collected ($2.25)
Seat 4: sach1509 folded before Flop (didn't bet)
Seat 5: D. AK-47 folded before Flop (didn't bet)
Seat 6: toverQ folded on the Turn
Seat 7: HorseWhispr folded before Flop (didn't bet)
Seat 8: trastras (button) folded before Flop (didn't bet)
Seat 9: Eliminator6 (small blind) folded before Flop



PokerStars Game #19571933697:  Hold'em No Limit ($0.10/$0.25) - 2008/08/12 - 19:57:57 (ET)
Table 'Gutemberga II' 9-max Seat #9 is the button
Seat 1: Alameda22 ($51.75 in chips) 
Seat 2: KING KA2 ($13.75 in chips) 
Seat 3: OC Mike10 ($21 in chips) 
Seat 4: sach1509 ($13.20 in chips) 
Seat 5: D. AK-47 ($21 in chips) 
Seat 6: toverQ ($30.15 in chips) 
Seat 7: HorseWhispr ($11.35 in chips) 
Seat 8: trastras ($26.65 in chips) 
Seat 9: Eliminator6 ($24.65 in chips) 
Alameda22: posts small blind $0.10
KING KA2: posts big blind $0.25
*** HOLE CARDS ***
Dealt to Alameda22 [8h 7s]
OC Mike10: folds 
sach1509: folds 
D. AK-47: folds 
toverQ: folds 
HorseWhispr: folds 
trastras: raises $0.50 to $0.75
Eliminator6: folds 
Alameda22: folds 
KING KA2: calls $0.50
*** FLOP *** [Kd 4d 2h]
KING KA2: checks 
trastras: bets $1
KING KA2: raises $2 to $3
trastras: calls $2
*** TURN *** [Kd 4d 2h] [Tc]
KING KA2: checks 
trastras: bets $4.25
KING KA2: calls $4.25
*** RIVER *** [Kd 4d 2h Tc] [Qd]
KING KA2: checks 
trastras: bets $5.75
KING KA2: calls $5.75 and is all-in
*** SHOW DOWN ***
trastras: shows [2d 2c] (three of a kind, Deuces)
KING KA2: shows [Jh Ah] (a straight, Ten to Ace)
KING KA2 collected $26.30 from pot
*** SUMMARY ***
Total pot $27.60 | Rake $1.30 
Board [Kd 4d 2h Tc Qd]
Seat 1: Alameda22 (small blind) folded before Flop
Seat 2: KING KA2 (big blind) showed [Jh Ah] and won ($26.30) with a straight, Ten to Ace
Seat 3: OC Mike10 folded before Flop (didn't bet)
Seat 4: sach1509 folded before Flop (didn't bet)
Seat 5: D. AK-47 folded before Flop (didn't bet)
Seat 6: toverQ folded before Flop (didn't bet)
Seat 7: HorseWhispr folded before Flop (didn't bet)
Seat 8: trastras showed [2d 2c] and lost with three of a kind, Deuces
Seat 9: Eliminator6 (button) folded before Flop (didn't bet)



PokerStars Game #19571992667:  Hold'em No Limit ($0.10/$0.25) - 2008/08/12 - 20:00:33 (ET)
Table 'Gutemberga II' 9-max Seat #1 is the button
Seat 1: Alameda22 ($51.65 in chips) 
Seat 2: KING KA2 ($26.30 in chips) 
Seat 3: OC Mike10 ($21 in chips) 
Seat 4: sach1509 ($13.20 in chips) 
Seat 5: D. AK-47 ($21 in chips) 
Seat 6: toverQ ($30.15 in chips) 
Seat 7: HorseWhispr ($11.35 in chips) 
Seat 8: trastras ($12.90 in chips) 
Seat 9: Eliminator6 ($24.65 in chips) 
KING KA2: posts small blind $0.10
OC Mike10: posts big blind $0.25
*** HOLE CARDS ***
Dealt to Alameda22 [Ah 8h]
sach1509: calls $0.25
D. AK-47: folds 
toverQ: folds 
HorseWhispr: folds 
trastras: folds 
Eliminator6: folds 
Alameda22: folds 
KING KA2: raises $0.75 to $1
OC Mike10: raises $2 to $3
sach1509: folds 
KING KA2: calls $2
*** FLOP *** [Th Kd 9d]
KING KA2: checks 
OC Mike10: bets $3
KING KA2: raises $5 to $8
OC Mike10: folds 
Uncalled bet ($5) returned to KING KA2
KING KA2 collected $11.70 from pot
KING KA2: doesn't show hand 
*** SUMMARY ***
Total pot $12.25 | Rake $0.55 
Board [Th Kd 9d]
Seat 1: Alameda22 (button) folded before Flop (didn't bet)
Seat 2: KING KA2 (small blind) collected ($11.70)
Seat 3: OC Mike10 (big blind) folded on the Flop
Seat 4: sach1509 folded before Flop
Seat 5: D. AK-47 folded before Flop (didn't bet)
Seat 6: toverQ folded before Flop (didn't bet)
Seat 7: HorseWhispr folded before Flop (didn't bet)
Seat 8: trastras folded before Flop (didn't bet)
Seat 9: Eliminator6 folded before Flop (didn't bet)



PokerStars Game #19572037436:  Hold'em No Limit ($0.10/$0.25) - 2008/08/12 - 20:02:31 (ET)
Table 'Gutemberga II' 9-max Seat #2 is the button
Seat 1: Alameda22 ($51.65 in chips) 
Seat 2: KING KA2 ($32 in chips) 
Seat 3: OC Mike10 ($15 in chips) 
Seat 4: sach1509 ($12.95 in chips) 
Seat 5: D. AK-47 ($21 in chips) 
Seat 6: toverQ ($30.15 in chips) 
Seat 7: HorseWhispr ($11.35 in chips) 
Seat 8: trastras ($25 in chips) 
Seat 9: Eliminator6 ($24.65 in chips) 
OC Mike10: posts small blind $0.10
sach1509: posts big blind $0.25
*** HOLE CARDS ***
Dealt to Alameda22 [3c Ts]
D. AK-47: folds 
toverQ: calls $0.25
HorseWhispr: folds 
trastras: folds 
Eliminator6: folds 
Alameda22: folds 
KING KA2: raises $0.50 to $0.75
OC Mike10: calls $0.65
sach1509: calls $0.50
toverQ: calls $0.50
*** FLOP *** [5d 6c 2c]
OC Mike10: checks 
sach1509: checks 
toverQ: bets $0.50
KING KA2: raises $1.50 to $2
OC Mike10: folds 
sach1509: folds 
toverQ: calls $1.50
*** TURN *** [5d 6c 2c] [8d]
toverQ: checks 
KING KA2: bets $1.25
toverQ: calls $1.25
*** RIVER *** [5d 6c 2c 8d] [4c]
toverQ: bets $2
KING KA2: calls $2
*** SHOW DOWN ***
toverQ: shows [5s 4d] (two pair, Fives and Fours)
KING KA2: mucks hand 
toverQ collected $12.85 from pot
*** SUMMARY ***
Total pot $13.50 | Rake $0.65 
Board [5d 6c 2c 8d 4c]
Seat 1: Alameda22 folded before Flop (didn't bet)
Seat 2: KING KA2 (button) mucked [Ad Kc]
Seat 3: OC Mike10 (small blind) folded on the Flop
Seat 4: sach1509 (big blind) folded on the Flop
Seat 5: D. AK-47 folded before Flop (didn't bet)
Seat 6: toverQ showed [5s 4d] and won ($12.85) with two pair, Fives and Fours
Seat 7: HorseWhispr folded before Flop (didn't bet)
Seat 8: trastras folded before Flop (didn't bet)
Seat 9: Eliminator6 folded before Flop (didn't bet)



PokerStars Game #19572094623:  Hold'em No Limit ($0.10/$0.25) - 2008/08/12 - 20:05:03 (ET)
Table 'Gutemberga II' 9-max Seat #3 is the button
Seat 1: Alameda22 ($51.65 in chips) 
Seat 2: KING KA2 ($26 in chips) 
Seat 3: OC Mike10 ($14.25 in chips) 
Seat 4: sach1509 ($12.20 in chips) 
Seat 5: D. AK-47 ($21 in chips) 
Seat 6: toverQ ($37 in chips) 
Seat 7: HorseWhispr ($11.35 in chips) 
Seat 8: trastras ($25 in chips) 
Seat 9: Eliminator6 ($24.65 in chips) 
sach1509: posts small blind $0.10
D. AK-47: posts big blind $0.25
*** HOLE CARDS ***
Dealt to Alameda22 [Kc Qd]
toverQ: calls $0.25
HorseWhispr: folds 
trastras: folds 
Eliminator6: folds 
Alameda22: folds 
KING KA2: calls $0.25
OC Mike10: calls $0.25
sach1509 has timed out
sach1509: folds 
sach1509 is sitting out
D. AK-47: checks 
*** FLOP *** [8s 7c Kd]
D. AK-47: checks 
toverQ: checks 
KING KA2: bets $0.75
OC Mike10: folds 
D. AK-47: folds 
toverQ: calls $0.75
*** TURN *** [8s 7c Kd] [2h]
toverQ: checks 
KING KA2: checks 
*** RIVER *** [8s 7c Kd 2h] [Ah]
toverQ: checks 
KING KA2: bets $1
toverQ: folds 
Uncalled bet ($1) returned to KING KA2
KING KA2 collected $2.50 from pot
KING KA2: doesn't show hand 
*** SUMMARY ***
Total pot $2.60 | Rake $0.10 
Board [8s 7c Kd 2h Ah]
Seat 1: Alameda22 folded before Flop (didn't bet)
Seat 2: KING KA2 collected ($2.50)
Seat 3: OC Mike10 (button) folded on the Flop
Seat 4: sach1509 (small blind) folded before Flop
Seat 5: D. AK-47 (big blind) folded on the Flop
Seat 6: toverQ folded on the River
Seat 7: HorseWhispr folded before Flop (didn't bet)
Seat 8: trastras folded before Flop (didn't bet)
Seat 9: Eliminator6 folded before Flop (didn't bet)



PokerStars Game #19572144523:  Hold'em No Limit ($0.10/$0.25) - 2008/08/12 - 20:07:17 (ET)
Table 'Gutemberga II' 9-max Seat #5 is the button
Seat 1: Alameda22 ($51.65 in chips) 
Seat 2: KING KA2 ($27.50 in chips) 
Seat 3: OC Mike10 ($14 in chips) 
Seat 5: D. AK-47 ($20.75 in chips) 
Seat 6: toverQ ($36 in chips) 
Seat 7: HorseWhispr ($11.35 in chips) 
Seat 8: trastras ($25 in chips) 
Seat 9: Eliminator6 ($24.65 in chips) 
toverQ: posts small blind $0.10
HorseWhispr: posts big blind $0.25
*** HOLE CARDS ***
Dealt to Alameda22 [Jh 3h]
trastras: folds 
Eliminator6: folds 
Alameda22: folds 
KING KA2: folds 
OC Mike10: folds 
D. AK-47: raises $1 to $1.25
toverQ: folds 
HorseWhispr: folds 
Uncalled bet ($1) returned to D. AK-47
D. AK-47 collected $0.60 from pot
D. AK-47: doesn't show hand 
*** SUMMARY ***
Total pot $0.60 | Rake $0 
Seat 1: Alameda22 folded before Flop (didn't bet)
Seat 2: KING KA2 folded before Flop (didn't bet)
Seat 3: OC Mike10 folded before Flop (didn't bet)
Seat 5: D. AK-47 (button) collected ($0.60)
Seat 6: toverQ (small blind) folded before Flop
Seat 7: HorseWhispr (big blind) folded before Flop
Seat 8: trastras folded before Flop (didn't bet)
Seat 9: Eliminator6 folded before Flop (didn't bet)



PokerStars Game #19572166991:  Hold'em No Limit ($0.10/$0.25) - 2008/08/12 - 20:08:17 (ET)
Table 'Gutemberga II' 9-max Seat #6 is the button
Seat 1: Alameda22 ($51.65 in chips) 
Seat 2: KING KA2 ($27.50 in chips) 
Seat 3: OC Mike10 ($14 in chips) 
Seat 5: D. AK-47 ($21.10 in chips) 
Seat 6: toverQ ($35.90 in chips) 
Seat 7: HorseWhispr ($11.10 in chips) 
Seat 8: trastras ($25 in chips) 
Seat 9: Eliminator6 ($24.65 in chips) 
HorseWhispr: posts small blind $0.10
trastras: posts big blind $0.25
*** HOLE CARDS ***
Dealt to Alameda22 [Ac Ts]
Eliminator6: calls $0.25
Alameda22: folds 
KING KA2: folds 
OC Mike10: folds 
D. AK-47: raises $1 to $1.25
toverQ: folds 
HorseWhispr: folds 
trastras: calls $1
Eliminator6: folds 
*** FLOP *** [Kc Qc Tc]
trastras: bets $2
D. AK-47: raises $2 to $4
trastras: raises $19.75 to $23.75 and is all-in
D. AK-47: folds 
Uncalled bet ($19.75) returned to trastras
trastras collected $10.35 from pot
trastras: doesn't show hand 
*** SUMMARY ***
Total pot $10.85 | Rake $0.50 
Board [Kc Qc Tc]
Seat 1: Alameda22 folded before Flop (didn't bet)
Seat 2: KING KA2 folded before Flop (didn't bet)
Seat 3: OC Mike10 folded before Flop (didn't bet)
Seat 5: D. AK-47 folded on the Flop
Seat 6: toverQ (button) folded before Flop (didn't bet)
Seat 7: HorseWhispr (small blind) folded before Flop
Seat 8: trastras (big blind) collected ($10.35)
Seat 9: Eliminator6 folded before Flop



PokerStars Game #19572210687:  Hold'em No Limit ($0.10/$0.25) - 2008/08/12 - 20:10:13 (ET)
Table 'Gutemberga II' 9-max Seat #7 is the button
Seat 1: Alameda22 ($51.65 in chips) 
Seat 2: KING KA2 ($27.50 in chips) 
Seat 3: OC Mike10 ($14 in chips) 
Seat 5: D. AK-47 ($15.85 in chips) 
Seat 6: toverQ ($35.90 in chips) 
Seat 7: HorseWhispr ($11 in chips) 
Seat 8: trastras ($30.10 in chips) 
Seat 9: Eliminator6 ($24.40 in chips) 
trastras: posts small blind $0.10
Eliminator6: posts big blind $0.25
*** HOLE CARDS ***
Dealt to Alameda22 [5c 9s]
Alameda22: folds 
KING KA2: folds 
OC Mike10: folds 
D. AK-47: folds 
toverQ: calls $0.25
HorseWhispr: calls $0.25
trastras: folds 
Eliminator6: raises $0.75 to $1
toverQ: calls $0.75
HorseWhispr: calls $0.75
*** FLOP *** [Kc 3d 7h]
Eliminator6: checks 
toverQ: checks 
HorseWhispr: bets $1
Eliminator6: folds 
toverQ: folds 
Uncalled bet ($1) returned to HorseWhispr
HorseWhispr collected $2.95 from pot
HorseWhispr: doesn't show hand 
*** SUMMARY ***
Total pot $3.10 | Rake $0.15 
Board [Kc 3d 7h]
Seat 1: Alameda22 folded before Flop (didn't bet)
Seat 2: KING KA2 folded before Flop (didn't bet)
Seat 3: OC Mike10 folded before Flop (didn't bet)
Seat 5: D. AK-47 folded before Flop (didn't bet)
Seat 6: toverQ folded on the Flop
Seat 7: HorseWhispr (button) collected ($2.95)
Seat 8: trastras (small blind) folded before Flop
Seat 9: Eliminator6 (big blind) folded on the Flop



PokerStars Game #19572243671:  Hold'em No Limit ($0.10/$0.25) - 2008/08/12 - 20:11:41 (ET)
Table 'Gutemberga II' 9-max Seat #8 is the button
Seat 1: Alameda22 ($51.65 in chips) 
Seat 2: KING KA2 ($27.50 in chips) 
Seat 3: OC Mike10 ($14 in chips) 
Seat 5: D. AK-47 ($15.85 in chips) 
Seat 6: toverQ ($34.90 in chips) 
Seat 7: HorseWhispr ($12.95 in chips) 
Seat 8: trastras ($30 in chips) 
Seat 9: Eliminator6 ($23.40 in chips) 
Eliminator6: posts small blind $0.10
Alameda22: posts big blind $0.25
*** HOLE CARDS ***
Dealt to Alameda22 [Qd Qh]
KING KA2: folds 
OC Mike10: folds 
D. AK-47: folds 
toverQ: folds 
HorseWhispr: folds 
trastras: folds 
Eliminator6: folds 
Uncalled bet ($0.15) returned to Alameda22
Alameda22 collected $0.20 from pot
Alameda22: doesn't show hand 
*** SUMMARY ***
Total pot $0.20 | Rake $0 
Seat 1: Alameda22 (big blind) collected ($0.20)
Seat 2: KING KA2 folded before Flop (didn't bet)
Seat 3: OC Mike10 folded before Flop (didn't bet)
Seat 5: D. AK-47 folded before Flop (didn't bet)
Seat 6: toverQ folded before Flop (didn't bet)
Seat 7: HorseWhispr folded before Flop (didn't bet)
Seat 8: trastras (button) folded before Flop (didn't bet)
Seat 9: Eliminator6 (small blind) folded before Flop



PokerStars Game #19572255237:  Hold'em No Limit ($0.10/$0.25) - 2008/08/12 - 20:12:12 (ET)
Table 'Gutemberga II' 9-max Seat #9 is the button
Seat 1: Alameda22 ($51.75 in chips) 
Seat 3: OC Mike10 ($14 in chips) 
Seat 5: D. AK-47 ($15.85 in chips) 
Seat 6: toverQ ($34.90 in chips) 
Seat 7: HorseWhispr ($12.95 in chips) 
Seat 8: trastras ($30 in chips) 
Seat 9: Eliminator6 ($23.30 in chips) 
Alameda22: posts small blind $0.10
KING KA2 has timed out
KING KA2: is sitting out 
OC Mike10: posts big blind $0.25
*** HOLE CARDS ***
Dealt to Alameda22 [5h Qc]
D. AK-47: folds 
toverQ: folds 
HorseWhispr: folds 
HorseWhispr is sitting out
trastras: folds 
Eliminator6: folds 
KING KA2 has returned
Alameda22: folds 
Uncalled bet ($0.15) returned to OC Mike10
OC Mike10 collected $0.20 from pot
OC Mike10: doesn't show hand 
*** SUMMARY ***
Total pot $0.20 | Rake $0 
Seat 1: Alameda22 (small blind) folded before Flop
Seat 3: OC Mike10 (big blind) collected ($0.20)
Seat 5: D. AK-47 folded before Flop (didn't bet)
Seat 6: toverQ folded before Flop (didn't bet)
Seat 7: HorseWhispr folded before Flop (didn't bet)
Seat 8: trastras folded before Flop (didn't bet)
Seat 9: Eliminator6 (button) folded before Flop (didn't bet)



PokerStars Game #19572282133:  Hold'em No Limit ($0.10/$0.25) - 2008/08/12 - 20:13:25 (ET)
Table 'Gutemberga II' 9-max Seat #1 is the button
Seat 1: Alameda22 ($51.65 in chips) 
Seat 3: OC Mike10 ($14.10 in chips) 
Seat 5: D. AK-47 ($15.85 in chips) 
Seat 6: toverQ ($34.90 in chips) 
Seat 8: trastras ($30 in chips) 
Seat 9: Eliminator6 ($25 in chips) 
KING KA2 will be allowed to play after the button
OC Mike10: posts small blind $0.10
D. AK-47: posts big blind $0.25
*** HOLE CARDS ***
Dealt to Alameda22 [8h 5h]
toverQ: folds 
trastras: folds 
Eliminator6: folds 
Alameda22: folds 
OC Mike10: raises $0.75 to $1
D. AK-47: calls $0.75
*** FLOP *** [4h 5d Td]
OC Mike10: bets $1.50
D. AK-47: calls $1.50
*** TURN *** [4h 5d Td] [Kc]
OC Mike10: checks 
D. AK-47: checks 
*** RIVER *** [4h 5d Td Kc] [9h]
OC Mike10: checks 
D. AK-47: checks 
*** SHOW DOWN ***
OC Mike10: shows [6c 6d] (a pair of Sixes)
D. AK-47: mucks hand 
OC Mike10 collected $4.80 from pot
*** SUMMARY ***
Total pot $5 | Rake $0.20 
Board [4h 5d Td Kc 9h]
Seat 1: Alameda22 (button) folded before Flop (didn't bet)
Seat 3: OC Mike10 (small blind) showed [6c 6d] and won ($4.80) with a pair of Sixes
Seat 5: D. AK-47 (big blind) mucked [5s As]
Seat 6: toverQ folded before Flop (didn't bet)
Seat 8: trastras folded before Flop (didn't bet)
Seat 9: Eliminator6 folded before Flop (didn't bet)



