PokerStars Game #19577312304:  Hold'em No Limit ($0.10/$0.25) - 2008/08/13 - 00:00:59 (ET)
Table 'Weber' 9-max Seat #5 is the button
Seat 1: hemsky8383 ($33.70 in chips) 
Seat 2: jlrcastle ($21.60 in chips) 
Seat 3: Usurpov ($25 in chips) 
Seat 4: pudster195 ($21.75 in chips) 
Seat 5: latulla ($9.85 in chips) 
Seat 6: PrestoAces ($24.85 in chips) 
Seat 7: LiLPrawN ($26.55 in chips) 
Seat 8: Alameda22 ($26.10 in chips) 
Seat 9: firezzz ($2.25 in chips) 
PrestoAces: posts small blind $0.10
LiLPrawN: posts big blind $0.25
*** HOLE CARDS ***
Dealt to Alameda22 [Td 4s]
Alameda22: folds 
firezzz: calls $0.25
hemsky8383: raises $1 to $1.25
jlrcastle: folds 
Usurpov: folds 
pudster195: folds 
latulla: folds 
PrestoAces: calls $1.15
LiLPrawN: folds 
firezzz: folds 
*** FLOP *** [Qh 2d 7s]
PrestoAces: checks 
hemsky8383: bets $1.50
PrestoAces: calls $1.50
*** TURN *** [Qh 2d 7s] [9d]
PrestoAces: checks 
hemsky8383: bets $4.50
PrestoAces: folds 
Uncalled bet ($4.50) returned to hemsky8383
hemsky8383 collected $5.75 from pot
hemsky8383: doesn't show hand 
*** SUMMARY ***
Total pot $6 | Rake $0.25 
Board [Qh 2d 7s 9d]
Seat 1: hemsky8383 collected ($5.75)
Seat 2: jlrcastle folded before Flop (didn't bet)
Seat 3: Usurpov folded before Flop (didn't bet)
Seat 4: pudster195 folded before Flop (didn't bet)
Seat 5: latulla (button) folded before Flop (didn't bet)
Seat 6: PrestoAces (small blind) folded on the Turn
Seat 7: LiLPrawN (big blind) folded before Flop
Seat 8: Alameda22 folded before Flop (didn't bet)
Seat 9: firezzz folded before Flop



PokerStars Game #19577332570:  Hold'em No Limit ($0.10/$0.25) - 2008/08/13 - 00:02:07 (ET)
Table 'Weber' 9-max Seat #6 is the button
Seat 1: hemsky8383 ($36.70 in chips) 
Seat 2: jlrcastle ($21.60 in chips) 
Seat 3: Usurpov ($25 in chips) 
Seat 4: pudster195 ($21.75 in chips) 
Seat 5: latulla ($9.85 in chips) 
Seat 6: PrestoAces ($25 in chips) 
Seat 7: LiLPrawN ($26.30 in chips) 
Seat 8: Alameda22 ($26.10 in chips) 
Seat 9: firezzz ($2 in chips) 
LiLPrawN: posts small blind $0.10
Alameda22: posts big blind $0.25
*** HOLE CARDS ***
Dealt to Alameda22 [Tc 2s]
firezzz: folds 
hemsky8383: folds 
jlrcastle: folds 
Usurpov: folds 
pudster195: folds 
latulla: folds 
PrestoAces: raises $0.75 to $1
LiLPrawN: folds 
Alameda22: folds 
Uncalled bet ($0.75) returned to PrestoAces
PrestoAces collected $0.60 from pot
PrestoAces: doesn't show hand 
*** SUMMARY ***
Total pot $0.60 | Rake $0 
Seat 1: hemsky8383 folded before Flop (didn't bet)
Seat 2: jlrcastle folded before Flop (didn't bet)
Seat 3: Usurpov folded before Flop (didn't bet)
Seat 4: pudster195 folded before Flop (didn't bet)
Seat 5: latulla folded before Flop (didn't bet)
Seat 6: PrestoAces (button) collected ($0.60)
Seat 7: LiLPrawN (small blind) folded before Flop
Seat 8: Alameda22 (big blind) folded before Flop
Seat 9: firezzz folded before Flop (didn't bet)



PokerStars Game #19577345192:  Hold'em No Limit ($0.10/$0.25) - 2008/08/13 - 00:02:49 (ET)
Table 'Weber' 9-max Seat #7 is the button
Seat 1: hemsky8383 ($36.70 in chips) 
Seat 2: jlrcastle ($21.60 in chips) 
Seat 3: Usurpov ($25 in chips) 
Seat 4: pudster195 ($21.75 in chips) 
Seat 5: latulla ($9.85 in chips) 
Seat 6: PrestoAces ($25.35 in chips) 
Seat 7: LiLPrawN ($26.20 in chips) 
Seat 8: Alameda22 ($25.85 in chips) 
Seat 9: firezzz ($2 in chips) 
Alameda22: posts small blind $0.10
firezzz: posts big blind $0.25
*** HOLE CARDS ***
Dealt to Alameda22 [7s 5d]
hemsky8383: folds 
jlrcastle: folds 
Usurpov: folds 
pudster195: raises $0.25 to $0.50
latulla: calls $0.50
PrestoAces: calls $0.50
LiLPrawN: folds 
Alameda22: folds 
firezzz: folds 
*** FLOP *** [Js Jc 7c]
pudster195: checks 
latulla: bets $1
PrestoAces: folds 
pudster195: folds 
Uncalled bet ($1) returned to latulla
latulla collected $1.80 from pot
*** SUMMARY ***
Total pot $1.85 | Rake $0.05 
Board [Js Jc 7c]
Seat 1: hemsky8383 folded before Flop (didn't bet)
Seat 2: jlrcastle folded before Flop (didn't bet)
Seat 3: Usurpov folded before Flop (didn't bet)
Seat 4: pudster195 folded on the Flop
Seat 5: latulla collected ($1.80)
Seat 6: PrestoAces folded on the Flop
Seat 7: LiLPrawN (button) folded before Flop (didn't bet)
Seat 8: Alameda22 (small blind) folded before Flop
Seat 9: firezzz (big blind) folded before Flop



PokerStars Game #19577361899:  Hold'em No Limit ($0.10/$0.25) - 2008/08/13 - 00:03:45 (ET)
Table 'Weber' 9-max Seat #8 is the button
Seat 3: Usurpov ($25 in chips) 
Seat 4: pudster195 ($21.25 in chips) 
Seat 5: latulla ($11.15 in chips) 
Seat 6: PrestoAces ($24.85 in chips) 
Seat 7: LiLPrawN ($26.20 in chips) 
Seat 8: Alameda22 ($25.75 in chips) 
Seat 9: firezzz ($1.75 in chips) 
firezzz: posts small blind $0.10
hemsky8383: is sitting out 
jlrcastle: is sitting out 
Usurpov: posts big blind $0.25
*** HOLE CARDS ***
Dealt to Alameda22 [6c 2d]
hemsky8383 leaves the table
pudster195: calls $0.25
jlrcastle leaves the table
latulla: raises $0.25 to $0.50
PrestoAces: folds 
LiLPrawN: folds 
Alameda22: folds 
firezzz: folds 
JohnCV joins the table at seat #2 
Usurpov: folds 
pudster195: calls $0.25
*** FLOP *** [Jh 8s 9s]
pudster195: checks 
latulla: bets $0.50
pudster195: folds 
Uncalled bet ($0.50) returned to latulla
latulla collected $1.30 from pot
*** SUMMARY ***
Total pot $1.35 | Rake $0.05 
Board [Jh 8s 9s]
Seat 3: Usurpov (big blind) folded before Flop
Seat 4: pudster195 folded on the Flop
Seat 5: latulla collected ($1.30)
Seat 6: PrestoAces folded before Flop (didn't bet)
Seat 7: LiLPrawN folded before Flop (didn't bet)
Seat 8: Alameda22 (button) folded before Flop (didn't bet)
Seat 9: firezzz (small blind) folded before Flop



PokerStars Game #19577378420:  Hold'em No Limit ($0.10/$0.25) - 2008/08/13 - 00:04:41 (ET)
Table 'Weber' 9-max Seat #9 is the button
Seat 3: Usurpov ($24.75 in chips) 
Seat 4: pudster195 ($20.75 in chips) 
Seat 5: latulla ($11.95 in chips) 
Seat 6: PrestoAces ($24.85 in chips) 
Seat 7: LiLPrawN ($26.20 in chips) 
Seat 8: Alameda22 ($25.75 in chips) 
Seat 9: firezzz ($1.65 in chips) 
JohnCV will be allowed to play after the button
Usurpov: posts small blind $0.10
pudster195: posts big blind $0.25
*** HOLE CARDS ***
Dealt to Alameda22 [7c 2d]
latulla: calls $0.25
PrestoAces: folds 
LiLPrawN: folds 
Alameda22: folds 
firezzz: calls $0.25
Usurpov: folds 
pudster195: checks 
*** FLOP *** [Jh Ts Ah]
pudster195: checks 
7th Angel joins the table at seat #1 
latulla: checks 
firezzz: checks 
*** TURN *** [Jh Ts Ah] [Kh]
pudster195: checks 
latulla: checks 
firezzz: checks 
*** RIVER *** [Jh Ts Ah Kh] [8s]
pudster195: bets $0.25
latulla: raises $0.25 to $0.50
firezzz: calls $0.50
pudster195: folds 
*** SHOW DOWN ***
latulla: shows [4d Qd] (a straight, Ten to Ace)
firezzz: mucks hand 
latulla collected $2 from pot
*** SUMMARY ***
Total pot $2.10 | Rake $0.10 
Board [Jh Ts Ah Kh 8s]
Seat 3: Usurpov (small blind) folded before Flop
Seat 4: pudster195 (big blind) folded on the River
Seat 5: latulla showed [4d Qd] and won ($2) with a straight, Ten to Ace
Seat 6: PrestoAces folded before Flop (didn't bet)
Seat 7: LiLPrawN folded before Flop (didn't bet)
Seat 8: Alameda22 folded before Flop (didn't bet)
Seat 9: firezzz (button) mucked [9s Tc]



PokerStars Game #19577401329:  Hold'em No Limit ($0.10/$0.25) - 2008/08/13 - 00:05:58 (ET)
Table 'Weber' 9-max Seat #3 is the button
Seat 1: 7th Angel ($25 in chips) 
Seat 2: JohnCV ($15 in chips) 
Seat 3: Usurpov ($24.65 in chips) 
Seat 4: pudster195 ($20.25 in chips) 
Seat 5: latulla ($13.20 in chips) 
Seat 6: PrestoAces ($24.85 in chips) 
Seat 7: LiLPrawN ($26.20 in chips) 
Seat 8: Alameda22 ($25.75 in chips) 
Seat 9: firezzz ($0.90 in chips) 
pudster195: posts small blind $0.10
latulla: posts big blind $0.25
7th Angel: posts big blind $0.25
JohnCV: posts big blind $0.25
*** HOLE CARDS ***
Dealt to Alameda22 [2c 9s]
PrestoAces: calls $0.25
LiLPrawN: folds 
Alameda22: folds 
firezzz: raises $0.65 to $0.90 and is all-in
7th Angel: calls $0.65
JohnCV: folds 
Usurpov: folds 
pudster195: calls $0.80
latulla: calls $0.65
PrestoAces: calls $0.65
*** FLOP *** [6d 3h 9d]
pudster195: bets $1
latulla: calls $1
PrestoAces: folds 
7th Angel: calls $1
*** TURN *** [6d 3h 9d] [5c]
pudster195: bets $3
latulla: calls $3
7th Angel: calls $3
*** RIVER *** [6d 3h 9d 5c] [2d]
pudster195: bets $4
latulla: folds 
7th Angel is disconnected 
7th Angel is connected 
7th Angel: calls $4
*** SHOW DOWN ***
pudster195: shows [Kd Ad] (a flush, Ace high)
7th Angel: mucks hand 
pudster195 collected $19.05 from side pot
firezzz: mucks hand 
pudster195 collected $4.55 from main pot
*** SUMMARY ***
Total pot $24.75 Main pot $4.55. Side pot $19.05. | Rake $1.15 
Board [6d 3h 9d 5c 2d]
Seat 1: 7th Angel mucked [6c 5d]
Seat 2: JohnCV folded before Flop
Seat 3: Usurpov (button) folded before Flop (didn't bet)
Seat 4: pudster195 (small blind) showed [Kd Ad] and won ($23.60) with a flush, Ace high
Seat 5: latulla (big blind) folded on the River
Seat 6: PrestoAces folded on the Flop
Seat 7: LiLPrawN folded before Flop (didn't bet)
Seat 8: Alameda22 folded before Flop (didn't bet)
Seat 9: firezzz mucked [Th As]



PokerStars Game #19577453331:  Hold'em No Limit ($0.10/$0.25) - 2008/08/13 - 00:08:55 (ET)
Table 'Weber' 9-max Seat #4 is the button
Seat 1: 7th Angel ($16.10 in chips) 
Seat 2: JohnCV ($14.75 in chips) 
Seat 3: Usurpov ($24.65 in chips) 
Seat 4: pudster195 ($34.95 in chips) 
Seat 5: latulla ($8.30 in chips) 
Seat 6: PrestoAces ($25 in chips) 
Seat 7: LiLPrawN ($26.20 in chips) 
Seat 8: Alameda22 ($25.75 in chips) 
firezzz leaves the table
latulla: posts small blind $0.10
PrestoAces: posts big blind $0.25
*** HOLE CARDS ***
Dealt to Alameda22 [Kd 4h]
LiLPrawN: folds 
Alameda22: folds 
7th Angel: folds 
JohnCV: folds 
Usurpov: folds 
pudster195: calls $0.25
7th Angel leaves the table
latulla: calls $0.15
PrestoAces: raises $0.75 to $1
pudster195: calls $0.75
latulla: calls $0.75
*** FLOP *** [6d 9h 4c]
latulla: checks 
PrestoAces: bets $1.50
pudster195: calls $1.50
latulla: calls $1.50
*** TURN *** [6d 9h 4c] [Jc]
latulla: checks 
PrestoAces: bets $5
pudster195: raises $27.45 to $32.45 and is all-in
latulla: folds 
PrestoAces: calls $17.50 and is all-in
Uncalled bet ($9.95) returned to pudster195
*** RIVER *** [6d 9h 4c Jc] [8s]
*** SHOW DOWN ***
PrestoAces: shows [As Ah] (a pair of Aces)
pudster195: shows [Jd 9d] (two pair, Jacks and Nines)
pudster195 collected $49.90 from pot
*** SUMMARY ***
Total pot $52.50 | Rake $2.60 
Board [6d 9h 4c Jc 8s]
Seat 1: 7th Angel folded before Flop (didn't bet)
Seat 2: JohnCV folded before Flop (didn't bet)
Seat 3: Usurpov folded before Flop (didn't bet)
Seat 4: pudster195 (button) showed [Jd 9d] and won ($49.90) with two pair, Jacks and Nines
Seat 5: latulla (small blind) folded on the Turn
Seat 6: PrestoAces (big blind) showed [As Ah] and lost with a pair of Aces
Seat 7: LiLPrawN folded before Flop (didn't bet)
Seat 8: Alameda22 folded before Flop (didn't bet)



PokerStars Game #19577480444:  Hold'em No Limit ($0.10/$0.25) - 2008/08/13 - 00:10:29 (ET)
Table 'Weber' 9-max Seat #5 is the button
Seat 2: JohnCV ($14.75 in chips) 
Seat 3: Usurpov ($24.65 in chips) 
Seat 4: pudster195 ($59.85 in chips) 
Seat 5: latulla ($5.80 in chips) 
Seat 6: PrestoAces ($5 in chips) 
Seat 7: LiLPrawN ($26.20 in chips) 
Seat 8: Alameda22 ($25.75 in chips) 
PrestoAces: posts small blind $0.10
LiLPrawN: posts big blind $0.25
*** HOLE CARDS ***
Dealt to Alameda22 [9c Ah]
Alameda22: folds 
JohnCV: folds 
Usurpov: folds 
pudster195: calls $0.25
latulla: calls $0.25
PrestoAces: calls $0.15
LiLPrawN: checks 
*** FLOP *** [4c 3h 3c]
PrestoAces: checks 
LiLPrawN: checks 
pudster195: checks 
latulla: bets $0.25
PrestoAces: folds 
LiLPrawN: folds 
pudster195: folds 
Uncalled bet ($0.25) returned to latulla
latulla collected $0.95 from pot
*** SUMMARY ***
Total pot $1 | Rake $0.05 
Board [4c 3h 3c]
Seat 2: JohnCV folded before Flop (didn't bet)
Seat 3: Usurpov folded before Flop (didn't bet)
Seat 4: pudster195 folded on the Flop
Seat 5: latulla (button) collected ($0.95)
Seat 6: PrestoAces (small blind) folded on the Flop
Seat 7: LiLPrawN (big blind) folded on the Flop
Seat 8: Alameda22 folded before Flop (didn't bet)



PokerStars Game #19577493560:  Hold'em No Limit ($0.10/$0.25) - 2008/08/13 - 00:11:14 (ET)
Table 'Weber' 9-max Seat #6 is the button
Seat 2: JohnCV ($14.75 in chips) 
Seat 3: Usurpov ($24.65 in chips) 
Seat 4: pudster195 ($59.60 in chips) 
Seat 5: latulla ($6.50 in chips) 
Seat 6: PrestoAces ($25 in chips) 
Seat 7: LiLPrawN ($25.95 in chips) 
Seat 8: Alameda22 ($25.75 in chips) 
LiLPrawN: posts small blind $0.10
Alameda22: posts big blind $0.25
*** HOLE CARDS ***
Dealt to Alameda22 [Js 2d]
JohnCV: folds 
Usurpov: folds 
pudster195: folds 
latulla: calls $0.25
PrestoAces: raises $0.75 to $1
LiLPrawN: folds 
Alameda22: folds 
desithug1 joins the table at seat #1 
latulla: raises $1.25 to $2.25
PrestoAces: calls $1.25
*** FLOP *** [Ac 9s Qc]
latulla: bets $4.25 and is all-in
PrestoAces: calls $4.25
*** TURN *** [Ac 9s Qc] [2h]
*** RIVER *** [Ac 9s Qc 2h] [Ad]
*** SHOW DOWN ***
latulla: shows [Ah 3h] (three of a kind, Aces)
PrestoAces: shows [As 8s] (three of a kind, Aces)
latulla collected $6.35 from pot
PrestoAces collected $6.35 from pot
*** SUMMARY ***
Total pot $13.35 | Rake $0.65 
Board [Ac 9s Qc 2h Ad]
Seat 2: JohnCV folded before Flop (didn't bet)
Seat 3: Usurpov folded before Flop (didn't bet)
Seat 4: pudster195 folded before Flop (didn't bet)
Seat 5: latulla showed [Ah 3h] and won ($6.35) with three of a kind, Aces
Seat 6: PrestoAces (button) showed [As 8s] and won ($6.35) with three of a kind, Aces
Seat 7: LiLPrawN (small blind) folded before Flop
Seat 8: Alameda22 (big blind) folded before Flop



PokerStars Game #19577509190:  Hold'em No Limit ($0.10/$0.25) - 2008/08/13 - 00:12:09 (ET)
Table 'Weber' 9-max Seat #7 is the button
Seat 1: desithug1 ($25 in chips) 
Seat 2: JohnCV ($14.75 in chips) 
Seat 3: Usurpov ($24.65 in chips) 
Seat 4: pudster195 ($59.60 in chips) 
Seat 5: latulla ($6.35 in chips) 
Seat 6: PrestoAces ($24.85 in chips) 
Seat 7: LiLPrawN ($25.85 in chips) 
Seat 8: Alameda22 ($25.50 in chips) 
Alameda22: posts small blind $0.10
desithug1: posts big blind $0.25
*** HOLE CARDS ***
Dealt to Alameda22 [Ah 2h]
Alimash joins the table at seat #9 
JohnCV: calls $0.25
Usurpov: folds 
pudster195: folds 
latulla: folds 
PrestoAces: raises $0.75 to $1
LiLPrawN: folds 
Alameda22: folds 
desithug1: calls $0.75
JohnCV: calls $0.75
*** FLOP *** [4s Kh Qc]
desithug1: checks 
JohnCV: checks 
PrestoAces: checks 
*** TURN *** [4s Kh Qc] [3d]
desithug1: checks 
JohnCV: checks 
PrestoAces: checks 
*** RIVER *** [4s Kh Qc 3d] [6c]
desithug1: bets $2
JohnCV: folds 
PrestoAces: folds 
Uncalled bet ($2) returned to desithug1
desithug1 collected $2.95 from pot
desithug1: doesn't show hand 
*** SUMMARY ***
Total pot $3.10 | Rake $0.15 
Board [4s Kh Qc 3d 6c]
Seat 1: desithug1 (big blind) collected ($2.95)
Seat 2: JohnCV folded on the River
Seat 3: Usurpov folded before Flop (didn't bet)
Seat 4: pudster195 folded before Flop (didn't bet)
Seat 5: latulla folded before Flop (didn't bet)
Seat 6: PrestoAces folded on the River
Seat 7: LiLPrawN (button) folded before Flop (didn't bet)
Seat 8: Alameda22 (small blind) folded before Flop



PokerStars Game #19577529343:  Hold'em No Limit ($0.10/$0.25) - 2008/08/13 - 00:13:19 (ET)
Table 'Weber' 9-max Seat #8 is the button
Seat 1: desithug1 ($26.95 in chips) 
Seat 2: JohnCV ($13.75 in chips) 
Seat 3: Usurpov ($24.65 in chips) 
Seat 4: pudster195 ($59.60 in chips) 
Seat 5: latulla ($6.35 in chips) 
Seat 6: PrestoAces ($23.85 in chips) 
Seat 7: LiLPrawN ($25.85 in chips) 
Seat 8: Alameda22 ($25.40 in chips) 
Alimash will be allowed to play after the button
desithug1: posts small blind $0.10
JohnCV: posts big blind $0.25
*** HOLE CARDS ***
Dealt to Alameda22 [Ks 9d]
Usurpov: folds 
Usurpov leaves the table
pudster195: folds 
latulla: calls $0.25
PrestoAces: folds 
LiLPrawN: folds 
Alameda22: folds 
desithug1: calls $0.15
JohnCV: checks 
*** FLOP *** [3s 6h 4s]
desithug1: checks 
JohnCV: checks 
latulla: checks 
*** TURN *** [3s 6h 4s] [7s]
desithug1: checks 
JohnCV: bets $0.25
latulla: calls $0.25
desithug1: calls $0.25
*** RIVER *** [3s 6h 4s 7s] [4d]
desithug1: bets $26.45 and is all-in
JohnCV: folds 
ddprice joins the table at seat #3 
latulla: folds 
Uncalled bet ($26.45) returned to desithug1
desithug1 collected $1.45 from pot
desithug1: shows [6s 6d] (a full house, Sixes full of Fours)
*** SUMMARY ***
Total pot $1.50 | Rake $0.05 
Board [3s 6h 4s 7s 4d]
Seat 1: desithug1 (small blind) collected ($1.45)
Seat 2: JohnCV (big blind) folded on the River
Seat 3: Usurpov folded before Flop (didn't bet)
Seat 4: pudster195 folded before Flop (didn't bet)
Seat 5: latulla folded on the River
Seat 6: PrestoAces folded before Flop (didn't bet)
Seat 7: LiLPrawN folded before Flop (didn't bet)
Seat 8: Alameda22 (button) folded before Flop (didn't bet)



PokerStars Game #19577552282:  Hold'em No Limit ($0.10/$0.25) - 2008/08/13 - 00:14:40 (ET)
Table 'Weber' 9-max Seat #1 is the button
Seat 1: desithug1 ($27.90 in chips) 
Seat 2: JohnCV ($13.25 in chips) 
Seat 3: ddprice ($15 in chips) 
Seat 4: pudster195 ($59.60 in chips) 
Seat 5: latulla ($5.85 in chips) 
Seat 6: PrestoAces ($23.85 in chips) 
Seat 7: LiLPrawN ($25.85 in chips) 
Seat 8: Alameda22 ($25.40 in chips) 
JohnCV: posts small blind $0.10
ddprice: posts big blind $0.25
Alimash: sits out 
*** HOLE CARDS ***
Dealt to Alameda22 [8h 9c]
pudster195: calls $0.25
latulla: calls $0.25
PrestoAces: folds 
LiLPrawN: folds 
Alameda22: folds 
desithug1: calls $0.25
JohnCV: calls $0.15
ddprice: checks 
*** FLOP *** [Td 6d 3c]
JohnCV: checks 
ddprice: checks 
pudster195: bets $0.50
latulla: raises $0.50 to $1
desithug1: folds 
JohnCV: folds 
ddprice: folds 
pudster195: folds 
Uncalled bet ($0.50) returned to latulla
latulla collected $2.15 from pot
*** SUMMARY ***
Total pot $2.25 | Rake $0.10 
Board [Td 6d 3c]
Seat 1: desithug1 (button) folded on the Flop
Seat 2: JohnCV (small blind) folded on the Flop
Seat 3: ddprice (big blind) folded on the Flop
Seat 4: pudster195 folded on the Flop
Seat 5: latulla collected ($2.15)
Seat 6: PrestoAces folded before Flop (didn't bet)
Seat 7: LiLPrawN folded before Flop (didn't bet)
Seat 8: Alameda22 folded before Flop (didn't bet)



PokerStars Game #19577570760:  Hold'em No Limit ($0.10/$0.25) - 2008/08/13 - 00:15:45 (ET)
Table 'Weber' 9-max Seat #2 is the button
Seat 1: desithug1 ($27.65 in chips) 
Seat 2: JohnCV ($13 in chips) 
Seat 3: ddprice ($14.75 in chips) 
Seat 4: pudster195 ($58.85 in chips) 
Seat 5: latulla ($7.25 in chips) 
Seat 6: PrestoAces ($23.85 in chips) 
Seat 7: LiLPrawN ($25.85 in chips) 
Seat 8: Alameda22 ($25.40 in chips) 
ddprice: posts small blind $0.10
pudster195: posts big blind $0.25
Alimash: sits out 
*** HOLE CARDS ***
Dealt to Alameda22 [Tc Qd]
latulla: calls $0.25
PrestoAces: folds 
LiLPrawN: folds 
Alameda22: folds 
desithug1: folds 
JohnCV: folds 
ddprice: calls $0.15
pudster195: checks 
*** FLOP *** [Js 2s 8s]
JohnCV leaves the table
ddprice: bets $0.25
pudster195: calls $0.25
latulla: calls $0.25
*** TURN *** [Js 2s 8s] [7h]
ddprice: bets $0.25
pudster195: calls $0.25
latulla: calls $0.25
*** RIVER *** [Js 2s 8s 7h] [Kh]
ddprice: bets $0.25
pudster195: raises $0.75 to $1
latulla: folds 
ddprice: folds 
Uncalled bet ($0.75) returned to pudster195
pudster195 collected $2.65 from pot
pudster195: doesn't show hand 
*** SUMMARY ***
Total pot $2.75 | Rake $0.10 
Board [Js 2s 8s 7h Kh]
Seat 1: desithug1 folded before Flop (didn't bet)
Seat 2: JohnCV (button) folded before Flop (didn't bet)
Seat 3: ddprice (small blind) folded on the River
Seat 4: pudster195 (big blind) collected ($2.65)
Seat 5: latulla folded on the River
Seat 6: PrestoAces folded before Flop (didn't bet)
Seat 7: LiLPrawN folded before Flop (didn't bet)
Seat 8: Alameda22 folded before Flop (didn't bet)



PokerStars Game #19577593306:  Hold'em No Limit ($0.10/$0.25) - 2008/08/13 - 00:17:06 (ET)
Table 'Weber' 9-max Seat #3 is the button
Seat 1: desithug1 ($27.65 in chips) 
Seat 3: ddprice ($13.75 in chips) 
Seat 4: pudster195 ($60.50 in chips) 
Seat 5: latulla ($6.50 in chips) 
Seat 6: PrestoAces ($23.85 in chips) 
Seat 7: LiLPrawN ($25.85 in chips) 
Seat 8: Alameda22 ($25.40 in chips) 
rigoso joins the table at seat #2 
pudster195: posts small blind $0.10
latulla: posts big blind $0.25
Alimash: sits out 
*** HOLE CARDS ***
Dealt to Alameda22 [Th Qs]
PrestoAces: folds 
LiLPrawN: folds 
Alameda22: folds 
desithug1: folds 
ddprice: calls $0.25
pudster195: calls $0.15
latulla: checks 
*** FLOP *** [7s 2h 8c]
pudster195: checks 
latulla: checks 
ddprice: bets $0.25
pudster195: folds 
latulla: calls $0.25
*** TURN *** [7s 2h 8c] [9d]
latulla: checks 
ddprice: bets $0.50
latulla: raises $0.75 to $1.25
ddprice: calls $0.75
*** RIVER *** [7s 2h 8c 9d] [Ad]
latulla: checks 
ddprice: bets $0.50
latulla: calls $0.50
*** SHOW DOWN ***
ddprice: shows [Ac As] (three of a kind, Aces)
latulla: mucks hand 
ddprice collected $4.55 from pot
*** SUMMARY ***
Total pot $4.75 | Rake $0.20 
Board [7s 2h 8c 9d Ad]
Seat 1: desithug1 folded before Flop (didn't bet)
Seat 3: ddprice (button) showed [Ac As] and won ($4.55) with three of a kind, Aces
Seat 4: pudster195 (small blind) folded on the Flop
Seat 5: latulla (big blind) mucked [9s 5c]
Seat 6: PrestoAces folded before Flop (didn't bet)
Seat 7: LiLPrawN folded before Flop (didn't bet)
Seat 8: Alameda22 folded before Flop (didn't bet)



PokerStars Game #19577618921:  Hold'em No Limit ($0.10/$0.25) - 2008/08/13 - 00:18:38 (ET)
Table 'Weber' 9-max Seat #4 is the button
Seat 1: desithug1 ($27.65 in chips) 
Seat 2: rigoso ($6 in chips) 
Seat 3: ddprice ($16.05 in chips) 
Seat 4: pudster195 ($60.25 in chips) 
Seat 5: latulla ($4.25 in chips) 
Seat 6: PrestoAces ($23.85 in chips) 
Seat 7: LiLPrawN ($25.85 in chips) 
Seat 8: Alameda22 ($25.40 in chips) 
latulla: posts small blind $0.10
PrestoAces: posts big blind $0.25
Alimash: sits out 
rigoso: posts big blind $0.25
*** HOLE CARDS ***
Dealt to Alameda22 [2c 8h]
LiLPrawN: folds 
Alameda22: folds 
desithug1: folds 
rigoso: raises $0.25 to $0.50
ddprice: folds 
pudster195: folds 
latulla: calls $0.40
PrestoAces: calls $0.25
*** FLOP *** [Ts 8d Qs]
latulla: bets $0.25
PrestoAces: raises $0.75 to $1
rigoso: calls $1
latulla: raises $2.75 to $3.75 and is all-in
PrestoAces: calls $2.75
rigoso: folds 
*** TURN *** [Ts 8d Qs] [Ad]
*** RIVER *** [Ts 8d Qs Ad] [7c]
*** SHOW DOWN ***
latulla: shows [Td 2d] (a pair of Tens)
PrestoAces: shows [Ac Jd] (a pair of Aces)
PrestoAces collected $9.55 from pot
*** SUMMARY ***
Total pot $10 | Rake $0.45 
Board [Ts 8d Qs Ad 7c]
Seat 1: desithug1 folded before Flop (didn't bet)
Seat 2: rigoso folded on the Flop
Seat 3: ddprice folded before Flop (didn't bet)
Seat 4: pudster195 (button) folded before Flop (didn't bet)
Seat 5: latulla (small blind) showed [Td 2d] and lost with a pair of Tens
Seat 6: PrestoAces (big blind) showed [Ac Jd] and won ($9.55) with a pair of Aces
Seat 7: LiLPrawN folded before Flop (didn't bet)
Seat 8: Alameda22 folded before Flop (didn't bet)



PokerStars Game #19577638682:  Hold'em No Limit ($0.10/$0.25) - 2008/08/13 - 00:19:50 (ET)
Table 'Weber' 9-max Seat #6 is the button
Seat 1: desithug1 ($27.65 in chips) 
Seat 2: rigoso ($4.50 in chips) 
Seat 3: ddprice ($16.05 in chips) 
Seat 4: pudster195 ($60.25 in chips) 
Seat 6: PrestoAces ($29.15 in chips) 
Seat 7: LiLPrawN ($25.85 in chips) 
Seat 8: Alameda22 ($25.40 in chips) 
LiLPrawN: posts small blind $0.10
Alameda22: posts big blind $0.25
Alimash: sits out 
*** HOLE CARDS ***
Dealt to Alameda22 [7h 7d]
desithug1: raises $0.75 to $1
rigoso: folds 
ddprice: folds 
pudster195: folds 
PrestoAces: folds 
latulla leaves the table
LiLPrawN: folds 
Alameda22: calls $0.75
*** FLOP *** [8s Kh Ac]
Alameda22: checks 
xGCEx joins the table at seat #5 
desithug1: bets $0.75
Alameda22: folds 
Uncalled bet ($0.75) returned to desithug1
desithug1 collected $2 from pot
desithug1: doesn't show hand 
*** SUMMARY ***
Total pot $2.10 | Rake $0.10 
Board [8s Kh Ac]
Seat 1: desithug1 collected ($2)
Seat 2: rigoso folded before Flop (didn't bet)
Seat 3: ddprice folded before Flop (didn't bet)
Seat 4: pudster195 folded before Flop (didn't bet)
Seat 6: PrestoAces (button) folded before Flop (didn't bet)
Seat 7: LiLPrawN (small blind) folded before Flop
Seat 8: Alameda22 (big blind) folded on the Flop



PokerStars Game #19577652411:  Hold'em No Limit ($0.10/$0.25) - 2008/08/13 - 00:20:40 (ET)
Table 'Weber' 9-max Seat #7 is the button
Seat 1: desithug1 ($28.65 in chips) 
Seat 2: rigoso ($4.50 in chips) 
Seat 3: ddprice ($16.05 in chips) 
Seat 4: pudster195 ($60.25 in chips) 
Seat 5: xGCEx ($25 in chips) 
Seat 6: PrestoAces ($29.15 in chips) 
Seat 7: LiLPrawN ($25.75 in chips) 
Seat 8: Alameda22 ($24.40 in chips) 
Seat 9: Alimash ($25 in chips) 
Alameda22: posts small blind $0.10
Alimash: posts big blind $0.25
xGCEx: posts big blind $0.25
*** HOLE CARDS ***
Dealt to Alameda22 [9h Ac]
desithug1: folds 
rigoso: calls $0.25
ddprice: folds 
pudster195: calls $0.25
xGCEx: checks 
PrestoAces: folds 
LiLPrawN: folds 
Alameda22: calls $0.15
Alimash: checks 
*** FLOP *** [2h 5c Kh]
Alameda22: checks 
Alimash: checks 
rigoso: bets $0.75
pudster195: folds 
xGCEx: folds 
Alameda22: folds 
Alimash: folds 
Uncalled bet ($0.75) returned to rigoso
rigoso collected $1.20 from pot
rigoso: shows [Th Jh] (high card King)
*** SUMMARY ***
Total pot $1.25 | Rake $0.05 
Board [2h 5c Kh]
Seat 1: desithug1 folded before Flop (didn't bet)
Seat 2: rigoso collected ($1.20)
Seat 3: ddprice folded before Flop (didn't bet)
Seat 4: pudster195 folded on the Flop
Seat 5: xGCEx folded on the Flop
Seat 6: PrestoAces folded before Flop (didn't bet)
Seat 7: LiLPrawN (button) folded before Flop (didn't bet)
Seat 8: Alameda22 (small blind) folded on the Flop
Seat 9: Alimash (big blind) folded on the Flop



PokerStars Game #19577670451:  Hold'em No Limit ($0.10/$0.25) - 2008/08/13 - 00:21:46 (ET)
Table 'Weber' 9-max Seat #8 is the button
Seat 1: desithug1 ($28.65 in chips) 
Seat 2: rigoso ($5.45 in chips) 
Seat 3: ddprice ($16.05 in chips) 
Seat 4: pudster195 ($60 in chips) 
Seat 5: xGCEx ($24.75 in chips) 
Seat 6: PrestoAces ($29.15 in chips) 
Seat 7: LiLPrawN ($25.75 in chips) 
Seat 8: Alameda22 ($24.15 in chips) 
Seat 9: Alimash ($24.75 in chips) 
Alimash: posts small blind $0.10
desithug1: posts big blind $0.25
*** HOLE CARDS ***
Dealt to Alameda22 [9s Ts]
rigoso: raises $0.25 to $0.50
ddprice: folds 
pudster195: calls $0.50
xGCEx: folds 
PrestoAces: calls $0.50
LiLPrawN: folds 
Alameda22: calls $0.50
Alimash: folds 
desithug1: folds 
*** FLOP *** [4d 3c 3s]
rigoso: bets $1
pudster195: folds 
PrestoAces: folds 
Alameda22: folds 
Uncalled bet ($1) returned to rigoso
rigoso collected $2.25 from pot
rigoso: shows [8s 8c] (two pair, Eights and Threes)
*** SUMMARY ***
Total pot $2.35 | Rake $0.10 
Board [4d 3c 3s]
Seat 1: desithug1 (big blind) folded before Flop
Seat 2: rigoso collected ($2.25)
Seat 3: ddprice folded before Flop (didn't bet)
Seat 4: pudster195 folded on the Flop
Seat 5: xGCEx folded before Flop (didn't bet)
Seat 6: PrestoAces folded on the Flop
Seat 7: LiLPrawN folded before Flop (didn't bet)
Seat 8: Alameda22 (button) folded on the Flop
Seat 9: Alimash (small blind) folded before Flop



PokerStars Game #19577687260:  Hold'em No Limit ($0.10/$0.25) - 2008/08/13 - 00:22:47 (ET)
Table 'Weber' 9-max Seat #9 is the button
Seat 1: desithug1 ($28.40 in chips) 
Seat 2: rigoso ($7.20 in chips) 
Seat 3: ddprice ($16.05 in chips) 
Seat 4: pudster195 ($59.50 in chips) 
Seat 5: xGCEx ($24.75 in chips) 
Seat 6: PrestoAces ($28.65 in chips) 
Seat 7: LiLPrawN ($25.75 in chips) 
Seat 8: Alameda22 ($23.65 in chips) 
Seat 9: Alimash ($24.65 in chips) 
desithug1: posts small blind $0.10
rigoso: posts big blind $0.25
*** HOLE CARDS ***
Dealt to Alameda22 [Th 4h]
ddprice: folds 
pudster195: calls $0.25
xGCEx: folds 
PrestoAces: folds 
LiLPrawN: raises $1 to $1.25
Alameda22: folds 
Alimash: folds 
desithug1: folds 
rigoso: folds 
pudster195: folds 
Uncalled bet ($1) returned to LiLPrawN
LiLPrawN collected $0.85 from pot
LiLPrawN: doesn't show hand 
*** SUMMARY ***
Total pot $0.85 | Rake $0 
Seat 1: desithug1 (small blind) folded before Flop
Seat 2: rigoso (big blind) folded before Flop
Seat 3: ddprice folded before Flop (didn't bet)
Seat 4: pudster195 folded before Flop
Seat 5: xGCEx folded before Flop (didn't bet)
Seat 6: PrestoAces folded before Flop (didn't bet)
Seat 7: LiLPrawN collected ($0.85)
Seat 8: Alameda22 folded before Flop (didn't bet)
Seat 9: Alimash (button) folded before Flop (didn't bet)



PokerStars Game #19577705812:  Hold'em No Limit ($0.10/$0.25) - 2008/08/13 - 00:23:55 (ET)
Table 'Weber' 9-max Seat #1 is the button
Seat 1: desithug1 ($28.30 in chips) 
Seat 2: rigoso ($6.95 in chips) 
Seat 3: ddprice ($16.05 in chips) 
Seat 4: pudster195 ($59.25 in chips) 
Seat 5: xGCEx ($24.75 in chips) 
Seat 6: PrestoAces ($28.65 in chips) 
Seat 7: LiLPrawN ($26.35 in chips) 
Seat 8: Alameda22 ($23.65 in chips) 
Seat 9: Alimash ($24.65 in chips) 
rigoso: posts small blind $0.10
ddprice: posts big blind $0.25
*** HOLE CARDS ***
Dealt to Alameda22 [7d 6d]
pudster195: calls $0.25
xGCEx: folds 
PrestoAces: folds 
LiLPrawN: folds 
Alameda22: folds 
Alimash: raises $0.90 to $1.15
desithug1: calls $1.15
rigoso: folds 
ddprice: folds 
pudster195: calls $0.90
*** FLOP *** [4s 4c As]
pudster195: checks 
Alimash: bets $2.50
desithug1: folds 
pudster195: folds 
Uncalled bet ($2.50) returned to Alimash
Alimash collected $3.65 from pot
*** SUMMARY ***
Total pot $3.80 | Rake $0.15 
Board [4s 4c As]
Seat 1: desithug1 (button) folded on the Flop
Seat 2: rigoso (small blind) folded before Flop
Seat 3: ddprice (big blind) folded before Flop
Seat 4: pudster195 folded on the Flop
Seat 5: xGCEx folded before Flop (didn't bet)
Seat 6: PrestoAces folded before Flop (didn't bet)
Seat 7: LiLPrawN folded before Flop (didn't bet)
Seat 8: Alameda22 folded before Flop (didn't bet)
Seat 9: Alimash collected ($3.65)



PokerStars Game #19577724786:  Hold'em No Limit ($0.10/$0.25) - 2008/08/13 - 00:25:05 (ET)
Table 'Weber' 9-max Seat #2 is the button
Seat 1: desithug1 ($27.15 in chips) 
Seat 2: rigoso ($6.85 in chips) 
Seat 3: ddprice ($15.80 in chips) 
Seat 4: pudster195 ($58.10 in chips) 
Seat 5: xGCEx ($24.75 in chips) 
Seat 6: PrestoAces ($28.65 in chips) 
Seat 7: LiLPrawN ($26.35 in chips) 
Seat 8: Alameda22 ($23.65 in chips) 
Seat 9: Alimash ($27.15 in chips) 
ddprice: posts small blind $0.10
pudster195: posts big blind $0.25
*** HOLE CARDS ***
Dealt to Alameda22 [Ac 9d]
xGCEx: folds 
PrestoAces: folds 
LiLPrawN: folds 
Alameda22: folds 
Alimash: folds 
desithug1: raises $0.50 to $0.75
rigoso: folds 
ddprice: folds 
pudster195: calls $0.50
*** FLOP *** [As Tc Js]
pudster195: checks 
desithug1: bets $0.75
pudster195: calls $0.75
*** TURN *** [As Tc Js] [Jc]
pudster195: checks 
desithug1: bets $1.25
pudster195: calls $1.25
*** RIVER *** [As Tc Js Jc] [Ks]
pudster195: checks 
desithug1: bets $3.25
pudster195: calls $3.25
*** SHOW DOWN ***
desithug1: shows [3d 6d] (a pair of Jacks)
pudster195: shows [Qh 9h] (a straight, Ten to Ace)
pudster195 collected $11.55 from pot
*** SUMMARY ***
Total pot $12.10 | Rake $0.55 
Board [As Tc Js Jc Ks]
Seat 1: desithug1 showed [3d 6d] and lost with a pair of Jacks
Seat 2: rigoso (button) folded before Flop (didn't bet)
Seat 3: ddprice (small blind) folded before Flop
Seat 4: pudster195 (big blind) showed [Qh 9h] and won ($11.55) with a straight, Ten to Ace
Seat 5: xGCEx folded before Flop (didn't bet)
Seat 6: PrestoAces folded before Flop (didn't bet)
Seat 7: LiLPrawN folded before Flop (didn't bet)
Seat 8: Alameda22 folded before Flop (didn't bet)
Seat 9: Alimash folded before Flop (didn't bet)



PokerStars Game #19577740067:  Hold'em No Limit ($0.10/$0.25) - 2008/08/13 - 00:26:02 (ET)
Table 'Weber' 9-max Seat #3 is the button
Seat 1: desithug1 ($21.15 in chips) 
Seat 2: rigoso ($6.85 in chips) 
Seat 3: ddprice ($15.70 in chips) 
Seat 4: pudster195 ($63.65 in chips) 
Seat 5: xGCEx ($24.75 in chips) 
Seat 6: PrestoAces ($28.65 in chips) 
Seat 7: LiLPrawN ($26.35 in chips) 
Seat 8: Alameda22 ($23.65 in chips) 
Seat 9: Alimash ($27.15 in chips) 
pudster195: posts small blind $0.10
xGCEx: posts big blind $0.25
*** HOLE CARDS ***
Dealt to Alameda22 [4s 7s]
PrestoAces: folds 
PrestoAces leaves the table
LiLPrawN: folds 
Alameda22: folds 
Alimash: folds 
desithug1: raises $0.50 to $0.75
rigoso: folds 
ddprice: folds 
pudster195: folds 
Schrutebux69 joins the table at seat #6 
xGCEx: folds 
Uncalled bet ($0.50) returned to desithug1
desithug1 collected $0.60 from pot
desithug1: doesn't show hand 
*** SUMMARY ***
Total pot $0.60 | Rake $0 
Seat 1: desithug1 collected ($0.60)
Seat 2: rigoso folded before Flop (didn't bet)
Seat 3: ddprice (button) folded before Flop (didn't bet)
Seat 4: pudster195 (small blind) folded before Flop
Seat 5: xGCEx (big blind) folded before Flop
Seat 6: PrestoAces folded before Flop (didn't bet)
Seat 7: LiLPrawN folded before Flop (didn't bet)
Seat 8: Alameda22 folded before Flop (didn't bet)
Seat 9: Alimash folded before Flop (didn't bet)



PokerStars Game #19577751016:  Hold'em No Limit ($0.10/$0.25) - 2008/08/13 - 00:26:42 (ET)
Table 'Weber' 9-max Seat #4 is the button
Seat 1: desithug1 ($21.50 in chips) 
Seat 2: rigoso ($6.85 in chips) 
Seat 3: ddprice ($15.70 in chips) 
Seat 4: pudster195 ($63.55 in chips) 
Seat 5: xGCEx ($24.50 in chips) 
Seat 6: Schrutebux69 ($19 in chips) 
Seat 7: LiLPrawN ($26.35 in chips) 
Seat 8: Alameda22 ($23.65 in chips) 
Seat 9: Alimash ($27.15 in chips) 
xGCEx: posts small blind $0.10
Schrutebux69: posts big blind $0.25
*** HOLE CARDS ***
Dealt to Alameda22 [Tc Jh]
LiLPrawN: folds 
Alameda22: folds 
Alimash: folds 
desithug1: folds 
rigoso: calls $0.25
ddprice: calls $0.25
pudster195: folds 
xGCEx: folds 
Schrutebux69: checks 
*** FLOP *** [9s 6c 4h]
Schrutebux69: checks 
rigoso: checks 
ddprice: bets $0.25
Schrutebux69: folds 
rigoso: raises $0.50 to $0.75
ddprice: calls $0.50
*** TURN *** [9s 6c 4h] [4c]
rigoso: checks 
ddprice: checks 
*** RIVER *** [9s 6c 4h 4c] [Ts]
rigoso: bets $1.50
ddprice: folds 
Uncalled bet ($1.50) returned to rigoso
rigoso collected $2.25 from pot
rigoso: doesn't show hand 
*** SUMMARY ***
Total pot $2.35 | Rake $0.10 
Board [9s 6c 4h 4c Ts]
Seat 1: desithug1 folded before Flop (didn't bet)
Seat 2: rigoso collected ($2.25)
Seat 3: ddprice folded on the River
Seat 4: pudster195 (button) folded before Flop (didn't bet)
Seat 5: xGCEx (small blind) folded before Flop
Seat 6: Schrutebux69 (big blind) folded on the Flop
Seat 7: LiLPrawN folded before Flop (didn't bet)
Seat 8: Alameda22 folded before Flop (didn't bet)
Seat 9: Alimash folded before Flop (didn't bet)



PokerStars Game #19577775320:  Hold'em No Limit ($0.10/$0.25) - 2008/08/13 - 00:28:12 (ET)
Table 'Weber' 9-max Seat #5 is the button
Seat 1: desithug1 ($21.50 in chips) 
Seat 2: rigoso ($8.10 in chips) 
Seat 3: ddprice ($14.70 in chips) 
Seat 4: pudster195 ($63.55 in chips) 
Seat 5: xGCEx ($24.40 in chips) 
Seat 6: Schrutebux69 ($18.75 in chips) 
Seat 7: LiLPrawN ($26.35 in chips) 
Seat 8: Alameda22 ($23.65 in chips) 
Seat 9: Alimash ($27.15 in chips) 
Schrutebux69: posts small blind $0.10
LiLPrawN: posts big blind $0.25
*** HOLE CARDS ***
Dealt to Alameda22 [7h 7d]
Alameda22: folds 
Alimash: folds 
desithug1: folds 
rigoso: calls $0.25
ddprice: folds 
pudster195: folds 
xGCEx: folds 
Schrutebux69: folds 
LiLPrawN: checks 
*** FLOP *** [6d Tc 2c]
LiLPrawN: bets $0.50
rigoso: calls $0.50
*** TURN *** [6d Tc 2c] [Kc]
LiLPrawN: bets $1
rigoso: raises $1 to $2
LiLPrawN: calls $1
*** RIVER *** [6d Tc 2c Kc] [Ah]
LiLPrawN: checks 
rigoso: checks 
*** SHOW DOWN ***
LiLPrawN: shows [Kh 2h] (two pair, Kings and Deuces)
rigoso: mucks hand 
LiLPrawN collected $5.35 from pot
*** SUMMARY ***
Total pot $5.60 | Rake $0.25 
Board [6d Tc 2c Kc Ah]
Seat 1: desithug1 folded before Flop (didn't bet)
Seat 2: rigoso mucked [Ac 5h]
Seat 3: ddprice folded before Flop (didn't bet)
Seat 4: pudster195 folded before Flop (didn't bet)
Seat 5: xGCEx (button) folded before Flop (didn't bet)
Seat 6: Schrutebux69 (small blind) folded before Flop
Seat 7: LiLPrawN (big blind) showed [Kh 2h] and won ($5.35) with two pair, Kings and Deuces
Seat 8: Alameda22 folded before Flop (didn't bet)
Seat 9: Alimash folded before Flop (didn't bet)



PokerStars Game #19577794687:  Hold'em No Limit ($0.10/$0.25) - 2008/08/13 - 00:29:25 (ET)
Table 'Weber' 9-max Seat #6 is the button
Seat 1: desithug1 ($21.50 in chips) 
Seat 2: rigoso ($5.35 in chips) 
Seat 3: ddprice ($14.70 in chips) 
Seat 4: pudster195 ($63.55 in chips) 
Seat 5: xGCEx ($24.40 in chips) 
Seat 6: Schrutebux69 ($18.65 in chips) 
Seat 7: LiLPrawN ($28.95 in chips) 
Seat 8: Alameda22 ($23.65 in chips) 
Seat 9: Alimash ($27.15 in chips) 
LiLPrawN: posts small blind $0.10
Alameda22: posts big blind $0.25
*** HOLE CARDS ***
Dealt to Alameda22 [Jd 7s]
Alimash: raises $0.75 to $1
desithug1: raises $0.75 to $1.75
rigoso: folds 
ddprice: folds 
pudster195: folds 
xGCEx: folds 
Schrutebux69: folds 
LiLPrawN: folds 
Alameda22: folds 
Alimash: calls $0.75
*** FLOP *** [9s 7d Ts]
Alimash: checks 
desithug1: bets $2.25
Alimash: folds 
Uncalled bet ($2.25) returned to desithug1
desithug1 collected $3.70 from pot
desithug1: doesn't show hand 
*** SUMMARY ***
Total pot $3.85 | Rake $0.15 
Board [9s 7d Ts]
Seat 1: desithug1 collected ($3.70)
Seat 2: rigoso folded before Flop (didn't bet)
Seat 3: ddprice folded before Flop (didn't bet)
Seat 4: pudster195 folded before Flop (didn't bet)
Seat 5: xGCEx folded before Flop (didn't bet)
Seat 6: Schrutebux69 (button) folded before Flop (didn't bet)
Seat 7: LiLPrawN (small blind) folded before Flop
Seat 8: Alameda22 (big blind) folded before Flop
Seat 9: Alimash folded on the Flop



PokerStars Game #19577809680:  Hold'em No Limit ($0.10/$0.25) - 2008/08/13 - 00:30:21 (ET)
Table 'Weber' 9-max Seat #7 is the button
Seat 1: desithug1 ($23.45 in chips) 
Seat 2: rigoso ($5.35 in chips) 
Seat 3: ddprice ($14.70 in chips) 
Seat 4: pudster195 ($63.55 in chips) 
Seat 5: xGCEx ($24.40 in chips) 
Seat 6: Schrutebux69 ($18.65 in chips) 
Seat 7: LiLPrawN ($28.85 in chips) 
Seat 8: Alameda22 ($23.40 in chips) 
Seat 9: Alimash ($25.40 in chips) 
Alameda22: posts small blind $0.10
Alimash: posts big blind $0.25
*** HOLE CARDS ***
Dealt to Alameda22 [Ts 8h]
desithug1: folds 
rigoso: folds 
ddprice: folds 
pudster195: folds 
xGCEx: folds 
Schrutebux69: folds 
LiLPrawN: folds 
Alameda22: folds 
Uncalled bet ($0.15) returned to Alimash
Alimash collected $0.20 from pot
*** SUMMARY ***
Total pot $0.20 | Rake $0 
Seat 1: desithug1 folded before Flop (didn't bet)
Seat 2: rigoso folded before Flop (didn't bet)
Seat 3: ddprice folded before Flop (didn't bet)
Seat 4: pudster195 folded before Flop (didn't bet)
Seat 5: xGCEx folded before Flop (didn't bet)
Seat 6: Schrutebux69 folded before Flop (didn't bet)
Seat 7: LiLPrawN (button) folded before Flop (didn't bet)
Seat 8: Alameda22 (small blind) folded before Flop
Seat 9: Alimash (big blind) collected ($0.20)



PokerStars Game #19577818060:  Hold'em No Limit ($0.10/$0.25) - 2008/08/13 - 00:30:53 (ET)
Table 'Weber' 9-max Seat #8 is the button
Seat 1: desithug1 ($23.45 in chips) 
Seat 2: rigoso ($5.35 in chips) 
Seat 3: ddprice ($14.70 in chips) 
Seat 4: pudster195 ($63.55 in chips) 
Seat 5: xGCEx ($24.40 in chips) 
Seat 6: Schrutebux69 ($18.65 in chips) 
Seat 7: LiLPrawN ($28.85 in chips) 
Seat 8: Alameda22 ($23.30 in chips) 
Seat 9: Alimash ($25.50 in chips) 
Alimash: posts small blind $0.10
desithug1: posts big blind $0.25
*** HOLE CARDS ***
Dealt to Alameda22 [3d 5c]
rigoso: calls $0.25
ddprice: folds 
pudster195: folds 
xGCEx: folds 
Schrutebux69: raises $0.75 to $1
LiLPrawN: calls $1
Alameda22: folds 
Alimash: folds 
desithug1: calls $0.75
rigoso: folds 
*** FLOP *** [5s 8d 6d]
desithug1: checks 
Schrutebux69: bets $2
LiLPrawN: calls $2
desithug1: folds 
*** TURN *** [5s 8d 6d] [Qc]
Schrutebux69: bets $4.75
LiLPrawN: folds 
Uncalled bet ($4.75) returned to Schrutebux69
Schrutebux69 collected $7 from pot
*** SUMMARY ***
Total pot $7.35 | Rake $0.35 
Board [5s 8d 6d Qc]
Seat 1: desithug1 (big blind) folded on the Flop
Seat 2: rigoso folded before Flop
Seat 3: ddprice folded before Flop (didn't bet)
Seat 4: pudster195 folded before Flop (didn't bet)
Seat 5: xGCEx folded before Flop (didn't bet)
Seat 6: Schrutebux69 collected ($7)
Seat 7: LiLPrawN folded on the Turn
Seat 8: Alameda22 (button) folded before Flop (didn't bet)
Seat 9: Alimash (small blind) folded before Flop



PokerStars Game #19577851462:  Hold'em No Limit ($0.10/$0.25) - 2008/08/13 - 00:32:50 (ET)
Table 'Weber' 9-max Seat #9 is the button
Seat 1: desithug1 ($22.45 in chips) 
Seat 2: rigoso ($5.10 in chips) 
Seat 3: ddprice ($14.70 in chips) 
Seat 4: pudster195 ($63.55 in chips) 
Seat 5: xGCEx ($24.40 in chips) 
Seat 6: Schrutebux69 ($22.65 in chips) 
Seat 7: LiLPrawN ($25.85 in chips) 
Seat 8: Alameda22 ($23.30 in chips) 
Seat 9: Alimash ($25.40 in chips) 
desithug1: posts small blind $0.10
rigoso: posts big blind $0.25
*** HOLE CARDS ***
Dealt to Alameda22 [Jc Kc]
ddprice: folds 
pudster195: calls $0.25
ddprice leaves the table
Krassancho joins the table at seat #3 
xGCEx: folds 
Schrutebux69: folds 
LiLPrawN: folds 
Alameda22: folds 
Alimash: raises $1 to $1.25
desithug1: folds 
rigoso: raises $1.25 to $2.50
pudster195: folds 
Alimash: raises $1.50 to $4
rigoso: raises $1.10 to $5.10 and is all-in
Alimash: calls $1.10
*** FLOP *** [6d 7h 8d]
*** TURN *** [6d 7h 8d] [4s]
*** RIVER *** [6d 7h 8d 4s] [9h]
*** SHOW DOWN ***
rigoso: shows [Qd Qc] (a pair of Queens)
Alimash: mucks hand 
rigoso collected $10.05 from pot
*** SUMMARY ***
Total pot $10.55 | Rake $0.50 
Board [6d 7h 8d 4s 9h]
Seat 1: desithug1 (small blind) folded before Flop
Seat 2: rigoso (big blind) showed [Qd Qc] and won ($10.05) with a pair of Queens
Seat 3: ddprice folded before Flop (didn't bet)
Seat 4: pudster195 folded before Flop
Seat 5: xGCEx folded before Flop (didn't bet)
Seat 6: Schrutebux69 folded before Flop (didn't bet)
Seat 7: LiLPrawN folded before Flop (didn't bet)
Seat 8: Alameda22 folded before Flop (didn't bet)
Seat 9: Alimash (button) mucked [Kd As]



PokerStars Game #19577884586:  Hold'em No Limit ($0.10/$0.25) - 2008/08/13 - 00:34:48 (ET)
Table 'Weber' 9-max Seat #1 is the button
Seat 1: desithug1 ($22.35 in chips) 
Seat 2: rigoso ($10.05 in chips) 
Seat 3: Krassancho ($25 in chips) 
Seat 4: pudster195 ($63.30 in chips) 
Seat 5: xGCEx ($24.40 in chips) 
Seat 6: Schrutebux69 ($22.65 in chips) 
Seat 7: LiLPrawN ($25.85 in chips) 
Seat 8: Alameda22 ($23.30 in chips) 
Seat 9: Alimash ($20.30 in chips) 
rigoso: posts small blind $0.10
Krassancho: posts big blind $0.25
*** HOLE CARDS ***
Dealt to Alameda22 [4c Qc]
pudster195: calls $0.25
xGCEx: folds 
Schrutebux69: folds 
LiLPrawN: folds 
Alameda22: folds 
Alimash: folds 
desithug1: raises $0.50 to $0.75
rigoso: calls $0.65
Krassancho: folds 
pudster195: calls $0.50
*** FLOP *** [8c 9d 9h]
rigoso: checks 
pudster195: checks 
desithug1: bets $1.25
rigoso: raises $1.25 to $2.50
pudster195: folds 
desithug1: folds 
Uncalled bet ($1.25) returned to rigoso
rigoso collected $4.80 from pot
*** SUMMARY ***
Total pot $5 | Rake $0.20 
Board [8c 9d 9h]
Seat 1: desithug1 (button) folded on the Flop
Seat 2: rigoso (small blind) collected ($4.80)
Seat 3: Krassancho (big blind) folded before Flop
Seat 4: pudster195 folded on the Flop
Seat 5: xGCEx folded before Flop (didn't bet)
Seat 6: Schrutebux69 folded before Flop (didn't bet)
Seat 7: LiLPrawN folded before Flop (didn't bet)
Seat 8: Alameda22 folded before Flop (didn't bet)
Seat 9: Alimash folded before Flop (didn't bet)



PokerStars Game #19577911213:  Hold'em No Limit ($0.10/$0.25) - 2008/08/13 - 00:36:24 (ET)
Table 'Weber' 9-max Seat #2 is the button
Seat 1: desithug1 ($20.35 in chips) 
Seat 2: rigoso ($12.85 in chips) 
Seat 3: Krassancho ($24.75 in chips) 
Seat 4: pudster195 ($62.55 in chips) 
Seat 5: xGCEx ($24.40 in chips) 
Seat 6: Schrutebux69 ($22.65 in chips) 
Seat 7: LiLPrawN ($25.85 in chips) 
Seat 8: Alameda22 ($23.30 in chips) 
Seat 9: Alimash ($20.30 in chips) 
Krassancho: posts small blind $0.10
pudster195: posts big blind $0.25
*** HOLE CARDS ***
Dealt to Alameda22 [7d Ad]
xGCEx: folds 
Schrutebux69: folds 
Schrutebux69 is sitting out
LiLPrawN: folds 
Schrutebux69 leaves the table
Alameda22: folds 
Alimash: folds 
desithug1: folds 
rigoso: calls $0.25
k030101 joins the table at seat #6 
Krassancho: folds 
pudster195: checks 
*** FLOP *** [9h Td 7s]
pudster195: checks 
rigoso: checks 
*** TURN *** [9h Td 7s] [5d]
pudster195: checks 
rigoso: bets $0.25
pudster195: calls $0.25
*** RIVER *** [9h Td 7s 5d] [3d]
pudster195: checks 
rigoso: checks 
*** SHOW DOWN ***
pudster195: shows [6h 4c] (a straight, Three to Seven)
rigoso: mucks hand 
pudster195 collected $1.05 from pot
*** SUMMARY ***
Total pot $1.10 | Rake $0.05 
Board [9h Td 7s 5d 3d]
Seat 1: desithug1 folded before Flop (didn't bet)
Seat 2: rigoso (button) mucked [Qd Ah]
Seat 3: Krassancho (small blind) folded before Flop
Seat 4: pudster195 (big blind) showed [6h 4c] and won ($1.05) with a straight, Three to Seven
Seat 5: xGCEx folded before Flop (didn't bet)
Seat 6: Schrutebux69 folded before Flop (didn't bet)
Seat 7: LiLPrawN folded before Flop (didn't bet)
Seat 8: Alameda22 folded before Flop (didn't bet)
Seat 9: Alimash folded before Flop (didn't bet)



PokerStars Game #19577929490:  Hold'em No Limit ($0.10/$0.25) - 2008/08/13 - 00:37:31 (ET)
Table 'Weber' 9-max Seat #3 is the button
Seat 1: desithug1 ($20.35 in chips) 
Seat 2: rigoso ($12.35 in chips) 
Seat 3: Krassancho ($24.65 in chips) 
Seat 4: pudster195 ($63.10 in chips) 
Seat 5: xGCEx ($24.40 in chips) 
Seat 7: LiLPrawN ($25.85 in chips) 
Seat 8: Alameda22 ($23.30 in chips) 
Seat 9: Alimash ($20.30 in chips) 
pudster195: posts small blind $0.10
xGCEx: posts big blind $0.25
k030101: sits out 
*** HOLE CARDS ***
Dealt to Alameda22 [3h 9s]
LiLPrawN: folds 
Alameda22: folds 
Alimash: folds 
desithug1: raises $0.50 to $0.75
rigoso: folds 
Krassancho: folds 
pudster195: folds 
xGCEx: folds 
Uncalled bet ($0.50) returned to desithug1
desithug1 collected $0.60 from pot
desithug1: doesn't show hand 
*** SUMMARY ***
Total pot $0.60 | Rake $0 
Seat 1: desithug1 collected ($0.60)
Seat 2: rigoso folded before Flop (didn't bet)
Seat 3: Krassancho (button) folded before Flop (didn't bet)
Seat 4: pudster195 (small blind) folded before Flop
Seat 5: xGCEx (big blind) folded before Flop
Seat 7: LiLPrawN folded before Flop (didn't bet)
Seat 8: Alameda22 folded before Flop (didn't bet)
Seat 9: Alimash folded before Flop (didn't bet)



PokerStars Game #19577940522:  Hold'em No Limit ($0.10/$0.25) - 2008/08/13 - 00:38:12 (ET)
Table 'Weber' 9-max Seat #4 is the button
Seat 1: desithug1 ($20.70 in chips) 
Seat 2: rigoso ($12.35 in chips) 
Seat 3: Krassancho ($24.65 in chips) 
Seat 4: pudster195 ($63 in chips) 
Seat 5: xGCEx ($24.15 in chips) 
Seat 6: k030101 ($25 in chips) 
Seat 7: LiLPrawN ($25.85 in chips) 
Seat 8: Alameda22 ($23.30 in chips) 
Seat 9: Alimash ($20.30 in chips) 
xGCEx: posts small blind $0.10
k030101: posts big blind $0.25
*** HOLE CARDS ***
Dealt to Alameda22 [4d Jh]
LiLPrawN: folds 
Alameda22: folds 
Alimash: folds 
desithug1: folds 
rigoso: calls $0.25
Krassancho: folds 
pudster195: calls $0.25
xGCEx: raises $1.25 to $1.50
k030101: folds 
rigoso: calls $1.25
pudster195: folds 
*** FLOP *** [2d 8h Ad]
xGCEx: bets $1.75
rigoso: folds 
Uncalled bet ($1.75) returned to xGCEx
xGCEx collected $3.35 from pot
xGCEx: doesn't show hand 
*** SUMMARY ***
Total pot $3.50 | Rake $0.15 
Board [2d 8h Ad]
Seat 1: desithug1 folded before Flop (didn't bet)
Seat 2: rigoso folded on the Flop
Seat 3: Krassancho folded before Flop (didn't bet)
Seat 4: pudster195 (button) folded before Flop
Seat 5: xGCEx (small blind) collected ($3.35)
Seat 6: k030101 (big blind) folded before Flop
Seat 7: LiLPrawN folded before Flop (didn't bet)
Seat 8: Alameda22 folded before Flop (didn't bet)
Seat 9: Alimash folded before Flop (didn't bet)



PokerStars Game #19577958025:  Hold'em No Limit ($0.10/$0.25) - 2008/08/13 - 00:39:15 (ET)
Table 'Weber' 9-max Seat #5 is the button
Seat 1: desithug1 ($20.70 in chips) 
Seat 2: rigoso ($10.85 in chips) 
Seat 3: Krassancho ($24.65 in chips) 
Seat 4: pudster195 ($62.75 in chips) 
Seat 5: xGCEx ($26 in chips) 
Seat 6: k030101 ($24.75 in chips) 
Seat 7: LiLPrawN ($25.85 in chips) 
Seat 8: Alameda22 ($23.30 in chips) 
Seat 9: Alimash ($20.30 in chips) 
k030101: posts small blind $0.10
LiLPrawN: posts big blind $0.25
*** HOLE CARDS ***
Dealt to Alameda22 [6d 5h]
Alameda22: folds 
Alimash: folds 
desithug1: raises $0.50 to $0.75
rigoso: calls $0.75
Krassancho: folds 
pudster195: folds 
xGCEx: folds 
k030101: calls $0.65
LiLPrawN: folds 
*** FLOP *** [Tc Th 8s]
k030101: checks 
desithug1: checks 
rigoso: bets $1.25
k030101: folds 
desithug1: raises $18.70 to $19.95 and is all-in
rigoso: folds 
Uncalled bet ($18.70) returned to desithug1
desithug1 collected $4.80 from pot
desithug1: shows [Ah As] (two pair, Aces and Tens)
*** SUMMARY ***
Total pot $5 | Rake $0.20 
Board [Tc Th 8s]
Seat 1: desithug1 collected ($4.80)
Seat 2: rigoso folded on the Flop
Seat 3: Krassancho folded before Flop (didn't bet)
Seat 4: pudster195 folded before Flop (didn't bet)
Seat 5: xGCEx (button) folded before Flop (didn't bet)
Seat 6: k030101 (small blind) folded on the Flop
Seat 7: LiLPrawN (big blind) folded before Flop
Seat 8: Alameda22 folded before Flop (didn't bet)
Seat 9: Alimash folded before Flop (didn't bet)



PokerStars Game #19577979664:  Hold'em No Limit ($0.10/$0.25) - 2008/08/13 - 00:40:34 (ET)
Table 'Weber' 9-max Seat #6 is the button
Seat 1: desithug1 ($23.50 in chips) 
Seat 2: rigoso ($8.85 in chips) 
Seat 3: Krassancho ($24.65 in chips) 
Seat 4: pudster195 ($62.75 in chips) 
Seat 5: xGCEx ($26 in chips) 
Seat 6: k030101 ($24 in chips) 
Seat 7: LiLPrawN ($25.60 in chips) 
Seat 8: Alameda22 ($23.30 in chips) 
Seat 9: Alimash ($25 in chips) 
LiLPrawN: posts small blind $0.10
Alameda22: posts big blind $0.25
*** HOLE CARDS ***
Dealt to Alameda22 [3h 3c]
Alimash: raises $0.75 to $1
desithug1: folds 
rigoso: calls $1
Krassancho: folds 
pudster195: folds 
xGCEx: folds 
k030101: folds 
LiLPrawN: folds 
Alameda22: folds 
*** FLOP *** [Qs 4s 7h]
Alimash: bets $1.25
rigoso: raises $1.75 to $3
Alimash: calls $1.75
*** TURN *** [Qs 4s 7h] [Ks]
Alimash: checks 
rigoso: bets $2
Alimash: raises $4 to $6
rigoso: calls $2.85 and is all-in
Uncalled bet ($1.15) returned to Alimash
*** RIVER *** [Qs 4s 7h Ks] [7s]
*** SHOW DOWN ***
Alimash: shows [7c 7d] (four of a kind, Sevens)
rigoso: mucks hand 
Alimash collected $17.20 from pot
*** SUMMARY ***
Total pot $18.05 | Rake $0.85 
Board [Qs 4s 7h Ks 7s]
Seat 1: desithug1 folded before Flop (didn't bet)
Seat 2: rigoso mucked [8c 8s]
Seat 3: Krassancho folded before Flop (didn't bet)
Seat 4: pudster195 folded before Flop (didn't bet)
Seat 5: xGCEx folded before Flop (didn't bet)
Seat 6: k030101 (button) folded before Flop (didn't bet)
Seat 7: LiLPrawN (small blind) folded before Flop
Seat 8: Alameda22 (big blind) folded before Flop
Seat 9: Alimash showed [7c 7d] and won ($17.20) with four of a kind, Sevens



PokerStars Game #19578023317:  Hold'em No Limit ($0.10/$0.25) - 2008/08/13 - 00:43:16 (ET)
Table 'Weber' 9-max Seat #7 is the button
Seat 1: desithug1 ($23.50 in chips) 
Seat 3: Krassancho ($24.65 in chips) 
Seat 4: pudster195 ($62.75 in chips) 
Seat 5: xGCEx ($26 in chips) 
Seat 6: k030101 ($24 in chips) 
Seat 7: LiLPrawN ($25.50 in chips) 
Seat 8: Alameda22 ($23.05 in chips) 
Seat 9: Alimash ($33.35 in chips) 
Alameda22: posts small blind $0.10
Alimash: posts big blind $0.25
*** HOLE CARDS ***
Dealt to Alameda22 [Kd 7h]
desithug1: folds 
Krassancho: folds 
rigoso has returned
pudster195: calls $0.25
xGCEx: folds 
k030101: folds 
LiLPrawN: folds 
Alameda22: folds 
Alimash: checks 
*** FLOP *** [4h 3c Qd]
Alimash: checks 
pudster195: checks 
*** TURN *** [4h 3c Qd] [Jh]
Alimash: checks 
pudster195: checks 
*** RIVER *** [4h 3c Qd Jh] [7c]
Alimash: checks 
pudster195: checks 
*** SHOW DOWN ***
Alimash: shows [Td 7d] (a pair of Sevens)
pudster195: mucks hand 
Alimash collected $0.60 from pot
*** SUMMARY ***
Total pot $0.60 | Rake $0 
Board [4h 3c Qd Jh 7c]
Seat 1: desithug1 folded before Flop (didn't bet)
Seat 3: Krassancho folded before Flop (didn't bet)
Seat 4: pudster195 mucked [Kc Tc]
Seat 5: xGCEx folded before Flop (didn't bet)
Seat 6: k030101 folded before Flop (didn't bet)
Seat 7: LiLPrawN (button) folded before Flop (didn't bet)
Seat 8: Alameda22 (small blind) folded before Flop
Seat 9: Alimash (big blind) showed [Td 7d] and won ($0.60) with a pair of Sevens



PokerStars Game #19578039441:  Hold'em No Limit ($0.10/$0.25) - 2008/08/13 - 00:44:16 (ET)
Table 'Weber' 9-max Seat #8 is the button
Seat 1: desithug1 ($23.50 in chips) 
Seat 2: rigoso ($5 in chips) 
Seat 3: Krassancho ($24.65 in chips) 
Seat 4: pudster195 ($62.50 in chips) 
Seat 5: xGCEx ($26 in chips) 
Seat 6: k030101 ($24 in chips) 
Seat 7: LiLPrawN ($25.50 in chips) 
Seat 8: Alameda22 ($22.95 in chips) 
Seat 9: Alimash ($33.70 in chips) 
Alimash: posts small blind $0.10
desithug1: posts big blind $0.25
*** HOLE CARDS ***
Dealt to Alameda22 [4h 8c]
rigoso: calls $0.25
Krassancho: folds 
pudster195: folds 
xGCEx: raises $1 to $1.25
k030101: folds 
LiLPrawN: folds 
Alameda22: folds 
Alimash: folds 
desithug1: folds 
rigoso: calls $1
*** FLOP *** [5h 9d Qh]
rigoso: checks 
xGCEx: bets $1.75
rigoso: folds 
Uncalled bet ($1.75) returned to xGCEx
xGCEx collected $2.75 from pot
xGCEx: doesn't show hand 
*** SUMMARY ***
Total pot $2.85 | Rake $0.10 
Board [5h 9d Qh]
Seat 1: desithug1 (big blind) folded before Flop
Seat 2: rigoso folded on the Flop
Seat 3: Krassancho folded before Flop (didn't bet)
Seat 4: pudster195 folded before Flop (didn't bet)
Seat 5: xGCEx collected ($2.75)
Seat 6: k030101 folded before Flop (didn't bet)
Seat 7: LiLPrawN folded before Flop (didn't bet)
Seat 8: Alameda22 (button) folded before Flop (didn't bet)
Seat 9: Alimash (small blind) folded before Flop



PokerStars Game #19578057242:  Hold'em No Limit ($0.10/$0.25) - 2008/08/13 - 00:45:22 (ET)
Table 'Weber' 9-max Seat #9 is the button
Seat 1: desithug1 ($23.25 in chips) 
Seat 2: rigoso ($3.75 in chips) 
Seat 3: Krassancho ($24.65 in chips) 
Seat 4: pudster195 ($62.50 in chips) 
Seat 5: xGCEx ($27.50 in chips) 
Seat 6: k030101 ($24 in chips) 
Seat 7: LiLPrawN ($25.50 in chips) 
Seat 8: Alameda22 ($22.95 in chips) 
Seat 9: Alimash ($33.60 in chips) 
desithug1: posts small blind $0.10
rigoso: posts big blind $0.25
*** HOLE CARDS ***
Dealt to Alameda22 [5s Kh]
Krassancho: folds 
pudster195: calls $0.25
xGCEx: folds 
k030101: folds 
LiLPrawN: folds 
Alameda22: folds 
Alimash: folds 
desithug1: raises $0.50 to $0.75
rigoso: folds 
pudster195: calls $0.50
*** FLOP *** [8c 9s 6s]
desithug1: bets $0.75
pudster195: folds 
Uncalled bet ($0.75) returned to desithug1
desithug1 collected $1.70 from pot
desithug1: doesn't show hand 
*** SUMMARY ***
Total pot $1.75 | Rake $0.05 
Board [8c 9s 6s]
Seat 1: desithug1 (small blind) collected ($1.70)
Seat 2: rigoso (big blind) folded before Flop
Seat 3: Krassancho folded before Flop (didn't bet)
Seat 4: pudster195 folded on the Flop
Seat 5: xGCEx folded before Flop (didn't bet)
Seat 6: k030101 folded before Flop (didn't bet)
Seat 7: LiLPrawN folded before Flop (didn't bet)
Seat 8: Alameda22 folded before Flop (didn't bet)
Seat 9: Alimash (button) folded before Flop (didn't bet)



PokerStars Game #19578071138:  Hold'em No Limit ($0.10/$0.25) - 2008/08/13 - 00:46:14 (ET)
Table 'Weber' 9-max Seat #1 is the button
Seat 1: desithug1 ($24.20 in chips) 
Seat 2: rigoso ($3.50 in chips) 
Seat 3: Krassancho ($24.65 in chips) 
Seat 4: pudster195 ($61.75 in chips) 
Seat 5: xGCEx ($27.50 in chips) 
Seat 6: k030101 ($24 in chips) 
Seat 7: LiLPrawN ($25.50 in chips) 
Seat 8: Alameda22 ($22.95 in chips) 
Seat 9: Alimash ($33.60 in chips) 
rigoso: posts small blind $0.10
Krassancho: posts big blind $0.25
*** HOLE CARDS ***
Dealt to Alameda22 [6s Ad]
pudster195: folds 
xGCEx: folds 
k030101: folds 
LiLPrawN: folds 
Alameda22: folds 
Alimash: folds 
desithug1: raises $0.50 to $0.75
rigoso: calls $0.65
Krassancho: folds 
*** FLOP *** [2s 2c 4s]
rigoso: checks 
desithug1: bets $1
rigoso: raises $1.75 to $2.75 and is all-in
desithug1: folds 
Uncalled bet ($1.75) returned to rigoso
rigoso collected $3.60 from pot
rigoso: doesn't show hand 
*** SUMMARY ***
Total pot $3.75 | Rake $0.15 
Board [2s 2c 4s]
Seat 1: desithug1 (button) folded on the Flop
Seat 2: rigoso (small blind) collected ($3.60)
Seat 3: Krassancho (big blind) folded before Flop
Seat 4: pudster195 folded before Flop (didn't bet)
Seat 5: xGCEx folded before Flop (didn't bet)
Seat 6: k030101 folded before Flop (didn't bet)
Seat 7: LiLPrawN folded before Flop (didn't bet)
Seat 8: Alameda22 folded before Flop (didn't bet)
Seat 9: Alimash folded before Flop (didn't bet)



PokerStars Game #19578087963:  Hold'em No Limit ($0.10/$0.25) - 2008/08/13 - 00:47:18 (ET)
Table 'Weber' 9-max Seat #2 is the button
Seat 1: desithug1 ($22.45 in chips) 
Seat 2: rigoso ($5.35 in chips) 
Seat 3: Krassancho ($24.40 in chips) 
Seat 4: pudster195 ($61.75 in chips) 
Seat 5: xGCEx ($27.50 in chips) 
Seat 6: k030101 ($24 in chips) 
Seat 7: LiLPrawN ($25.50 in chips) 
Seat 8: Alameda22 ($22.95 in chips) 
Seat 9: Alimash ($33.60 in chips) 
Krassancho: posts small blind $0.10
pudster195: posts big blind $0.25
*** HOLE CARDS ***
Dealt to Alameda22 [Td Ks]
xGCEx: folds 
k030101: folds 
LiLPrawN: folds 
Alameda22: folds 
Alimash: folds 
desithug1: folds 
rigoso: calls $0.25
Krassancho: folds 
pudster195: checks 
*** FLOP *** [2d Th 3c]
pudster195: checks 
rigoso: bets $0.50
pudster195: folds 
Uncalled bet ($0.50) returned to rigoso
rigoso collected $0.60 from pot
rigoso: shows [4s 2c] (a pair of Deuces)
*** SUMMARY ***
Total pot $0.60 | Rake $0 
Board [2d Th 3c]
Seat 1: desithug1 folded before Flop (didn't bet)
Seat 2: rigoso (button) collected ($0.60)
Seat 3: Krassancho (small blind) folded before Flop
Seat 4: pudster195 (big blind) folded on the Flop
Seat 5: xGCEx folded before Flop (didn't bet)
Seat 6: k030101 folded before Flop (didn't bet)
Seat 7: LiLPrawN folded before Flop (didn't bet)
Seat 8: Alameda22 folded before Flop (didn't bet)
Seat 9: Alimash folded before Flop (didn't bet)



PokerStars Game #19578102786:  Hold'em No Limit ($0.10/$0.25) - 2008/08/13 - 00:48:13 (ET)
Table 'Weber' 9-max Seat #3 is the button
Seat 1: desithug1 ($22.45 in chips) 
Seat 2: rigoso ($5.70 in chips) 
Seat 3: Krassancho ($24.30 in chips) 
Seat 4: pudster195 ($61.50 in chips) 
Seat 5: xGCEx ($27.50 in chips) 
Seat 6: k030101 ($24 in chips) 
Seat 7: LiLPrawN ($25.50 in chips) 
Seat 8: Alameda22 ($22.95 in chips) 
Seat 9: Alimash ($33.60 in chips) 
pudster195: posts small blind $0.10
xGCEx: posts big blind $0.25
*** HOLE CARDS ***
Dealt to Alameda22 [Td 8c]
k030101: folds 
LiLPrawN: folds 
Alameda22: folds 
Alimash: raises $0.60 to $0.85
desithug1: folds 
rigoso: folds 
Krassancho: folds 
pudster195: calls $0.75
xGCEx: folds 
*** FLOP *** [8s 3c 9d]
pudster195: checks 
Alimash: bets $1.25
pudster195: folds 
Uncalled bet ($1.25) returned to Alimash
Alimash collected $1.90 from pot
*** SUMMARY ***
Total pot $1.95 | Rake $0.05 
Board [8s 3c 9d]
Seat 1: desithug1 folded before Flop (didn't bet)
Seat 2: rigoso folded before Flop (didn't bet)
Seat 3: Krassancho (button) folded before Flop (didn't bet)
Seat 4: pudster195 (small blind) folded on the Flop
Seat 5: xGCEx (big blind) folded before Flop
Seat 6: k030101 folded before Flop (didn't bet)
Seat 7: LiLPrawN folded before Flop (didn't bet)
Seat 8: Alameda22 folded before Flop (didn't bet)
Seat 9: Alimash collected ($1.90)



PokerStars Game #19578123866:  Hold'em No Limit ($0.10/$0.25) - 2008/08/13 - 00:49:32 (ET)
Table 'Weber' 9-max Seat #4 is the button
Seat 1: desithug1 ($22.45 in chips) 
Seat 2: rigoso ($5.70 in chips) 
Seat 3: Krassancho ($24.30 in chips) 
Seat 4: pudster195 ($60.65 in chips) 
Seat 5: xGCEx ($27.25 in chips) 
Seat 6: k030101 ($24 in chips) 
Seat 7: LiLPrawN ($25.50 in chips) 
Seat 8: Alameda22 ($22.95 in chips) 
Seat 9: Alimash ($34.65 in chips) 
xGCEx: posts small blind $0.10
k030101: posts big blind $0.25
*** HOLE CARDS ***
Dealt to Alameda22 [2d 7d]
LiLPrawN: folds 
LiLPrawN leaves the table
Alameda22: folds 
Alimash: raises $0.75 to $1
desithug1: folds 
rigoso: folds 
Krassancho: raises $2 to $3
pudster195: folds 
pudster195 is sitting out
xGCEx: folds 
k030101: folds 
rigoso said, "NICE"
rigoso said, "BABY"
rigoso said, "MAKE THEM RUN"
Alimash: folds 
Uncalled bet ($2) returned to Krassancho
Krassancho collected $2.35 from pot
Krassancho: doesn't show hand 
*** SUMMARY ***
Total pot $2.35 | Rake $0 
Seat 1: desithug1 folded before Flop (didn't bet)
Seat 2: rigoso folded before Flop (didn't bet)
Seat 3: Krassancho collected ($2.35)
Seat 4: pudster195 (button) folded before Flop (didn't bet)
Seat 5: xGCEx (small blind) folded before Flop
Seat 6: k030101 (big blind) folded before Flop
Seat 7: LiLPrawN folded before Flop (didn't bet)
Seat 8: Alameda22 folded before Flop (didn't bet)
Seat 9: Alimash folded before Flop



PokerStars Game #19578147370:  Hold'em No Limit ($0.10/$0.25) - 2008/08/13 - 00:51:01 (ET)
Table 'Weber' 9-max Seat #5 is the button
Seat 1: desithug1 ($22.45 in chips) 
Seat 2: rigoso ($5.70 in chips) 
Seat 3: Krassancho ($25.65 in chips) 
Seat 5: xGCEx ($27.15 in chips) 
Seat 6: k030101 ($23.75 in chips) 
Seat 8: Alameda22 ($22.95 in chips) 
Seat 9: Alimash ($33.65 in chips) 
k030101: posts small blind $0.10
Alameda22: posts big blind $0.25
*** HOLE CARDS ***
Dealt to Alameda22 [Qd Qh]
Alimash: folds 
epicflo joins the table at seat #7 
desithug1: calls $0.25
rigoso: calls $0.25
Krassancho: raises $1 to $1.25
xGCEx: folds 
k030101: folds 
Alameda22: raises $2.25 to $3.50
desithug1: folds 
rigoso said, "WHY?"
rigoso: folds 
Krassancho: calls $2.25
*** FLOP *** [Jh 3c 9s]
Alameda22: bets $5
Krassancho: folds 
Uncalled bet ($5) returned to Alameda22
Alameda22 collected $7.25 from pot
Alameda22: doesn't show hand 
*** SUMMARY ***
Total pot $7.60 | Rake $0.35 
Board [Jh 3c 9s]
Seat 1: desithug1 folded before Flop
Seat 2: rigoso folded before Flop
Seat 3: Krassancho folded on the Flop
Seat 5: xGCEx (button) folded before Flop (didn't bet)
Seat 6: k030101 (small blind) folded before Flop
Seat 8: Alameda22 (big blind) collected ($7.25)
Seat 9: Alimash folded before Flop (didn't bet)



PokerStars Game #19578170340:  Hold'em No Limit ($0.10/$0.25) - 2008/08/13 - 00:52:28 (ET)
Table 'Weber' 9-max Seat #6 is the button
Seat 1: desithug1 ($22.20 in chips) 
Seat 2: rigoso ($5.45 in chips) 
Seat 3: Krassancho ($25 in chips) 
Seat 5: xGCEx ($27.15 in chips) 
Seat 6: k030101 ($23.65 in chips) 
Seat 8: Alameda22 ($26.70 in chips) 
Seat 9: Alimash ($33.65 in chips) 
epicflo will be allowed to play after the button
Alameda22: posts small blind $0.10
Alimash: posts big blind $0.25
*** HOLE CARDS ***
Dealt to Alameda22 [Jh Jd]
desithug1: folds 
rigoso: calls $0.25
Krassancho: folds 
xGCEx: folds 
k030101: folds 
Alameda22: raises $0.75 to $1
Alimash: folds 
rigoso: folds 
Uncalled bet ($0.75) returned to Alameda22
Alameda22 collected $0.75 from pot
Alameda22: doesn't show hand 
*** SUMMARY ***
Total pot $0.75 | Rake $0 
Seat 1: desithug1 folded before Flop (didn't bet)
Seat 2: rigoso folded before Flop
Seat 3: Krassancho folded before Flop (didn't bet)
Seat 5: xGCEx folded before Flop (didn't bet)
Seat 6: k030101 (button) folded before Flop (didn't bet)
Seat 8: Alameda22 (small blind) collected ($0.75)
Seat 9: Alimash (big blind) folded before Flop



PokerStars Game #19578187307:  Hold'em No Limit ($0.10/$0.25) - 2008/08/13 - 00:53:32 (ET)
Table 'Weber' 9-max Seat #8 is the button
Seat 1: desithug1 ($22.20 in chips) 
Seat 2: rigoso ($5.20 in chips) 
Seat 3: Krassancho ($25 in chips) 
Seat 5: xGCEx ($27.15 in chips) 
Seat 6: k030101 ($23.65 in chips) 
Seat 7: epicflo ($15 in chips) 
Seat 8: Alameda22 ($27.20 in chips) 
Seat 9: Alimash ($33.40 in chips) 
Alimash: posts small blind $0.10
desithug1: posts big blind $0.25
epicflo: posts big blind $0.25
*** HOLE CARDS ***
Dealt to Alameda22 [Ah 8s]
rigoso: calls $0.25
Krassancho: folds 
xGCEx: raises $1.25 to $1.50
k030101: folds 
epicflo: folds 
Alameda22: folds 
Alimash: folds 
desithug1: folds 
rigoso: folds 
Uncalled bet ($1.25) returned to xGCEx
xGCEx collected $1.10 from pot
xGCEx: doesn't show hand 
*** SUMMARY ***
Total pot $1.10 | Rake $0 
Seat 1: desithug1 (big blind) folded before Flop
Seat 2: rigoso folded before Flop
Seat 3: Krassancho folded before Flop (didn't bet)
Seat 5: xGCEx collected ($1.10)
Seat 6: k030101 folded before Flop (didn't bet)
Seat 7: epicflo folded before Flop
Seat 8: Alameda22 (button) folded before Flop (didn't bet)
Seat 9: Alimash (small blind) folded before Flop



PokerStars Game #19578201451:  Hold'em No Limit ($0.10/$0.25) - 2008/08/13 - 00:54:26 (ET)
Table 'Weber' 9-max Seat #9 is the button
Seat 1: desithug1 ($21.95 in chips) 
Seat 2: rigoso ($4.95 in chips) 
Seat 3: Krassancho ($25 in chips) 
Seat 5: xGCEx ($28 in chips) 
Seat 6: k030101 ($23.65 in chips) 
Seat 7: epicflo ($14.75 in chips) 
Seat 8: Alameda22 ($27.20 in chips) 
Seat 9: Alimash ($33.30 in chips) 
desithug1: posts small blind $0.10
rigoso: posts big blind $0.25
*** HOLE CARDS ***
Dealt to Alameda22 [3h Qc]
Krassancho: folds 
xGCEx: folds 
k030101: raises $1.25 to $1.50
epicflo: folds 
Alameda22: folds 
Alimash: folds 
desithug1: folds 
rigoso: folds 
Uncalled bet ($1.25) returned to k030101
k030101 collected $0.60 from pot
k030101: doesn't show hand 
*** SUMMARY ***
Total pot $0.60 | Rake $0 
Seat 1: desithug1 (small blind) folded before Flop
Seat 2: rigoso (big blind) folded before Flop
Seat 3: Krassancho folded before Flop (didn't bet)
Seat 5: xGCEx folded before Flop (didn't bet)
Seat 6: k030101 collected ($0.60)
Seat 7: epicflo folded before Flop (didn't bet)
Seat 8: Alameda22 folded before Flop (didn't bet)
Seat 9: Alimash (button) folded before Flop (didn't bet)



PokerStars Game #19578212682:  Hold'em No Limit ($0.10/$0.25) - 2008/08/13 - 00:55:09 (ET)
Table 'Weber' 9-max Seat #1 is the button
Seat 1: desithug1 ($21.85 in chips) 
Seat 2: rigoso ($4.70 in chips) 
Seat 3: Krassancho ($25 in chips) 
Seat 5: xGCEx ($28 in chips) 
Seat 6: k030101 ($24 in chips) 
Seat 7: epicflo ($14.75 in chips) 
Seat 8: Alameda22 ($27.20 in chips) 
Seat 9: Alimash ($33.30 in chips) 
rigoso: posts small blind $0.10
Krassancho: posts big blind $0.25
*** HOLE CARDS ***
Dealt to Alameda22 [As Ks]
xGCEx: folds 
k030101: folds 
epicflo: folds 
Alameda22: raises $0.50 to $0.75
Alimash: folds 
desithug1: folds 
rigoso: raises $1.25 to $2
Krassancho: folds 
Alameda22: raises $5.75 to $7.75
rigoso: calls $2.70 and is all-in
Uncalled bet ($3.05) returned to Alameda22
*** FLOP *** [Kd Ah 6h]
*** TURN *** [Kd Ah 6h] [8c]
*** RIVER *** [Kd Ah 6h 8c] [Jc]
*** SHOW DOWN ***
rigoso: shows [8h Qh] (a pair of Eights)
Alameda22: shows [As Ks] (two pair, Aces and Kings)
Alameda22 collected $9.20 from pot
*** SUMMARY ***
Total pot $9.65 | Rake $0.45 
Board [Kd Ah 6h 8c Jc]
Seat 1: desithug1 (button) folded before Flop (didn't bet)
Seat 2: rigoso (small blind) showed [8h Qh] and lost with a pair of Eights
Seat 3: Krassancho (big blind) folded before Flop
Seat 5: xGCEx folded before Flop (didn't bet)
Seat 6: k030101 folded before Flop (didn't bet)
Seat 7: epicflo folded before Flop (didn't bet)
Seat 8: Alameda22 showed [As Ks] and won ($9.20) with two pair, Aces and Kings
Seat 9: Alimash folded before Flop (didn't bet)



PokerStars Game #19578232216:  Hold'em No Limit ($0.10/$0.25) - 2008/08/13 - 00:56:25 (ET)
Table 'Weber' 9-max Seat #3 is the button
Seat 1: desithug1 ($21.85 in chips) 
Seat 3: Krassancho ($24.75 in chips) 
Seat 5: xGCEx ($28 in chips) 
Seat 6: k030101 ($24 in chips) 
Seat 7: epicflo ($14.75 in chips) 
Seat 8: Alameda22 ($31.70 in chips) 
Seat 9: Alimash ($33.30 in chips) 
xGCEx: posts small blind $0.10
k030101: posts big blind $0.25
*** HOLE CARDS ***
Dealt to Alameda22 [7d Kc]
epicflo: calls $0.25
Alameda22: folds 
Alimash: folds 
desithug1: folds 
Krassancho: folds 
xGCEx: folds 
k030101: checks 
*** FLOP *** [Th 5s 3s]
k030101: bets $0.50
rigoso has returned
epicflo: folds 
Uncalled bet ($0.50) returned to k030101
rigoso said, "NICE HAND"
k030101 collected $0.60 from pot
k030101: doesn't show hand 
*** SUMMARY ***
Total pot $0.60 | Rake $0 
Board [Th 5s 3s]
Seat 1: desithug1 folded before Flop (didn't bet)
Seat 3: Krassancho (button) folded before Flop (didn't bet)
Seat 5: xGCEx (small blind) folded before Flop
Seat 6: k030101 (big blind) collected ($0.60)
Seat 7: epicflo folded on the Flop
Seat 8: Alameda22 folded before Flop (didn't bet)
Seat 9: Alimash folded before Flop (didn't bet)



