PokerStars Game #19825805935:  Hold'em No Limit ($0.10/$0.25) - 2008/08/22 - 23:56:58 (ET)
Table 'Caliban V' 9-max Seat #5 is the button
Seat 1: gbmskk ($38.35 in chips) 
Seat 2: PhilsBluffin ($13 in chips) 
Seat 3: ulba0404 ($25 in chips) 
Seat 4: Kfuse ($26.45 in chips) 
Seat 5: wildman11a ($15.65 in chips) 
Seat 6: Fat Stack07 ($54.75 in chips) 
Seat 7: Alameda22 ($25 in chips) 
Seat 8: JohnM1 ($19.35 in chips) 
Seat 9: pepperpot ($17.30 in chips) 
Fat Stack07: posts small blind $0.10
Alameda22: posts big blind $0.25
ulba0404: posts big blind $0.25
*** HOLE CARDS ***
Dealt to Alameda22 [Qh Js]
JohnM1: folds 
pepperpot: folds 
gbmskk: calls $0.25
PhilsBluffin: calls $0.25
ulba0404: checks 
Kfuse: calls $0.25
wildman11a: raises $0.75 to $1
Fat Stack07: folds 
Alameda22: folds 
gbmskk: folds 
PhilsBluffin: calls $0.75
ulba0404: folds 
Kfuse: folds 
*** FLOP *** [5s Qs 7c]
PhilsBluffin: checks 
wildman11a: bets $2
PhilsBluffin: folds 
Uncalled bet ($2) returned to wildman11a
wildman11a collected $2.95 from pot
wildman11a: doesn't show hand 
*** SUMMARY ***
Total pot $3.10 | Rake $0.15 
Board [5s Qs 7c]
Seat 1: gbmskk folded before Flop
Seat 2: PhilsBluffin folded on the Flop
Seat 3: ulba0404 folded before Flop
Seat 4: Kfuse folded before Flop
Seat 5: wildman11a (button) collected ($2.95)
Seat 6: Fat Stack07 (small blind) folded before Flop
Seat 7: Alameda22 (big blind) folded before Flop
Seat 8: JohnM1 folded before Flop (didn't bet)
Seat 9: pepperpot folded before Flop (didn't bet)



PokerStars Game #19825828788:  Hold'em No Limit ($0.10/$0.25) - 2008/08/22 - 23:58:14 (ET)
Table 'Caliban V' 9-max Seat #6 is the button
Seat 1: gbmskk ($38.10 in chips) 
Seat 2: PhilsBluffin ($12 in chips) 
Seat 3: ulba0404 ($24.75 in chips) 
Seat 4: Kfuse ($26.20 in chips) 
Seat 5: wildman11a ($17.60 in chips) 
Seat 6: Fat Stack07 ($54.65 in chips) 
Seat 7: Alameda22 ($24.75 in chips) 
Seat 8: JohnM1 ($19.35 in chips) 
Seat 9: pepperpot ($17.30 in chips) 
Alameda22: posts small blind $0.10
JohnM1: posts big blind $0.25
*** HOLE CARDS ***
Dealt to Alameda22 [4s 6h]
pepperpot: folds 
gbmskk: folds 
PhilsBluffin: folds 
PhilsBluffin leaves the table
ulba0404: folds 
onenoc joins the table at seat #2 
Kfuse: folds 
wildman11a: raises $0.75 to $1
Fat Stack07: folds 
Alameda22: folds 
JohnM1: folds 
Uncalled bet ($0.75) returned to wildman11a
wildman11a collected $0.60 from pot
wildman11a: doesn't show hand 
*** SUMMARY ***
Total pot $0.60 | Rake $0 
Seat 1: gbmskk folded before Flop (didn't bet)
Seat 2: PhilsBluffin folded before Flop (didn't bet)
Seat 3: ulba0404 folded before Flop (didn't bet)
Seat 4: Kfuse folded before Flop (didn't bet)
Seat 5: wildman11a collected ($0.60)
Seat 6: Fat Stack07 (button) folded before Flop (didn't bet)
Seat 7: Alameda22 (small blind) folded before Flop
Seat 8: JohnM1 (big blind) folded before Flop
Seat 9: pepperpot folded before Flop (didn't bet)



PokerStars Game #19825839715:  Hold'em No Limit ($0.10/$0.25) - 2008/08/22 - 23:58:50 (ET)
Table 'Caliban V' 9-max Seat #7 is the button
Seat 1: gbmskk ($38.10 in chips) 
Seat 3: ulba0404 ($24.75 in chips) 
Seat 4: Kfuse ($26.20 in chips) 
Seat 5: wildman11a ($17.95 in chips) 
Seat 6: Fat Stack07 ($54.65 in chips) 
Seat 7: Alameda22 ($24.65 in chips) 
Seat 8: JohnM1 ($19.10 in chips) 
Seat 9: pepperpot ($17.30 in chips) 
JohnM1: posts small blind $0.10
pepperpot: posts big blind $0.25
onenoc: sits out 
*** HOLE CARDS ***
Dealt to Alameda22 [2d Qs]
gbmskk: folds 
ulba0404: folds 
Kfuse: folds 
wildman11a: folds 
Fat Stack07: folds 
Alameda22: folds 
JohnM1: folds 
Uncalled bet ($0.15) returned to pepperpot
pepperpot collected $0.20 from pot
*** SUMMARY ***
Total pot $0.20 | Rake $0 
Seat 1: gbmskk folded before Flop (didn't bet)
Seat 3: ulba0404 folded before Flop (didn't bet)
Seat 4: Kfuse folded before Flop (didn't bet)
Seat 5: wildman11a folded before Flop (didn't bet)
Seat 6: Fat Stack07 folded before Flop (didn't bet)
Seat 7: Alameda22 (button) folded before Flop (didn't bet)
Seat 8: JohnM1 (small blind) folded before Flop
Seat 9: pepperpot (big blind) collected ($0.20)



PokerStars Game #19825853602:  Hold'em No Limit ($0.10/$0.25) - 2008/08/22 - 23:59:35 (ET)
Table 'Caliban V' 9-max Seat #8 is the button
Seat 1: gbmskk ($38.10 in chips) 
Seat 3: ulba0404 ($24.75 in chips) 
Seat 4: Kfuse ($26.20 in chips) 
Seat 5: wildman11a ($17.95 in chips) 
Seat 6: Fat Stack07 ($54.65 in chips) 
Seat 7: Alameda22 ($24.65 in chips) 
Seat 8: JohnM1 ($19 in chips) 
Seat 9: pepperpot ($17.40 in chips) 
pepperpot: posts small blind $0.10
gbmskk: posts big blind $0.25
onenoc: sits out 
*** HOLE CARDS ***
Dealt to Alameda22 [Kc 4s]
ulba0404: folds 
Kfuse: folds 
wildman11a: raises $0.75 to $1
Fat Stack07: folds 
Alameda22: folds 
JohnM1: folds 
pepperpot: folds 
gbmskk: folds 
Uncalled bet ($0.75) returned to wildman11a
wildman11a collected $0.60 from pot
wildman11a: doesn't show hand 
*** SUMMARY ***
Total pot $0.60 | Rake $0 
Seat 1: gbmskk (big blind) folded before Flop
Seat 3: ulba0404 folded before Flop (didn't bet)
Seat 4: Kfuse folded before Flop (didn't bet)
Seat 5: wildman11a collected ($0.60)
Seat 6: Fat Stack07 folded before Flop (didn't bet)
Seat 7: Alameda22 folded before Flop (didn't bet)
Seat 8: JohnM1 (button) folded before Flop (didn't bet)
Seat 9: pepperpot (small blind) folded before Flop



