PokerStars Game #20142423089:  Hold'em No Limit ($0.10/$0.25) - 2008/09/04 13:54:54 ET
Table 'Chalonge IV' 9-max Seat #7 is the button
Seat 1: Bubba6 ($20.30 in chips) 
Seat 2: FARPCOL ($37.25 in chips) 
Seat 3: pat690 ($8.65 in chips) 
Seat 4: Sephiroth337 ($27.85 in chips) 
Seat 5: savasbey ($4.75 in chips) 
Seat 6: AtrY ($25.25 in chips) 
Seat 7: Vertoz ($4.65 in chips) 
Seat 8: JonnySheehan ($5.45 in chips) 
Seat 9: Alameda22 ($25 in chips) 
JonnySheehan: posts small blind $0.10
Alameda22: posts big blind $0.25
*** HOLE CARDS ***
Dealt to Alameda22 [5h 8d]
Bubba6: folds 
FARPCOL: folds 
pat690: folds 
pat690 is sitting out
Sephiroth337: folds 
savasbey: folds 
AtrY: folds 
Vertoz: raises $0.75 to $1
JonnySheehan: folds 
Alameda22: folds 
Uncalled bet ($0.75) returned to Vertoz
Vertoz collected $0.60 from pot
Vertoz: doesn't show hand 
pat690 leaves the table
*** SUMMARY ***
Total pot $0.60 | Rake $0 
Seat 1: Bubba6 folded before Flop (didn't bet)
Seat 2: FARPCOL folded before Flop (didn't bet)
Seat 3: pat690 folded before Flop (didn't bet)
Seat 4: Sephiroth337 folded before Flop (didn't bet)
Seat 5: savasbey folded before Flop (didn't bet)
Seat 6: AtrY folded before Flop (didn't bet)
Seat 7: Vertoz (button) collected ($0.60)
Seat 8: JonnySheehan (small blind) folded before Flop
Seat 9: Alameda22 (big blind) folded before Flop



PokerStars Game #20142441247:  Hold'em No Limit ($0.10/$0.25) - 2008/09/04 13:55:40 ET
Table 'Chalonge IV' 9-max Seat #8 is the button
Seat 1: Bubba6 ($20.30 in chips) 
Seat 2: FARPCOL ($37.25 in chips) 
Seat 4: Sephiroth337 ($27.85 in chips) 
Seat 5: savasbey ($4.75 in chips) 
Seat 6: AtrY ($25.25 in chips) 
Seat 7: Vertoz ($5 in chips) 
Seat 8: JonnySheehan ($5.35 in chips) 
Seat 9: Alameda22 ($24.75 in chips) 
Alameda22: posts small blind $0.10
Bubba6: posts big blind $0.25
*** HOLE CARDS ***
Dealt to Alameda22 [7c 6s]
FARPCOL: folds 
Sephiroth337: calls $0.25
savasbey: folds 
AtrY: folds 
Vertoz: folds 
JonnySheehan: folds 
Alameda22: folds 
Bubba6: raises $0.75 to $1
blckdrgnden joins the table at seat #3 
Sephiroth337: folds 
Uncalled bet ($0.75) returned to Bubba6
Bubba6 collected $0.60 from pot
Bubba6: doesn't show hand 
*** SUMMARY ***
Total pot $0.60 | Rake $0 
Seat 1: Bubba6 (big blind) collected ($0.60)
Seat 2: FARPCOL folded before Flop (didn't bet)
Seat 4: Sephiroth337 folded before Flop
Seat 5: savasbey folded before Flop (didn't bet)
Seat 6: AtrY folded before Flop (didn't bet)
Seat 7: Vertoz folded before Flop (didn't bet)
Seat 8: JonnySheehan (button) folded before Flop (didn't bet)
Seat 9: Alameda22 (small blind) folded before Flop



PokerStars Game #20142458485:  Hold'em No Limit ($0.10/$0.25) - 2008/09/04 13:56:27 ET
Table 'Chalonge IV' 9-max Seat #9 is the button
Seat 1: Bubba6 ($20.65 in chips) 
Seat 2: FARPCOL ($37.25 in chips) 
Seat 3: blckdrgnden ($5 in chips) 
Seat 4: Sephiroth337 ($27.60 in chips) 
Seat 5: savasbey ($4.75 in chips) 
Seat 6: AtrY ($25.25 in chips) 
Seat 7: Vertoz ($5 in chips) 
Seat 8: JonnySheehan ($5.35 in chips) 
Seat 9: Alameda22 ($24.65 in chips) 
Bubba6: posts small blind $0.10
FARPCOL: posts big blind $0.25
blckdrgnden: posts big blind $0.25
*** HOLE CARDS ***
Dealt to Alameda22 [Jd Ah]
blckdrgnden: checks 
Sephiroth337: folds 
savasbey: folds 
AtrY: folds 
Vertoz: folds 
JonnySheehan: folds 
Alameda22: folds 
Bubba6: folds 
FARPCOL: checks 
*** FLOP *** [3h 5s 8s]
FARPCOL: checks 
blckdrgnden: bets $0.50
FARPCOL: calls $0.50
*** TURN *** [3h 5s 8s] [2c]
FARPCOL: bets $1
blckdrgnden: folds 
Uncalled bet ($1) returned to FARPCOL
FARPCOL collected $1.55 from pot
*** SUMMARY ***
Total pot $1.60 | Rake $0.05 
Board [3h 5s 8s 2c]
Seat 1: Bubba6 (small blind) folded before Flop
Seat 2: FARPCOL (big blind) collected ($1.55)
Seat 3: blckdrgnden folded on the Turn
Seat 4: Sephiroth337 folded before Flop (didn't bet)
Seat 5: savasbey folded before Flop (didn't bet)
Seat 6: AtrY folded before Flop (didn't bet)
Seat 7: Vertoz folded before Flop (didn't bet)
Seat 8: JonnySheehan folded before Flop (didn't bet)
Seat 9: Alameda22 (button) folded before Flop (didn't bet)



PokerStars Game #20142493457:  Hold'em No Limit ($0.10/$0.25) - 2008/09/04 13:57:56 ET
Table 'Chalonge IV' 9-max Seat #1 is the button
Seat 1: Bubba6 ($20.55 in chips) 
Seat 2: FARPCOL ($38.05 in chips) 
Seat 3: blckdrgnden ($4.25 in chips) 
Seat 4: Sephiroth337 ($27.60 in chips) 
Seat 5: savasbey ($4.75 in chips) 
Seat 6: AtrY ($25.25 in chips) 
Seat 7: Vertoz ($5 in chips) 
Seat 8: JonnySheehan ($5.35 in chips) 
Seat 9: Alameda22 ($24.65 in chips) 
FARPCOL: posts small blind $0.10
blckdrgnden: posts big blind $0.25
*** HOLE CARDS ***
Dealt to Alameda22 [Qs 6s]
Sephiroth337: folds 
savasbey: folds 
AtrY: folds 
Vertoz: folds 
JonnySheehan: raises $1.25 to $1.50
Alameda22: folds 
Bubba6: folds 
FARPCOL: folds 
blckdrgnden: folds 
Uncalled bet ($1.25) returned to JonnySheehan
JonnySheehan collected $0.60 from pot
*** SUMMARY ***
Total pot $0.60 | Rake $0 
Seat 1: Bubba6 (button) folded before Flop (didn't bet)
Seat 2: FARPCOL (small blind) folded before Flop
Seat 3: blckdrgnden (big blind) folded before Flop
Seat 4: Sephiroth337 folded before Flop (didn't bet)
Seat 5: savasbey folded before Flop (didn't bet)
Seat 6: AtrY folded before Flop (didn't bet)
Seat 7: Vertoz folded before Flop (didn't bet)
Seat 8: JonnySheehan collected ($0.60)
Seat 9: Alameda22 folded before Flop (didn't bet)



PokerStars Game #20142510411:  Hold'em No Limit ($0.10/$0.25) - 2008/09/04 13:58:38 ET
Table 'Chalonge IV' 9-max Seat #2 is the button
Seat 1: Bubba6 ($20.55 in chips) 
Seat 2: FARPCOL ($37.95 in chips) 
Seat 3: blckdrgnden ($4 in chips) 
Seat 4: Sephiroth337 ($27.60 in chips) 
Seat 5: savasbey ($4.75 in chips) 
Seat 6: AtrY ($25.25 in chips) 
Seat 7: Vertoz ($5 in chips) 
Seat 8: JonnySheehan ($5.70 in chips) 
Seat 9: Alameda22 ($24.65 in chips) 
blckdrgnden: posts small blind $0.10
Sephiroth337: posts big blind $0.25
*** HOLE CARDS ***
Dealt to Alameda22 [6s 8h]
savasbey: calls $0.25
AtrY: folds 
Vertoz: folds 
JonnySheehan: raises $1.25 to $1.50
Alameda22: folds 
Bubba6: folds 
FARPCOL: folds 
blckdrgnden: folds 
Sephiroth337: folds 
savasbey: raises $3.25 to $4.75 and is all-in
JonnySheehan: calls $3.25
*** FLOP *** [4d 9c 3c]
*** TURN *** [4d 9c 3c] [3d]
*** RIVER *** [4d 9c 3c 3d] [2d]
*** SHOW DOWN ***
savasbey: shows [9h 9s] (a full house, Nines full of Threes)
JonnySheehan: mucks hand 
savasbey collected $9.40 from pot
*** SUMMARY ***
Total pot $9.85 | Rake $0.45 
Board [4d 9c 3c 3d 2d]
Seat 1: Bubba6 folded before Flop (didn't bet)
Seat 2: FARPCOL (button) folded before Flop (didn't bet)
Seat 3: blckdrgnden (small blind) folded before Flop
Seat 4: Sephiroth337 (big blind) folded before Flop
Seat 5: savasbey showed [9h 9s] and won ($9.40) with a full house, Nines full of Threes
Seat 6: AtrY folded before Flop (didn't bet)
Seat 7: Vertoz folded before Flop (didn't bet)
Seat 8: JonnySheehan mucked [Qc Ad]
Seat 9: Alameda22 folded before Flop (didn't bet)



PokerStars Game #20142540598:  Hold'em No Limit ($0.10/$0.25) - 2008/09/04 13:59:56 ET
Table 'Chalonge IV' 9-max Seat #3 is the button
Seat 1: Bubba6 ($20.55 in chips) 
Seat 2: FARPCOL ($37.95 in chips) 
Seat 3: blckdrgnden ($3.90 in chips) 
Seat 4: Sephiroth337 ($27.35 in chips) 
Seat 5: savasbey ($9.40 in chips) 
Seat 6: AtrY ($25.25 in chips) 
Seat 7: Vertoz ($5 in chips) 
Seat 8: JonnySheehan ($0.95 in chips) 
Seat 9: Alameda22 ($24.65 in chips) 
Sephiroth337: posts small blind $0.10
savasbey: posts big blind $0.25
*** HOLE CARDS ***
Dealt to Alameda22 [Tc 4d]
AtrY: folds 
Vertoz: folds 
JonnySheehan: raises $0.70 to $0.95 and is all-in
Alameda22: folds 
Bubba6: folds 
FARPCOL: folds 
blckdrgnden: folds 
Sephiroth337: folds 
savasbey: folds 
Uncalled bet ($0.70) returned to JonnySheehan
JonnySheehan collected $0.60 from pot
*** SUMMARY ***
Total pot $0.60 | Rake $0 
Seat 1: Bubba6 folded before Flop (didn't bet)
Seat 2: FARPCOL folded before Flop (didn't bet)
Seat 3: blckdrgnden (button) folded before Flop (didn't bet)
Seat 4: Sephiroth337 (small blind) folded before Flop
Seat 5: savasbey (big blind) folded before Flop
Seat 6: AtrY folded before Flop (didn't bet)
Seat 7: Vertoz folded before Flop (didn't bet)
Seat 8: JonnySheehan collected ($0.60)
Seat 9: Alameda22 folded before Flop (didn't bet)



PokerStars Game #20142565942:  Hold'em No Limit ($0.10/$0.25) - 2008/09/04 14:00:57 ET
Table 'Chalonge IV' 9-max Seat #4 is the button
Seat 1: Bubba6 ($25 in chips) 
Seat 2: FARPCOL ($37.95 in chips) 
Seat 3: blckdrgnden ($3.90 in chips) 
Seat 4: Sephiroth337 ($27.25 in chips) 
Seat 5: savasbey ($9.15 in chips) 
Seat 6: AtrY ($25.25 in chips) 
Seat 7: Vertoz ($5 in chips) 
Seat 8: JonnySheehan ($1.30 in chips) 
Seat 9: Alameda22 ($24.65 in chips) 
savasbey: posts small blind $0.10
AtrY: posts big blind $0.25
*** HOLE CARDS ***
Dealt to Alameda22 [Kc 6d]
Vertoz: folds 
JonnySheehan: folds 
Alameda22: folds 
Bubba6: raises $0.75 to $1
FARPCOL: folds 
blckdrgnden: folds 
Sephiroth337: folds 
savasbey: folds 
AtrY: folds 
Uncalled bet ($0.75) returned to Bubba6
Bubba6 collected $0.60 from pot
Bubba6: doesn't show hand 
*** SUMMARY ***
Total pot $0.60 | Rake $0 
Seat 1: Bubba6 collected ($0.60)
Seat 2: FARPCOL folded before Flop (didn't bet)
Seat 3: blckdrgnden folded before Flop (didn't bet)
Seat 4: Sephiroth337 (button) folded before Flop (didn't bet)
Seat 5: savasbey (small blind) folded before Flop
Seat 6: AtrY (big blind) folded before Flop
Seat 7: Vertoz folded before Flop (didn't bet)
Seat 8: JonnySheehan folded before Flop (didn't bet)
Seat 9: Alameda22 folded before Flop (didn't bet)



PokerStars Game #20142592737:  Hold'em No Limit ($0.10/$0.25) - 2008/09/04 14:02:03 ET
Table 'Chalonge IV' 9-max Seat #5 is the button
Seat 1: Bubba6 ($25.35 in chips) 
Seat 2: FARPCOL ($37.95 in chips) 
Seat 3: blckdrgnden ($3.90 in chips) 
Seat 4: Sephiroth337 ($27.25 in chips) 
Seat 5: savasbey ($9.05 in chips) 
Seat 6: AtrY ($25 in chips) 
Seat 7: Vertoz ($5 in chips) 
Seat 8: JonnySheehan ($1.30 in chips) 
Seat 9: Alameda22 ($24.65 in chips) 
AtrY: posts small blind $0.10
Vertoz: posts big blind $0.25
*** HOLE CARDS ***
Dealt to Alameda22 [9s 2s]
JonnySheehan: raises $1.05 to $1.30 and is all-in
Alameda22: folds 
Bubba6: folds 
FARPCOL: folds 
blckdrgnden: folds 
Sephiroth337: folds 
savasbey: folds 
AtrY: folds 
Vertoz: folds 
Uncalled bet ($1.05) returned to JonnySheehan
JonnySheehan collected $0.60 from pot
*** SUMMARY ***
Total pot $0.60 | Rake $0 
Seat 1: Bubba6 folded before Flop (didn't bet)
Seat 2: FARPCOL folded before Flop (didn't bet)
Seat 3: blckdrgnden folded before Flop (didn't bet)
Seat 4: Sephiroth337 folded before Flop (didn't bet)
Seat 5: savasbey (button) folded before Flop (didn't bet)
Seat 6: AtrY (small blind) folded before Flop
Seat 7: Vertoz (big blind) folded before Flop
Seat 8: JonnySheehan collected ($0.60)
Seat 9: Alameda22 folded before Flop (didn't bet)



PokerStars Game #20142611696:  Hold'em No Limit ($0.10/$0.25) - 2008/09/04 14:02:49 ET
Table 'Chalonge IV' 9-max Seat #6 is the button
Seat 1: Bubba6 ($25.35 in chips) 
Seat 2: FARPCOL ($37.95 in chips) 
Seat 3: blckdrgnden ($3.90 in chips) 
Seat 4: Sephiroth337 ($27.25 in chips) 
Seat 5: savasbey ($9.05 in chips) 
Seat 6: AtrY ($24.90 in chips) 
Seat 7: Vertoz ($4.75 in chips) 
Seat 8: JonnySheehan ($1.65 in chips) 
Seat 9: Alameda22 ($24.65 in chips) 
Vertoz: posts small blind $0.10
JonnySheehan: posts big blind $0.25
*** HOLE CARDS ***
Dealt to Alameda22 [Jd 9h]
Alameda22: folds 
Bubba6: calls $0.25
FARPCOL: folds 
blckdrgnden: calls $0.25
Sephiroth337: folds 
savasbey: folds 
AtrY: raises $1.25 to $1.50
FARPCOL leaves the table
Vertoz: raises $3.25 to $4.75 and is all-in
JonnySheehan: calls $1.40 and is all-in
Bubba6: folds 
blckdrgnden: folds 
AtrY: folds 
Uncalled bet ($3.10) returned to Vertoz
*** FLOP *** [Kd 7d 3s]
*** TURN *** [Kd 7d 3s] [3h]
*** RIVER *** [Kd 7d 3s 3h] [3c]
*** SHOW DOWN ***
Vertoz: shows [Qs Qc] (a full house, Threes full of Queens)
JonnySheehan: mucks hand 
Vertoz collected $5.05 from pot
*** SUMMARY ***
Total pot $5.30 | Rake $0.25 
Board [Kd 7d 3s 3h 3c]
Seat 1: Bubba6 folded before Flop
Seat 2: FARPCOL folded before Flop (didn't bet)
Seat 3: blckdrgnden folded before Flop
Seat 4: Sephiroth337 folded before Flop (didn't bet)
Seat 5: savasbey folded before Flop (didn't bet)
Seat 6: AtrY (button) folded before Flop
Seat 7: Vertoz (small blind) showed [Qs Qc] and won ($5.05) with a full house, Threes full of Queens
Seat 8: JonnySheehan (big blind) mucked [Qd 9s]
Seat 9: Alameda22 folded before Flop (didn't bet)



PokerStars Game #20142644973:  Hold'em No Limit ($0.10/$0.25) - 2008/09/04 14:04:11 ET
Table 'Chalonge IV' 9-max Seat #7 is the button
Seat 1: Bubba6 ($25.10 in chips) 
Seat 3: blckdrgnden ($3.65 in chips) 
Seat 4: Sephiroth337 ($27.25 in chips) 
Seat 5: savasbey ($9.05 in chips) 
Seat 6: AtrY ($25 in chips) 
Seat 7: Vertoz ($8.15 in chips) 
Seat 9: Alameda22 ($24.65 in chips) 
Alameda22: posts small blind $0.10
Bubba6: posts big blind $0.25
*** HOLE CARDS ***
Dealt to Alameda22 [6c Ad]
blckdrgnden: folds 
Sephiroth337: folds 
blckdrgnden is sitting out
savasbey: folds 
AtrY: folds 
Vertoz: folds 
JonnySheehan leaves the table
Alameda22: folds 
Uncalled bet ($0.15) returned to Bubba6
Bubba6 collected $0.20 from pot
Bubba6: doesn't show hand 
blckdrgnden leaves the table
*** SUMMARY ***
Total pot $0.20 | Rake $0 
Seat 1: Bubba6 (big blind) collected ($0.20)
Seat 3: blckdrgnden folded before Flop (didn't bet)
Seat 4: Sephiroth337 folded before Flop (didn't bet)
Seat 5: savasbey folded before Flop (didn't bet)
Seat 6: AtrY folded before Flop (didn't bet)
Seat 7: Vertoz (button) folded before Flop (didn't bet)
Seat 9: Alameda22 (small blind) folded before Flop



PokerStars Game #20142655962:  Hold'em No Limit ($0.10/$0.25) - 2008/09/04 14:04:37 ET
Table 'Chalonge IV' 9-max Seat #9 is the button
Seat 1: Bubba6 ($25.20 in chips) 
Seat 4: Sephiroth337 ($27.25 in chips) 
Seat 5: savasbey ($9.05 in chips) 
Seat 6: AtrY ($25 in chips) 
Seat 7: Vertoz ($8.15 in chips) 
Seat 9: Alameda22 ($24.55 in chips) 
Bubba6: posts small blind $0.10
Sephiroth337: posts big blind $0.25
*** HOLE CARDS ***
Dealt to Alameda22 [9c 6s]
savasbey: folds 
AtrY: raises $0.75 to $1
Vertoz: folds 
Alameda22: folds 
Bubba6: folds 
Sephiroth337: folds 
Uncalled bet ($0.75) returned to AtrY
AtrY collected $0.60 from pot
AtrY: doesn't show hand 
*** SUMMARY ***
Total pot $0.60 | Rake $0 
Seat 1: Bubba6 (small blind) folded before Flop
Seat 4: Sephiroth337 (big blind) folded before Flop
Seat 5: savasbey folded before Flop (didn't bet)
Seat 6: AtrY collected ($0.60)
Seat 7: Vertoz folded before Flop (didn't bet)
Seat 9: Alameda22 (button) folded before Flop (didn't bet)



PokerStars Game #20142669656:  Hold'em No Limit ($0.10/$0.25) - 2008/09/04 14:05:11 ET
Table 'Chalonge IV' 9-max Seat #1 is the button
Seat 1: Bubba6 ($25.10 in chips) 
Seat 4: Sephiroth337 ($27 in chips) 
Seat 5: savasbey ($9.05 in chips) 
Seat 6: AtrY ($25.35 in chips) 
Seat 7: Vertoz ($8.15 in chips) 
Seat 9: Alameda22 ($24.55 in chips) 
Sephiroth337: posts small blind $0.10
savasbey: posts big blind $0.25
*** HOLE CARDS ***
Dealt to Alameda22 [Td 8h]
AtrY: folds 
Vertoz: folds 
Alameda22: folds 
Bubba6: calls $0.25
Sephiroth337: calls $0.15
savasbey: checks 
*** FLOP *** [Ks Ad 2d]
Sephiroth337: checks 
savasbey: checks 
Bubba6: checks 
*** TURN *** [Ks Ad 2d] [4c]
Sephiroth337: bets $0.25
savasbey: folds 
Bubba6: folds 
Uncalled bet ($0.25) returned to Sephiroth337
Sephiroth337 collected $0.75 from pot
Sephiroth337: doesn't show hand 
*** SUMMARY ***
Total pot $0.75 | Rake $0 
Board [Ks Ad 2d 4c]
Seat 1: Bubba6 (button) folded on the Turn
Seat 4: Sephiroth337 (small blind) collected ($0.75)
Seat 5: savasbey (big blind) folded on the Turn
Seat 6: AtrY folded before Flop (didn't bet)
Seat 7: Vertoz folded before Flop (didn't bet)
Seat 9: Alameda22 folded before Flop (didn't bet)



PokerStars Game #20142707440:  Hold'em No Limit ($0.10/$0.25) - 2008/09/04 14:06:42 ET
Table 'Chalonge IV' 9-max Seat #4 is the button
Seat 1: Bubba6 ($24.85 in chips) 
Seat 4: Sephiroth337 ($27.50 in chips) 
Seat 5: savasbey ($8.80 in chips) 
Seat 6: AtrY ($25.35 in chips) 
Seat 7: Vertoz ($8.15 in chips) 
Seat 9: Alameda22 ($24.55 in chips) 
savasbey: posts small blind $0.10
AtrY: posts big blind $0.25
*** HOLE CARDS ***
Dealt to Alameda22 [6d 4c]
Vertoz: folds 
Alameda22: folds 
Bubba6: folds 
Vertoz leaves the table
Sephiroth337: raises $0.25 to $0.50
savasbey: folds 
savasbey is sitting out
AtrY: calls $0.25
*** FLOP *** [Qd Ks Ac]
savasbey leaves the table
AtrY: checks 
Sephiroth337: bets $0.50
AtrY: raises $1 to $1.50
Sephiroth337: folds 
Uncalled bet ($1) returned to AtrY
AtrY collected $2 from pot
AtrY: doesn't show hand 
*** SUMMARY ***
Total pot $2.10 | Rake $0.10 
Board [Qd Ks Ac]
Seat 1: Bubba6 folded before Flop (didn't bet)
Seat 4: Sephiroth337 (button) folded on the Flop
Seat 5: savasbey (small blind) folded before Flop
Seat 6: AtrY (big blind) collected ($2)
Seat 7: Vertoz folded before Flop (didn't bet)
Seat 9: Alameda22 folded before Flop (didn't bet)



PokerStars Game #20142730036:  Hold'em No Limit ($0.10/$0.25) - 2008/09/04 14:07:36 ET
Table 'Chalonge IV' 9-max Seat #6 is the button
Seat 1: Bubba6 ($24.85 in chips) 
Seat 4: Sephiroth337 ($26.50 in chips) 
Seat 6: AtrY ($26.35 in chips) 
Seat 9: Alameda22 ($24.55 in chips) 
Alameda22: posts small blind $0.10
Bubba6: posts big blind $0.25
*** HOLE CARDS ***
Dealt to Alameda22 [7c 9c]
Sephiroth337: folds 
AtrY: folds 
Sephiroth337 leaves the table
Alameda22: folds 
Uncalled bet ($0.15) returned to Bubba6
Bubba6 collected $0.20 from pot
Bubba6: doesn't show hand 
*** SUMMARY ***
Total pot $0.20 | Rake $0 
Seat 1: Bubba6 (big blind) collected ($0.20)
Seat 4: Sephiroth337 folded before Flop (didn't bet)
Seat 6: AtrY (button) folded before Flop (didn't bet)
Seat 9: Alameda22 (small blind) folded before Flop



