PokerStars Game #20094974045:  Hold'em No Limit ($0.10/$0.25) - 2008/09/02 14:58:18 ET
Table 'Hyperion' 9-max Seat #6 is the button
Seat 1: zookmachine ($36.45 in chips) 
Seat 2: mcdougal2 ($23.55 in chips) 
Seat 4: wasserss ($4.65 in chips) 
Seat 5: Superfonsi ($24.65 in chips) 
Seat 6: quadtan ($25 in chips) 
Seat 7: nuroKK ($25.65 in chips) 
Seat 8: Alameda22 ($25 in chips) 
Seat 9: Cijpher ($27.70 in chips) 
nuroKK: posts small blind $0.10
Alameda22: posts big blind $0.25
*** HOLE CARDS ***
Dealt to Alameda22 [5h Ts]
Cijpher: calls $0.25
zookmachine: folds 
mcdougal2: folds 
wasserss: folds 
Superfonsi: folds 
quadtan: folds 
nuroKK: raises $0.75 to $1
Alameda22: folds 
Cijpher: folds 
Uncalled bet ($0.75) returned to nuroKK
nuroKK collected $0.75 from pot
nuroKK: doesn't show hand 
*** SUMMARY ***
Total pot $0.75 | Rake $0 
Seat 1: zookmachine folded before Flop (didn't bet)
Seat 2: mcdougal2 folded before Flop (didn't bet)
Seat 4: wasserss folded before Flop (didn't bet)
Seat 5: Superfonsi folded before Flop (didn't bet)
Seat 6: quadtan (button) folded before Flop (didn't bet)
Seat 7: nuroKK (small blind) collected ($0.75)
Seat 8: Alameda22 (big blind) folded before Flop
Seat 9: Cijpher folded before Flop



PokerStars Game #20094993548:  Hold'em No Limit ($0.10/$0.25) - 2008/09/02 14:59:06 ET
Table 'Hyperion' 9-max Seat #7 is the button
Seat 1: zookmachine ($36.45 in chips) 
Seat 2: mcdougal2 ($23.55 in chips) 
Seat 4: wasserss ($4.65 in chips) 
Seat 5: Superfonsi ($24.65 in chips) 
Seat 6: quadtan ($25 in chips) 
Seat 7: nuroKK ($26.15 in chips) 
Seat 8: Alameda22 ($24.75 in chips) 
Seat 9: Cijpher ($27.45 in chips) 
Alameda22: posts small blind $0.10
Cijpher: posts big blind $0.25
*** HOLE CARDS ***
Dealt to Alameda22 [5s 5h]
zookmachine: raises $0.75 to $1
mcdougal2: folds 
wasserss: folds 
Superfonsi: folds 
irkus joins the table at seat #3 
quadtan: folds 
nuroKK: folds 
Alameda22: calls $0.90
Cijpher: folds 
*** FLOP *** [Th 8s 4h]
Alameda22: checks 
zookmachine: bets $3
Alameda22: folds 
Uncalled bet ($3) returned to zookmachine
zookmachine collected $2.15 from pot
zookmachine: doesn't show hand 
*** SUMMARY ***
Total pot $2.25 | Rake $0.10 
Board [Th 8s 4h]
Seat 1: zookmachine collected ($2.15)
Seat 2: mcdougal2 folded before Flop (didn't bet)
Seat 4: wasserss folded before Flop (didn't bet)
Seat 5: Superfonsi folded before Flop (didn't bet)
Seat 6: quadtan folded before Flop (didn't bet)
Seat 7: nuroKK (button) folded before Flop (didn't bet)
Seat 8: Alameda22 (small blind) folded on the Flop
Seat 9: Cijpher (big blind) folded before Flop



PokerStars Game #20095027494:  Hold'em No Limit ($0.10/$0.25) - 2008/09/02 15:00:27 ET
Table 'Hyperion' 9-max Seat #8 is the button
Seat 1: zookmachine ($37.60 in chips) 
Seat 2: mcdougal2 ($23.55 in chips) 
Seat 4: wasserss ($4.65 in chips) 
Seat 5: Superfonsi ($24.65 in chips) 
Seat 6: quadtan ($25 in chips) 
Seat 7: nuroKK ($26.15 in chips) 
Seat 8: Alameda22 ($23.75 in chips) 
Seat 9: Cijpher ($27.20 in chips) 
Cijpher: posts small blind $0.10
zookmachine: posts big blind $0.25
irkus: sits out 
*** HOLE CARDS ***
Dealt to Alameda22 [8s 6h]
mcdougal2: folds 
wasserss: folds 
Superfonsi: folds 
quadtan: folds 
nuroKK: folds 
Alameda22: folds 
Cijpher: folds 
Uncalled bet ($0.15) returned to zookmachine
zookmachine collected $0.20 from pot
*** SUMMARY ***
Total pot $0.20 | Rake $0 
Seat 1: zookmachine (big blind) collected ($0.20)
Seat 2: mcdougal2 folded before Flop (didn't bet)
Seat 4: wasserss folded before Flop (didn't bet)
Seat 5: Superfonsi folded before Flop (didn't bet)
Seat 6: quadtan folded before Flop (didn't bet)
Seat 7: nuroKK folded before Flop (didn't bet)
Seat 8: Alameda22 (button) folded before Flop (didn't bet)
Seat 9: Cijpher (small blind) folded before Flop



PokerStars Game #20095045059:  Hold'em No Limit ($0.10/$0.25) - 2008/09/02 15:01:08 ET
Table 'Hyperion' 9-max Seat #9 is the button
Seat 1: zookmachine ($37.70 in chips) 
Seat 2: mcdougal2 ($23.55 in chips) 
Seat 4: wasserss ($4.65 in chips) 
Seat 5: Superfonsi ($24.65 in chips) 
Seat 6: quadtan ($25 in chips) 
Seat 7: nuroKK ($26.15 in chips) 
Seat 8: Alameda22 ($23.75 in chips) 
Seat 9: Cijpher ($27.10 in chips) 
zookmachine: posts small blind $0.10
mcdougal2: posts big blind $0.25
irkus: sits out 
*** HOLE CARDS ***
Dealt to Alameda22 [8h Th]
wasserss: folds 
Superfonsi: folds 
quadtan: folds 
nuroKK: folds 
Alameda22: folds 
Cijpher: folds 
zookmachine: raises $0.75 to $1
mcdougal2: folds 
Uncalled bet ($0.75) returned to zookmachine
zookmachine collected $0.50 from pot
zookmachine: doesn't show hand 
*** SUMMARY ***
Total pot $0.50 | Rake $0 
Seat 1: zookmachine (small blind) collected ($0.50)
Seat 2: mcdougal2 (big blind) folded before Flop
Seat 4: wasserss folded before Flop (didn't bet)
Seat 5: Superfonsi folded before Flop (didn't bet)
Seat 6: quadtan folded before Flop (didn't bet)
Seat 7: nuroKK folded before Flop (didn't bet)
Seat 8: Alameda22 folded before Flop (didn't bet)
Seat 9: Cijpher (button) folded before Flop (didn't bet)



PokerStars Game #20095065442:  Hold'em No Limit ($0.10/$0.25) - 2008/09/02 15:01:57 ET
Table 'Hyperion' 9-max Seat #1 is the button
Seat 1: zookmachine ($37.95 in chips) 
Seat 2: mcdougal2 ($23.30 in chips) 
Seat 3: irkus ($5 in chips) 
Seat 4: wasserss ($4.65 in chips) 
Seat 5: Superfonsi ($24.65 in chips) 
Seat 6: quadtan ($25 in chips) 
Seat 7: nuroKK ($26.15 in chips) 
Seat 8: Alameda22 ($23.75 in chips) 
Seat 9: Cijpher ($27.10 in chips) 
mcdougal2: posts small blind $0.10
irkus: posts big blind $0.25
*** HOLE CARDS ***
Dealt to Alameda22 [6h Qc]
wasserss: folds 
Superfonsi: folds 
quadtan: raises $0.75 to $1
nuroKK: folds 
Alameda22: folds 
Cijpher: folds 
zookmachine: folds 
mcdougal2: folds 
irkus: folds 
Uncalled bet ($0.75) returned to quadtan
quadtan collected $0.60 from pot
quadtan: doesn't show hand 
*** SUMMARY ***
Total pot $0.60 | Rake $0 
Seat 1: zookmachine (button) folded before Flop (didn't bet)
Seat 2: mcdougal2 (small blind) folded before Flop
Seat 3: irkus (big blind) folded before Flop
Seat 4: wasserss folded before Flop (didn't bet)
Seat 5: Superfonsi folded before Flop (didn't bet)
Seat 6: quadtan collected ($0.60)
Seat 7: nuroKK folded before Flop (didn't bet)
Seat 8: Alameda22 folded before Flop (didn't bet)
Seat 9: Cijpher folded before Flop (didn't bet)



PokerStars Game #20095083508:  Hold'em No Limit ($0.10/$0.25) - 2008/09/02 15:02:39 ET
Table 'Hyperion' 9-max Seat #2 is the button
Seat 1: zookmachine ($37.95 in chips) 
Seat 2: mcdougal2 ($23.20 in chips) 
Seat 3: irkus ($4.75 in chips) 
Seat 4: wasserss ($4.65 in chips) 
Seat 5: Superfonsi ($24.65 in chips) 
Seat 6: quadtan ($25.35 in chips) 
Seat 7: nuroKK ($26.15 in chips) 
Seat 8: Alameda22 ($23.75 in chips) 
Seat 9: Cijpher ($27.10 in chips) 
irkus: posts small blind $0.10
wasserss: posts big blind $0.25
*** HOLE CARDS ***
Dealt to Alameda22 [Qc 5c]
Superfonsi: folds 
quadtan: folds 
quadtan leaves the table
nuroKK: folds 
Alameda22: folds 
Cijpher: folds 
zookmachine: raises $1.25 to $1.50
mcdougal2: folds 
irkus: folds 
wasserss: folds 
Uncalled bet ($1.25) returned to zookmachine
zookmachine collected $0.60 from pot
zookmachine: doesn't show hand 
*** SUMMARY ***
Total pot $0.60 | Rake $0 
Seat 1: zookmachine collected ($0.60)
Seat 2: mcdougal2 (button) folded before Flop (didn't bet)
Seat 3: irkus (small blind) folded before Flop
Seat 4: wasserss (big blind) folded before Flop
Seat 5: Superfonsi folded before Flop (didn't bet)
Seat 6: quadtan folded before Flop (didn't bet)
Seat 7: nuroKK folded before Flop (didn't bet)
Seat 8: Alameda22 folded before Flop (didn't bet)
Seat 9: Cijpher folded before Flop (didn't bet)



PokerStars Game #20095096733:  Hold'em No Limit ($0.10/$0.25) - 2008/09/02 15:03:10 ET
Table 'Hyperion' 9-max Seat #3 is the button
Seat 1: zookmachine ($38.30 in chips) 
Seat 2: mcdougal2 ($23.20 in chips) 
Seat 3: irkus ($4.65 in chips) 
Seat 4: wasserss ($4.40 in chips) 
Seat 5: Superfonsi ($24.65 in chips) 
Seat 7: nuroKK ($26.15 in chips) 
Seat 8: Alameda22 ($23.75 in chips) 
Seat 9: Cijpher ($27.10 in chips) 
wasserss: posts small blind $0.10
Superfonsi: posts big blind $0.25
*** HOLE CARDS ***
Dealt to Alameda22 [Tc Ks]
nuroKK: folds 
Alameda22: folds 
Cijpher: folds 
zookmachine: raises $1 to $1.25
mcdougal2: folds 
irkus: folds 
FRUSBERKITH joins the table at seat #6 
wasserss: folds 
Superfonsi: folds 
Uncalled bet ($1) returned to zookmachine
zookmachine collected $0.60 from pot
zookmachine: doesn't show hand 
*** SUMMARY ***
Total pot $0.60 | Rake $0 
Seat 1: zookmachine collected ($0.60)
Seat 2: mcdougal2 folded before Flop (didn't bet)
Seat 3: irkus (button) folded before Flop (didn't bet)
Seat 4: wasserss (small blind) folded before Flop
Seat 5: Superfonsi (big blind) folded before Flop
Seat 7: nuroKK folded before Flop (didn't bet)
Seat 8: Alameda22 folded before Flop (didn't bet)
Seat 9: Cijpher folded before Flop (didn't bet)



PokerStars Game #20095113107:  Hold'em No Limit ($0.10/$0.25) - 2008/09/02 15:03:48 ET
Table 'Hyperion' 9-max Seat #4 is the button
Seat 1: zookmachine ($38.65 in chips) 
Seat 2: mcdougal2 ($23.20 in chips) 
Seat 3: irkus ($4.65 in chips) 
Seat 4: wasserss ($4.30 in chips) 
Seat 5: Superfonsi ($24.40 in chips) 
Seat 6: FRUSBERKITH ($5 in chips) 
Seat 7: nuroKK ($26.15 in chips) 
Seat 8: Alameda22 ($23.75 in chips) 
Seat 9: Cijpher ($27.10 in chips) 
Superfonsi: posts small blind $0.10
FRUSBERKITH: posts big blind $0.25
*** HOLE CARDS ***
Dealt to Alameda22 [3h Qh]
nuroKK: folds 
nuroKK is sitting out
Alameda22: folds 
Cijpher: calls $0.25
zookmachine: folds 
mcdougal2: folds 
irkus: folds 
wasserss: folds 
Superfonsi: folds 
FRUSBERKITH: checks 
*** FLOP *** [5c 8s Td]
Superfonsi leaves the table
FRUSBERKITH: checks 
Cijpher: bets $0.25
FRUSBERKITH: folds 
Uncalled bet ($0.25) returned to Cijpher
Cijpher collected $0.60 from pot
Cijpher: doesn't show hand 
Maggy54 joins the table at seat #5 
*** SUMMARY ***
Total pot $0.60 | Rake $0 
Board [5c 8s Td]
Seat 1: zookmachine folded before Flop (didn't bet)
Seat 2: mcdougal2 folded before Flop (didn't bet)
Seat 3: irkus folded before Flop (didn't bet)
Seat 4: wasserss (button) folded before Flop (didn't bet)
Seat 5: Superfonsi (small blind) folded before Flop
Seat 6: FRUSBERKITH (big blind) folded on the Flop
Seat 7: nuroKK folded before Flop (didn't bet)
Seat 8: Alameda22 folded before Flop (didn't bet)
Seat 9: Cijpher collected ($0.60)



PokerStars Game #20095132162:  Hold'em No Limit ($0.10/$0.25) - 2008/09/02 15:04:33 ET
Table 'Hyperion' 9-max Seat #6 is the button
Seat 1: zookmachine ($38.65 in chips) 
Seat 2: mcdougal2 ($23.20 in chips) 
Seat 3: irkus ($4.65 in chips) 
Seat 4: wasserss ($4.30 in chips) 
Seat 6: FRUSBERKITH ($4.75 in chips) 
Seat 8: Alameda22 ($23.75 in chips) 
Seat 9: Cijpher ($27.45 in chips) 
Alameda22: posts small blind $0.10
Cijpher: posts big blind $0.25
Maggy54: sits out 
*** HOLE CARDS ***
Dealt to Alameda22 [9s 8h]
zookmachine: raises $1.25 to $1.50
mcdougal2: folds 
irkus: folds 
wasserss: folds 
FRUSBERKITH: folds 
Alameda22: folds 
Cijpher: folds 
Uncalled bet ($1.25) returned to zookmachine
zookmachine collected $0.60 from pot
zookmachine: doesn't show hand 
*** SUMMARY ***
Total pot $0.60 | Rake $0 
Seat 1: zookmachine collected ($0.60)
Seat 2: mcdougal2 folded before Flop (didn't bet)
Seat 3: irkus folded before Flop (didn't bet)
Seat 4: wasserss folded before Flop (didn't bet)
Seat 6: FRUSBERKITH (button) folded before Flop (didn't bet)
Seat 8: Alameda22 (small blind) folded before Flop
Seat 9: Cijpher (big blind) folded before Flop



PokerStars Game #20095146510:  Hold'em No Limit ($0.10/$0.25) - 2008/09/02 15:05:07 ET
Table 'Hyperion' 9-max Seat #8 is the button
Seat 1: zookmachine ($39 in chips) 
Seat 2: mcdougal2 ($23.20 in chips) 
Seat 3: irkus ($4.65 in chips) 
Seat 4: wasserss ($4.30 in chips) 
Seat 6: FRUSBERKITH ($4.75 in chips) 
Seat 8: Alameda22 ($23.65 in chips) 
Seat 9: Cijpher ($27.20 in chips) 
Cijpher: posts small blind $0.10
zookmachine: posts big blind $0.25
Maggy54: sits out 
*** HOLE CARDS ***
Dealt to Alameda22 [9d 9h]
mcdougal2: folds 
irkus: folds 
wasserss: folds 
FRUSBERKITH: folds 
Alameda22: raises $0.75 to $1
Cijpher: folds 
zookmachine: folds 
Uncalled bet ($0.75) returned to Alameda22
Alameda22 collected $0.60 from pot
Alameda22: doesn't show hand 
*** SUMMARY ***
Total pot $0.60 | Rake $0 
Seat 1: zookmachine (big blind) folded before Flop
Seat 2: mcdougal2 folded before Flop (didn't bet)
Seat 3: irkus folded before Flop (didn't bet)
Seat 4: wasserss folded before Flop (didn't bet)
Seat 6: FRUSBERKITH folded before Flop (didn't bet)
Seat 8: Alameda22 (button) collected ($0.60)
Seat 9: Cijpher (small blind) folded before Flop



PokerStars Game #20095158734:  Hold'em No Limit ($0.10/$0.25) - 2008/09/02 15:05:36 ET
Table 'Hyperion' 9-max Seat #9 is the button
Seat 1: zookmachine ($38.75 in chips) 
Seat 2: mcdougal2 ($23.20 in chips) 
Seat 3: irkus ($4.65 in chips) 
Seat 4: wasserss ($4.30 in chips) 
Seat 6: FRUSBERKITH ($4.75 in chips) 
Seat 8: Alameda22 ($24 in chips) 
Seat 9: Cijpher ($27.10 in chips) 
zookmachine: posts small blind $0.10
mcdougal2: posts big blind $0.25
Maggy54: sits out 
*** HOLE CARDS ***
Dealt to Alameda22 [2c 4d]
irkus: folds 
wasserss: folds 
FRUSBERKITH: folds 
Alameda22: folds 
Cijpher: folds 
zookmachine: calls $0.15
mcdougal2: checks 
*** FLOP *** [4s 5h 2s]
zookmachine: checks 
mcdougal2: checks 
*** TURN *** [4s 5h 2s] [7d]
zookmachine: checks 
mcdougal2: checks 
*** RIVER *** [4s 5h 2s 7d] [5c]
zookmachine: checks 
mcdougal2: bets $0.25
zookmachine: folds 
Uncalled bet ($0.25) returned to mcdougal2
mcdougal2 collected $0.50 from pot
mcdougal2: doesn't show hand 
*** SUMMARY ***
Total pot $0.50 | Rake $0 
Board [4s 5h 2s 7d 5c]
Seat 1: zookmachine (small blind) folded on the River
Seat 2: mcdougal2 (big blind) collected ($0.50)
Seat 3: irkus folded before Flop (didn't bet)
Seat 4: wasserss folded before Flop (didn't bet)
Seat 6: FRUSBERKITH folded before Flop (didn't bet)
Seat 8: Alameda22 folded before Flop (didn't bet)
Seat 9: Cijpher (button) folded before Flop (didn't bet)



PokerStars Game #20095184678:  Hold'em No Limit ($0.10/$0.25) - 2008/09/02 15:06:38 ET
Table 'Hyperion' 9-max Seat #1 is the button
Seat 1: zookmachine ($38.50 in chips) 
Seat 2: mcdougal2 ($23.45 in chips) 
Seat 3: irkus ($4.65 in chips) 
Seat 4: wasserss ($4.30 in chips) 
Seat 6: FRUSBERKITH ($4.75 in chips) 
Seat 8: Alameda22 ($24 in chips) 
Seat 9: Cijpher ($27.10 in chips) 
mcdougal2: posts small blind $0.10
irkus: posts big blind $0.25
Maggy54: sits out 
*** HOLE CARDS ***
Dealt to Alameda22 [5s Ac]
wasserss: folds 
FRUSBERKITH: folds 
Alameda22: folds 
Cijpher: folds 
zookmachine: raises $1.25 to $1.50
mcdougal2: folds 
irkus: folds 
Uncalled bet ($1.25) returned to zookmachine
zookmachine collected $0.60 from pot
zookmachine: doesn't show hand 
*** SUMMARY ***
Total pot $0.60 | Rake $0 
Seat 1: zookmachine (button) collected ($0.60)
Seat 2: mcdougal2 (small blind) folded before Flop
Seat 3: irkus (big blind) folded before Flop
Seat 4: wasserss folded before Flop (didn't bet)
Seat 6: FRUSBERKITH folded before Flop (didn't bet)
Seat 8: Alameda22 folded before Flop (didn't bet)
Seat 9: Cijpher folded before Flop (didn't bet)



PokerStars Game #20095204519:  Hold'em No Limit ($0.10/$0.25) - 2008/09/02 15:07:24 ET
Table 'Hyperion' 9-max Seat #2 is the button
Seat 1: zookmachine ($38.85 in chips) 
Seat 2: mcdougal2 ($23.35 in chips) 
Seat 3: irkus ($4.40 in chips) 
Seat 4: wasserss ($4.30 in chips) 
Seat 6: FRUSBERKITH ($4.75 in chips) 
Seat 8: Alameda22 ($24 in chips) 
Seat 9: Cijpher ($27.10 in chips) 
irkus: posts small blind $0.10
wasserss: posts big blind $0.25
Maggy54: sits out 
*** HOLE CARDS ***
Dealt to Alameda22 [5d Qd]
FRUSBERKITH: calls $0.25
Alameda22: folds 
Cijpher: folds 
zookmachine: raises $1 to $1.25
mcdougal2: folds 
irkus: folds 
wasserss: folds 
FRUSBERKITH: calls $1
*** FLOP *** [Kc Qs 5h]
FRUSBERKITH: checks 
zookmachine: bets $3
FRUSBERKITH: folds 
Uncalled bet ($3) returned to zookmachine
zookmachine collected $2.75 from pot
zookmachine: doesn't show hand 
*** SUMMARY ***
Total pot $2.85 | Rake $0.10 
Board [Kc Qs 5h]
Seat 1: zookmachine collected ($2.75)
Seat 2: mcdougal2 (button) folded before Flop (didn't bet)
Seat 3: irkus (small blind) folded before Flop
Seat 4: wasserss (big blind) folded before Flop
Seat 6: FRUSBERKITH folded on the Flop
Seat 8: Alameda22 folded before Flop (didn't bet)
Seat 9: Cijpher folded before Flop (didn't bet)



PokerStars Game #20095227409:  Hold'em No Limit ($0.10/$0.25) - 2008/09/02 15:08:18 ET
Table 'Hyperion' 9-max Seat #3 is the button
Seat 1: zookmachine ($40.35 in chips) 
Seat 2: mcdougal2 ($23.35 in chips) 
Seat 3: irkus ($4.30 in chips) 
Seat 4: wasserss ($4.05 in chips) 
Seat 5: Maggy54 ($5 in chips) 
Seat 6: FRUSBERKITH ($3.50 in chips) 
Seat 8: Alameda22 ($24 in chips) 
Seat 9: Cijpher ($27.10 in chips) 
wasserss: posts small blind $0.10
Maggy54: posts big blind $0.25
*** HOLE CARDS ***
Dealt to Alameda22 [9d 2c]
FRUSBERKITH: folds 
Alameda22: folds 
Cijpher: folds 
zookmachine: folds 
mcdougal2: raises $0.25 to $0.50
irkus: folds 
wasserss: folds 
Maggy54: folds 
Uncalled bet ($0.25) returned to mcdougal2
mcdougal2 collected $0.60 from pot
mcdougal2: doesn't show hand 
*** SUMMARY ***
Total pot $0.60 | Rake $0 
Seat 1: zookmachine folded before Flop (didn't bet)
Seat 2: mcdougal2 collected ($0.60)
Seat 3: irkus (button) folded before Flop (didn't bet)
Seat 4: wasserss (small blind) folded before Flop
Seat 5: Maggy54 (big blind) folded before Flop
Seat 6: FRUSBERKITH folded before Flop (didn't bet)
Seat 8: Alameda22 folded before Flop (didn't bet)
Seat 9: Cijpher folded before Flop (didn't bet)



PokerStars Game #20095240103:  Hold'em No Limit ($0.10/$0.25) - 2008/09/02 15:08:49 ET
Table 'Hyperion' 9-max Seat #4 is the button
Seat 1: zookmachine ($40.35 in chips) 
Seat 2: mcdougal2 ($23.70 in chips) 
Seat 3: irkus ($4.30 in chips) 
Seat 4: wasserss ($3.95 in chips) 
Seat 5: Maggy54 ($4.75 in chips) 
Seat 6: FRUSBERKITH ($3.50 in chips) 
Seat 8: Alameda22 ($24 in chips) 
Seat 9: Cijpher ($27.10 in chips) 
Maggy54: posts small blind $0.10
FRUSBERKITH: posts big blind $0.25
*** HOLE CARDS ***
Dealt to Alameda22 [8d Jc]
Alameda22: folds 
Cijpher: calls $0.25
zookmachine: raises $1.05 to $1.30
mcdougal2: folds 
irkus: folds 
wasserss: folds 
Maggy54: folds 
FRUSBERKITH: folds 
Cijpher: folds 
Uncalled bet ($1.05) returned to zookmachine
zookmachine collected $0.85 from pot
zookmachine: doesn't show hand 
*** SUMMARY ***
Total pot $0.85 | Rake $0 
Seat 1: zookmachine collected ($0.85)
Seat 2: mcdougal2 folded before Flop (didn't bet)
Seat 3: irkus folded before Flop (didn't bet)
Seat 4: wasserss (button) folded before Flop (didn't bet)
Seat 5: Maggy54 (small blind) folded before Flop
Seat 6: FRUSBERKITH (big blind) folded before Flop
Seat 8: Alameda22 folded before Flop (didn't bet)
Seat 9: Cijpher folded before Flop



PokerStars Game #20095261267:  Hold'em No Limit ($0.10/$0.25) - 2008/09/02 15:09:39 ET
Table 'Hyperion' 9-max Seat #5 is the button
Seat 1: zookmachine ($40.95 in chips) 
Seat 2: mcdougal2 ($23.70 in chips) 
Seat 3: irkus ($4.30 in chips) 
Seat 4: wasserss ($3.95 in chips) 
Seat 5: Maggy54 ($4.65 in chips) 
Seat 6: FRUSBERKITH ($3.25 in chips) 
Seat 8: Alameda22 ($24 in chips) 
Seat 9: Cijpher ($26.85 in chips) 
FRUSBERKITH: posts small blind $0.10
Alameda22: posts big blind $0.25
*** HOLE CARDS ***
Dealt to Alameda22 [9h 4s]
Cijpher: folds 
zookmachine: folds 
mcdougal2: folds 
irkus: folds 
wasserss: folds 
Maggy54: folds 
FRUSBERKITH: folds 
Uncalled bet ($0.15) returned to Alameda22
Alameda22 collected $0.20 from pot
Alameda22: doesn't show hand 
*** SUMMARY ***
Total pot $0.20 | Rake $0 
Seat 1: zookmachine folded before Flop (didn't bet)
Seat 2: mcdougal2 folded before Flop (didn't bet)
Seat 3: irkus folded before Flop (didn't bet)
Seat 4: wasserss folded before Flop (didn't bet)
Seat 5: Maggy54 (button) folded before Flop (didn't bet)
Seat 6: FRUSBERKITH (small blind) folded before Flop
Seat 8: Alameda22 (big blind) collected ($0.20)
Seat 9: Cijpher folded before Flop (didn't bet)



PokerStars Game #20095271440:  Hold'em No Limit ($0.10/$0.25) - 2008/09/02 15:10:04 ET
Table 'Hyperion' 9-max Seat #6 is the button
Seat 1: zookmachine ($40.95 in chips) 
Seat 2: mcdougal2 ($23.70 in chips) 
Seat 3: irkus ($4.30 in chips) 
Seat 4: wasserss ($3.95 in chips) 
Seat 5: Maggy54 ($4.65 in chips) 
Seat 6: FRUSBERKITH ($3.15 in chips) 
Seat 8: Alameda22 ($24.10 in chips) 
Seat 9: Cijpher ($26.85 in chips) 
Alameda22: posts small blind $0.10
Cijpher: posts big blind $0.25
*** HOLE CARDS ***
Dealt to Alameda22 [Td Qs]
zookmachine has timed out
zookmachine: folds 
zookmachine is sitting out
mcdougal2: calls $0.25
irkus: folds 
zookmachine has returned
wasserss: folds 
Maggy54: folds 
FRUSBERKITH: folds 
Alameda22: folds 
Cijpher: checks 
*** FLOP *** [3c Jd 4c]
Cijpher: checks 
mcdougal2: checks 
*** TURN *** [3c Jd 4c] [Tc]
Cijpher: checks 
mcdougal2: checks 
*** RIVER *** [3c Jd 4c Tc] [Kc]
Cijpher: bets $0.25
mcdougal2: folds 
Uncalled bet ($0.25) returned to Cijpher
Cijpher collected $0.60 from pot
*** SUMMARY ***
Total pot $0.60 | Rake $0 
Board [3c Jd 4c Tc Kc]
Seat 1: zookmachine folded before Flop (didn't bet)
Seat 2: mcdougal2 folded on the River
Seat 3: irkus folded before Flop (didn't bet)
Seat 4: wasserss folded before Flop (didn't bet)
Seat 5: Maggy54 folded before Flop (didn't bet)
Seat 6: FRUSBERKITH (button) folded before Flop (didn't bet)
Seat 8: Alameda22 (small blind) folded before Flop
Seat 9: Cijpher (big blind) collected ($0.60)



PokerStars Game #20095310391:  Hold'em No Limit ($0.10/$0.25) - 2008/09/02 15:11:38 ET
Table 'Hyperion' 9-max Seat #8 is the button
Seat 1: zookmachine ($40.95 in chips) 
Seat 2: mcdougal2 ($23.45 in chips) 
Seat 3: irkus ($4.30 in chips) 
Seat 4: wasserss ($3.95 in chips) 
Seat 5: Maggy54 ($4.65 in chips) 
Seat 6: FRUSBERKITH ($3.15 in chips) 
Seat 8: Alameda22 ($24 in chips) 
Seat 9: Cijpher ($27.20 in chips) 
Cijpher: posts small blind $0.10
zookmachine: posts big blind $0.25
*** HOLE CARDS ***
Dealt to Alameda22 [5s 6d]
mcdougal2: calls $0.25
irkus: folds 
wasserss: folds 
Maggy54: folds 
FRUSBERKITH: folds 
Alameda22: folds 
Cijpher: calls $0.15
zookmachine: checks 
*** FLOP *** [Qs Js 8h]
Cijpher: checks 
zookmachine: bets $1.50
mcdougal2: folds 
Cijpher: folds 
Uncalled bet ($1.50) returned to zookmachine
irkus leaves the table
zookmachine collected $0.75 from pot
zookmachine: doesn't show hand 
*** SUMMARY ***
Total pot $0.75 | Rake $0 
Board [Qs Js 8h]
Seat 1: zookmachine (big blind) collected ($0.75)
Seat 2: mcdougal2 folded on the Flop
Seat 3: irkus folded before Flop (didn't bet)
Seat 4: wasserss folded before Flop (didn't bet)
Seat 5: Maggy54 folded before Flop (didn't bet)
Seat 6: FRUSBERKITH folded before Flop (didn't bet)
Seat 8: Alameda22 (button) folded before Flop (didn't bet)
Seat 9: Cijpher (small blind) folded on the Flop



PokerStars Game #20095338114:  Hold'em No Limit ($0.10/$0.25) - 2008/09/02 15:12:45 ET
Table 'Hyperion' 9-max Seat #9 is the button
Seat 1: zookmachine ($41.45 in chips) 
Seat 2: mcdougal2 ($23.20 in chips) 
Seat 4: wasserss ($3.95 in chips) 
Seat 5: Maggy54 ($4.65 in chips) 
Seat 6: FRUSBERKITH ($3.15 in chips) 
Seat 8: Alameda22 ($24 in chips) 
Seat 9: Cijpher ($26.95 in chips) 
zookmachine: posts small blind $0.10
mcdougal2: posts big blind $0.25
*** HOLE CARDS ***
Dealt to Alameda22 [Ts 5s]
wasserss: folds 
Maggy54: folds 
FRUSBERKITH: folds 
Alameda22: folds 
Cijpher: folds 
zookmachine: raises $1.25 to $1.50
mcdougal2: folds 
Uncalled bet ($1.25) returned to zookmachine
zookmachine collected $0.50 from pot
zookmachine: doesn't show hand 
*** SUMMARY ***
Total pot $0.50 | Rake $0 
Seat 1: zookmachine (small blind) collected ($0.50)
Seat 2: mcdougal2 (big blind) folded before Flop
Seat 4: wasserss folded before Flop (didn't bet)
Seat 5: Maggy54 folded before Flop (didn't bet)
Seat 6: FRUSBERKITH folded before Flop (didn't bet)
Seat 8: Alameda22 folded before Flop (didn't bet)
Seat 9: Cijpher (button) folded before Flop (didn't bet)



PokerStars Game #20095353692:  Hold'em No Limit ($0.10/$0.25) - 2008/09/02 15:13:22 ET
Table 'Hyperion' 9-max Seat #1 is the button
Seat 1: zookmachine ($41.70 in chips) 
Seat 2: mcdougal2 ($22.95 in chips) 
Seat 5: Maggy54 ($4.65 in chips) 
Seat 6: FRUSBERKITH ($3.15 in chips) 
Seat 8: Alameda22 ($24 in chips) 
Seat 9: Cijpher ($26.95 in chips) 
mcdougal2: posts small blind $0.10
Wetcirc1e joins the table at seat #3 
wasserss: is sitting out 
wasserss leaves the table
Maggy54: posts big blind $0.25
*** HOLE CARDS ***
Dealt to Alameda22 [8h 6d]
FRUSBERKITH: raises $0.50 to $0.75
Alameda22: folds 
Cijpher: folds 
zookmachine: raises $1.25 to $2
mcdougal2: folds 
Maggy54: folds 
FRUSBERKITH: calls $1.25
*** FLOP *** [Js 7d 2h]
FRUSBERKITH: checks 
nuroKK has returned
zookmachine: bets $1.15
FRUSBERKITH: calls $1.15 and is all-in
*** TURN *** [Js 7d 2h] [4c]
*** RIVER *** [Js 7d 2h 4c] [9c]
*** SHOW DOWN ***
FRUSBERKITH: shows [Qc Kh] (high card King)
zookmachine: shows [7s Jh] (two pair, Jacks and Sevens)
zookmachine collected $6.35 from pot
FRUSBERKITH is sitting out
FRUSBERKITH leaves the table
*** SUMMARY ***
Total pot $6.65 | Rake $0.30 
Board [Js 7d 2h 4c 9c]
Seat 1: zookmachine (button) showed [7s Jh] and won ($6.35) with two pair, Jacks and Sevens
Seat 2: mcdougal2 (small blind) folded before Flop
Seat 5: Maggy54 (big blind) folded before Flop
Seat 6: FRUSBERKITH showed [Qc Kh] and lost with high card King
Seat 8: Alameda22 folded before Flop (didn't bet)
Seat 9: Cijpher folded before Flop (didn't bet)



PokerStars Game #20095379842:  Hold'em No Limit ($0.10/$0.25) - 2008/09/02 15:14:25 ET
Table 'Hyperion' 9-max Seat #2 is the button
Seat 1: zookmachine ($44.90 in chips) 
Seat 2: mcdougal2 ($22.85 in chips) 
Seat 5: Maggy54 ($4.40 in chips) 
Seat 7: nuroKK ($26.15 in chips) 
Seat 8: Alameda22 ($24 in chips) 
Seat 9: Cijpher ($26.95 in chips) 
Wetcirc1e will be allowed to play after the button
Maggy54: posts small blind $0.10
nuroKK: posts big blind $0.25
*** HOLE CARDS ***
Dealt to Alameda22 [6d 3h]
Alameda22: folds 
Cijpher: calls $0.25
zookmachine: raises $1.50 to $1.75
mcdougal2: folds 
Maggy54: folds 
nuroKK: folds 
Cijpher: calls $1.50
*** FLOP *** [9d Jc 7d]
CeeBiscuit joins the table at seat #6 
Cijpher: bets $4
zookmachine: folds 
Uncalled bet ($4) returned to Cijpher
Cijpher collected $3.70 from pot
Cijpher: doesn't show hand 
*** SUMMARY ***
Total pot $3.85 | Rake $0.15 
Board [9d Jc 7d]
Seat 1: zookmachine folded on the Flop
Seat 2: mcdougal2 (button) folded before Flop (didn't bet)
Seat 5: Maggy54 (small blind) folded before Flop
Seat 7: nuroKK (big blind) folded before Flop
Seat 8: Alameda22 folded before Flop (didn't bet)
Seat 9: Cijpher collected ($3.70)



PokerStars Game #20095399112:  Hold'em No Limit ($0.10/$0.25) - 2008/09/02 15:15:16 ET
Table 'Hyperion' 9-max Seat #5 is the button
Seat 1: zookmachine ($43.15 in chips) 
Seat 2: mcdougal2 ($22.85 in chips) 
Seat 5: Maggy54 ($4.30 in chips) 
Seat 7: nuroKK ($25.90 in chips) 
Seat 8: Alameda22 ($24 in chips) 
Seat 9: Cijpher ($28.90 in chips) 
CeeBiscuit will be allowed to play after the button
nuroKK: posts small blind $0.10
Alameda22: posts big blind $0.25
Wetcirc1e: sits out 
*** HOLE CARDS ***
Dealt to Alameda22 [8s 5h]
Cijpher: folds 
zookmachine: folds 
mcdougal2: folds 
Maggy54: folds 
nuroKK: folds 
Uncalled bet ($0.15) returned to Alameda22
Alameda22 collected $0.20 from pot
Alameda22: doesn't show hand 
*** SUMMARY ***
Total pot $0.20 | Rake $0 
Seat 1: zookmachine folded before Flop (didn't bet)
Seat 2: mcdougal2 folded before Flop (didn't bet)
Seat 5: Maggy54 (button) folded before Flop (didn't bet)
Seat 7: nuroKK (small blind) folded before Flop
Seat 8: Alameda22 (big blind) collected ($0.20)
Seat 9: Cijpher folded before Flop (didn't bet)



PokerStars Game #20095409685:  Hold'em No Limit ($0.10/$0.25) - 2008/09/02 15:15:42 ET
Table 'Hyperion' 9-max Seat #7 is the button
Seat 1: zookmachine ($43.15 in chips) 
Seat 2: mcdougal2 ($22.85 in chips) 
Seat 5: Maggy54 ($4.30 in chips) 
Seat 7: nuroKK ($25.80 in chips) 
Seat 8: Alameda22 ($24.10 in chips) 
Seat 9: Cijpher ($28.90 in chips) 
Alameda22: posts small blind $0.10
Cijpher: posts big blind $0.25
Wetcirc1e: sits out 
CeeBiscuit: sits out 
*** HOLE CARDS ***
Dealt to Alameda22 [Ac 6c]
Nordbergo joins the table at seat #4 
zookmachine: raises $1.25 to $1.50
mcdougal2: calls $1.50
Maggy54: folds 
nuroKK: folds 
Alameda22: folds 
Cijpher: folds 
*** FLOP *** [Kc Qc 4d]
zookmachine: bets $4
mcdougal2: folds 
Uncalled bet ($4) returned to zookmachine
zookmachine collected $3.20 from pot
zookmachine: doesn't show hand 
*** SUMMARY ***
Total pot $3.35 | Rake $0.15 
Board [Kc Qc 4d]
Seat 1: zookmachine collected ($3.20)
Seat 2: mcdougal2 folded on the Flop
Seat 5: Maggy54 folded before Flop (didn't bet)
Seat 7: nuroKK (button) folded before Flop (didn't bet)
Seat 8: Alameda22 (small blind) folded before Flop
Seat 9: Cijpher (big blind) folded before Flop



PokerStars Game #20095435160:  Hold'em No Limit ($0.10/$0.25) - 2008/09/02 15:16:42 ET
Table 'Hyperion' 9-max Seat #8 is the button
Seat 1: zookmachine ($44.85 in chips) 
Seat 2: mcdougal2 ($25 in chips) 
Seat 5: Maggy54 ($4.30 in chips) 
Seat 7: nuroKK ($25.80 in chips) 
Seat 8: Alameda22 ($24 in chips) 
Seat 9: Cijpher ($28.65 in chips) 
Cijpher: posts small blind $0.10
zookmachine: posts big blind $0.25
Wetcirc1e: sits out 
Nordbergo: sits out 
CeeBiscuit: sits out 
*** HOLE CARDS ***
Dealt to Alameda22 [8s 9s]
mcdougal2: raises $0.25 to $0.50
Maggy54: folds 
nuroKK: folds 
Alameda22: calls $0.50
Cijpher: folds 
zookmachine: folds 
*** FLOP *** [Kh 4h 7s]
mcdougal2: checks 
Alameda22: checks 
*** TURN *** [Kh 4h 7s] [9c]
mcdougal2: checks 
Alameda22: checks 
*** RIVER *** [Kh 4h 7s 9c] [7h]
mcdougal2: checks 
Alameda22: checks 
*** SHOW DOWN ***
mcdougal2: shows [Ts Qs] (a pair of Sevens)
Alameda22: shows [8s 9s] (two pair, Nines and Sevens)
Alameda22 collected $1.30 from pot
*** SUMMARY ***
Total pot $1.35 | Rake $0.05 
Board [Kh 4h 7s 9c 7h]
Seat 1: zookmachine (big blind) folded before Flop
Seat 2: mcdougal2 showed [Ts Qs] and lost with a pair of Sevens
Seat 5: Maggy54 folded before Flop (didn't bet)
Seat 7: nuroKK folded before Flop (didn't bet)
Seat 8: Alameda22 (button) showed [8s 9s] and won ($1.30) with two pair, Nines and Sevens
Seat 9: Cijpher (small blind) folded before Flop



PokerStars Game #20095465518:  Hold'em No Limit ($0.10/$0.25) - 2008/09/02 15:17:55 ET
Table 'Hyperion' 9-max Seat #9 is the button
Seat 1: zookmachine ($44.60 in chips) 
Seat 2: mcdougal2 ($24.50 in chips) 
Seat 5: Maggy54 ($4.30 in chips) 
Seat 7: nuroKK ($25.80 in chips) 
Seat 8: Alameda22 ($24.80 in chips) 
Seat 9: Cijpher ($28.55 in chips) 
zookmachine: posts small blind $0.10
mcdougal2: posts big blind $0.25
Wetcirc1e: sits out 
Nordbergo: sits out 
CeeBiscuit: sits out 
*** HOLE CARDS ***
Dealt to Alameda22 [Tc 9s]
Maggy54: folds 
nuroKK: folds 
Alameda22: folds 
Cijpher: folds 
zookmachine: raises $1.25 to $1.50
mcdougal2: folds 
Uncalled bet ($1.25) returned to zookmachine
zookmachine collected $0.50 from pot
*** SUMMARY ***
Total pot $0.50 | Rake $0 
Seat 1: zookmachine (small blind) collected ($0.50)
Seat 2: mcdougal2 (big blind) folded before Flop
Seat 5: Maggy54 folded before Flop (didn't bet)
Seat 7: nuroKK folded before Flop (didn't bet)
Seat 8: Alameda22 folded before Flop (didn't bet)
Seat 9: Cijpher (button) folded before Flop (didn't bet)



PokerStars Game #20095478283:  Hold'em No Limit ($0.10/$0.25) - 2008/09/02 15:18:25 ET
Table 'Hyperion' 9-max Seat #1 is the button
Seat 1: zookmachine ($44.85 in chips) 
Seat 2: mcdougal2 ($24.25 in chips) 
Seat 3: Wetcirc1e ($15 in chips) 
Seat 5: Maggy54 ($4.30 in chips) 
Seat 7: nuroKK ($25.80 in chips) 
Seat 8: Alameda22 ($24.80 in chips) 
Seat 9: Cijpher ($28.55 in chips) 
mcdougal2: posts small blind $0.10
Wetcirc1e: posts big blind $0.25
Nordbergo: sits out 
CeeBiscuit: sits out 
*** HOLE CARDS ***
Dealt to Alameda22 [4s Qc]
Maggy54: folds 
nuroKK: folds 
Alameda22: folds 
Cijpher: folds 
zookmachine: raises $1.25 to $1.50
mcdougal2: folds 
Wetcirc1e: folds 
Uncalled bet ($1.25) returned to zookmachine
zookmachine collected $0.60 from pot
zookmachine: doesn't show hand 
*** SUMMARY ***
Total pot $0.60 | Rake $0 
Seat 1: zookmachine (button) collected ($0.60)
Seat 2: mcdougal2 (small blind) folded before Flop
Seat 3: Wetcirc1e (big blind) folded before Flop
Seat 5: Maggy54 folded before Flop (didn't bet)
Seat 7: nuroKK folded before Flop (didn't bet)
Seat 8: Alameda22 folded before Flop (didn't bet)
Seat 9: Cijpher folded before Flop (didn't bet)



PokerStars Game #20095494208:  Hold'em No Limit ($0.10/$0.25) - 2008/09/02 15:19:03 ET
Table 'Hyperion' 9-max Seat #2 is the button
Seat 1: zookmachine ($45.20 in chips) 
Seat 2: mcdougal2 ($24.15 in chips) 
Seat 3: Wetcirc1e ($14.75 in chips) 
Seat 4: Nordbergo ($13 in chips) 
Seat 5: Maggy54 ($4.30 in chips) 
Seat 7: nuroKK ($25.80 in chips) 
Seat 8: Alameda22 ($24.80 in chips) 
Seat 9: Cijpher ($28.55 in chips) 
Wetcirc1e: posts small blind $0.10
Nordbergo: posts big blind $0.25
CeeBiscuit: sits out 
*** HOLE CARDS ***
Dealt to Alameda22 [7d Th]
Maggy54: folds 
nuroKK: folds 
Alameda22: folds 
Cijpher: folds 
zookmachine: raises $1.15 to $1.40
mcdougal2: folds 
Wetcirc1e: folds 
Nordbergo: folds 
Uncalled bet ($1.15) returned to zookmachine
zookmachine collected $0.60 from pot
zookmachine: doesn't show hand 
*** SUMMARY ***
Total pot $0.60 | Rake $0 
Seat 1: zookmachine collected ($0.60)
Seat 2: mcdougal2 (button) folded before Flop (didn't bet)
Seat 3: Wetcirc1e (small blind) folded before Flop
Seat 4: Nordbergo (big blind) folded before Flop
Seat 5: Maggy54 folded before Flop (didn't bet)
Seat 7: nuroKK folded before Flop (didn't bet)
Seat 8: Alameda22 folded before Flop (didn't bet)
Seat 9: Cijpher folded before Flop (didn't bet)



PokerStars Game #20095513724:  Hold'em No Limit ($0.10/$0.25) - 2008/09/02 15:19:50 ET
Table 'Hyperion' 9-max Seat #3 is the button
Seat 1: zookmachine ($45.55 in chips) 
Seat 2: mcdougal2 ($24.15 in chips) 
Seat 3: Wetcirc1e ($14.65 in chips) 
Seat 4: Nordbergo ($12.75 in chips) 
Seat 5: Maggy54 ($4.30 in chips) 
Seat 7: nuroKK ($25.80 in chips) 
Seat 8: Alameda22 ($24.80 in chips) 
Seat 9: Cijpher ($28.55 in chips) 
Nordbergo: posts small blind $0.10
Maggy54: posts big blind $0.25
CeeBiscuit: sits out 
*** HOLE CARDS ***
Dealt to Alameda22 [3d 2s]
nuroKK: raises $0.75 to $1
Alameda22: folds 
Cijpher: folds 
zookmachine: folds 
mcdougal2: folds 
Wetcirc1e: folds 
Nordbergo: folds 
Maggy54: folds 
Uncalled bet ($0.75) returned to nuroKK
nuroKK collected $0.60 from pot
nuroKK: doesn't show hand 
*** SUMMARY ***
Total pot $0.60 | Rake $0 
Seat 1: zookmachine folded before Flop (didn't bet)
Seat 2: mcdougal2 folded before Flop (didn't bet)
Seat 3: Wetcirc1e (button) folded before Flop (didn't bet)
Seat 4: Nordbergo (small blind) folded before Flop
Seat 5: Maggy54 (big blind) folded before Flop
Seat 7: nuroKK collected ($0.60)
Seat 8: Alameda22 folded before Flop (didn't bet)
Seat 9: Cijpher folded before Flop (didn't bet)



PokerStars Game #20095529744:  Hold'em No Limit ($0.10/$0.25) - 2008/09/02 15:20:29 ET
Table 'Hyperion' 9-max Seat #4 is the button
Seat 1: zookmachine ($45.55 in chips) 
Seat 2: mcdougal2 ($24.15 in chips) 
Seat 3: Wetcirc1e ($14.65 in chips) 
Seat 4: Nordbergo ($12.65 in chips) 
Seat 5: Maggy54 ($4.05 in chips) 
Seat 6: CeeBiscuit ($15 in chips) 
Seat 7: nuroKK ($26.15 in chips) 
Seat 8: Alameda22 ($24.80 in chips) 
Seat 9: Cijpher ($28.55 in chips) 
Maggy54: posts small blind $0.10
CeeBiscuit: posts big blind $0.25
*** HOLE CARDS ***
Dealt to Alameda22 [2d 3d]
nuroKK: folds 
Alameda22: folds 
Cijpher: raises $0.75 to $1
zookmachine: folds 
mcdougal2: folds 
Wetcirc1e: calls $1
Nordbergo: folds 
Maggy54: folds 
CeeBiscuit: folds 
*** FLOP *** [Jc Ah 5c]
Cijpher: bets $2.50
Wetcirc1e: folds 
Uncalled bet ($2.50) returned to Cijpher
Cijpher collected $2.25 from pot
Cijpher: shows [Ks Ac] (a pair of Aces)
*** SUMMARY ***
Total pot $2.35 | Rake $0.10 
Board [Jc Ah 5c]
Seat 1: zookmachine folded before Flop (didn't bet)
Seat 2: mcdougal2 folded before Flop (didn't bet)
Seat 3: Wetcirc1e folded on the Flop
Seat 4: Nordbergo (button) folded before Flop (didn't bet)
Seat 5: Maggy54 (small blind) folded before Flop
Seat 6: CeeBiscuit (big blind) folded before Flop
Seat 7: nuroKK folded before Flop (didn't bet)
Seat 8: Alameda22 folded before Flop (didn't bet)
Seat 9: Cijpher collected ($2.25)



PokerStars Game #20095549410:  Hold'em No Limit ($0.10/$0.25) - 2008/09/02 15:21:16 ET
Table 'Hyperion' 9-max Seat #5 is the button
Seat 1: zookmachine ($45.55 in chips) 
Seat 2: mcdougal2 ($24.15 in chips) 
Seat 3: Wetcirc1e ($13.65 in chips) 
Seat 4: Nordbergo ($12.65 in chips) 
Seat 5: Maggy54 ($3.95 in chips) 
Seat 6: CeeBiscuit ($14.75 in chips) 
Seat 7: nuroKK ($26.15 in chips) 
Seat 8: Alameda22 ($24.80 in chips) 
Seat 9: Cijpher ($29.80 in chips) 
CeeBiscuit: posts small blind $0.10
nuroKK: posts big blind $0.25
*** HOLE CARDS ***
Dealt to Alameda22 [5d Ac]
Alameda22: folds 
Cijpher: raises $0.75 to $1
zookmachine: raises $2 to $3
mcdougal2: folds 
Wetcirc1e: folds 
Nordbergo: folds 
Maggy54: folds 
CeeBiscuit: folds 
nuroKK: folds 
Cijpher: raises $26.80 to $29.80 and is all-in
zookmachine: folds 
Uncalled bet ($26.80) returned to Cijpher
Cijpher collected $6.35 from pot
Cijpher: doesn't show hand 
*** SUMMARY ***
Total pot $6.35 | Rake $0 
Seat 1: zookmachine folded before Flop
Seat 2: mcdougal2 folded before Flop (didn't bet)
Seat 3: Wetcirc1e folded before Flop (didn't bet)
Seat 4: Nordbergo folded before Flop (didn't bet)
Seat 5: Maggy54 (button) folded before Flop (didn't bet)
Seat 6: CeeBiscuit (small blind) folded before Flop
Seat 7: nuroKK (big blind) folded before Flop
Seat 8: Alameda22 folded before Flop (didn't bet)
Seat 9: Cijpher collected ($6.35)



PokerStars Game #20095581083:  Hold'em No Limit ($0.10/$0.25) - 2008/09/02 15:22:31 ET
Table 'Hyperion' 9-max Seat #6 is the button
Seat 1: zookmachine ($42.55 in chips) 
Seat 2: mcdougal2 ($24.15 in chips) 
Seat 3: Wetcirc1e ($13.65 in chips) 
Seat 4: Nordbergo ($12.65 in chips) 
Seat 5: Maggy54 ($3.95 in chips) 
Seat 6: CeeBiscuit ($14.65 in chips) 
Seat 7: nuroKK ($25.90 in chips) 
Seat 8: Alameda22 ($24.80 in chips) 
Seat 9: Cijpher ($33.15 in chips) 
nuroKK: posts small blind $0.10
Alameda22: posts big blind $0.25
*** HOLE CARDS ***
Dealt to Alameda22 [Td Ad]
Cijpher: folds 
zookmachine: raises $1.25 to $1.50
mcdougal2: folds 
Wetcirc1e: folds 
Nordbergo: folds 
Maggy54: folds 
CeeBiscuit: folds 
nuroKK: folds 
Alameda22: folds 
Uncalled bet ($1.25) returned to zookmachine
zookmachine collected $0.60 from pot
zookmachine: doesn't show hand 
*** SUMMARY ***
Total pot $0.60 | Rake $0 
Seat 1: zookmachine collected ($0.60)
Seat 2: mcdougal2 folded before Flop (didn't bet)
Seat 3: Wetcirc1e folded before Flop (didn't bet)
Seat 4: Nordbergo folded before Flop (didn't bet)
Seat 5: Maggy54 folded before Flop (didn't bet)
Seat 6: CeeBiscuit (button) folded before Flop (didn't bet)
Seat 7: nuroKK (small blind) folded before Flop
Seat 8: Alameda22 (big blind) folded before Flop
Seat 9: Cijpher folded before Flop (didn't bet)



PokerStars Game #20095602080:  Hold'em No Limit ($0.10/$0.25) - 2008/09/02 15:23:20 ET
Table 'Hyperion' 9-max Seat #7 is the button
Seat 1: zookmachine ($42.90 in chips) 
Seat 2: mcdougal2 ($24.15 in chips) 
Seat 3: Wetcirc1e ($13.65 in chips) 
Seat 4: Nordbergo ($12.65 in chips) 
Seat 5: Maggy54 ($3.95 in chips) 
Seat 6: CeeBiscuit ($14.65 in chips) 
Seat 7: nuroKK ($25.80 in chips) 
Seat 8: Alameda22 ($24.55 in chips) 
Seat 9: Cijpher ($33.15 in chips) 
Alameda22: posts small blind $0.10
Cijpher: posts big blind $0.25
*** HOLE CARDS ***
Dealt to Alameda22 [5c 2h]
zookmachine: raises $1.25 to $1.50
mcdougal2: folds 
Wetcirc1e: folds 
Nordbergo is disconnected 
Nordbergo is connected 
Nordbergo: folds 
Maggy54: folds 
CeeBiscuit: calls $1.50
nuroKK: folds 
Alameda22: folds 
Cijpher: folds 
*** FLOP *** [Ah 7h Tc]
zookmachine: checks 
CeeBiscuit: checks 
*** TURN *** [Ah 7h Tc] [9h]
zookmachine: bets $4
CeeBiscuit: calls $4
*** RIVER *** [Ah 7h Tc 9h] [9c]
zookmachine: bets $11
CeeBiscuit: folds 
Uncalled bet ($11) returned to zookmachine
zookmachine collected $10.80 from pot
zookmachine: shows [9d Jh] (three of a kind, Nines)
*** SUMMARY ***
Total pot $11.35 | Rake $0.55 
Board [Ah 7h Tc 9h 9c]
Seat 1: zookmachine collected ($10.80)
Seat 2: mcdougal2 folded before Flop (didn't bet)
Seat 3: Wetcirc1e folded before Flop (didn't bet)
Seat 4: Nordbergo folded before Flop (didn't bet)
Seat 5: Maggy54 folded before Flop (didn't bet)
Seat 6: CeeBiscuit folded on the River
Seat 7: nuroKK (button) folded before Flop (didn't bet)
Seat 8: Alameda22 (small blind) folded before Flop
Seat 9: Cijpher (big blind) folded before Flop



PokerStars Game #20095648024:  Hold'em No Limit ($0.10/$0.25) - 2008/09/02 15:25:08 ET
Table 'Hyperion' 9-max Seat #8 is the button
Seat 1: zookmachine ($48.20 in chips) 
Seat 2: mcdougal2 ($24.15 in chips) 
Seat 3: Wetcirc1e ($13.65 in chips) 
Seat 4: Nordbergo ($12.65 in chips) 
Seat 5: Maggy54 ($3.95 in chips) 
Seat 6: CeeBiscuit ($9.15 in chips) 
Seat 7: nuroKK ($25.80 in chips) 
Seat 8: Alameda22 ($24.45 in chips) 
Seat 9: Cijpher ($32.90 in chips) 
Cijpher: posts small blind $0.10
zookmachine: posts big blind $0.25
*** HOLE CARDS ***
Dealt to Alameda22 [Tc 5d]
mcdougal2: calls $0.25
Wetcirc1e: folds 
Nordbergo: folds 
Maggy54: folds 
CeeBiscuit: folds 
nuroKK: calls $0.25
Alameda22: folds 
Cijpher: folds 
Cijpher is sitting out
zookmachine: checks 
*** FLOP *** [6h Kh Qc]
zookmachine: folds 
mcdougal2: checks 
nuroKK: bets $0.50
mcdougal2: folds 
Uncalled bet ($0.50) returned to nuroKK
nuroKK collected $0.85 from pot
nuroKK: doesn't show hand 
*** SUMMARY ***
Total pot $0.85 | Rake $0 
Board [6h Kh Qc]
Seat 1: zookmachine (big blind) folded on the Flop
Seat 2: mcdougal2 folded on the Flop
Seat 3: Wetcirc1e folded before Flop (didn't bet)
Seat 4: Nordbergo folded before Flop (didn't bet)
Seat 5: Maggy54 folded before Flop (didn't bet)
Seat 6: CeeBiscuit folded before Flop (didn't bet)
Seat 7: nuroKK collected ($0.85)
Seat 8: Alameda22 (button) folded before Flop (didn't bet)
Seat 9: Cijpher (small blind) folded before Flop



PokerStars Game #20095672995:  Hold'em No Limit ($0.10/$0.25) - 2008/09/02 15:26:06 ET
Table 'Hyperion' 9-max Seat #1 is the button
Seat 1: zookmachine ($47.95 in chips) 
Seat 2: mcdougal2 ($23.90 in chips) 
Seat 3: Wetcirc1e ($13.65 in chips) 
Seat 4: Nordbergo ($12.65 in chips) 
Seat 5: Maggy54 ($3.95 in chips) 
Seat 6: CeeBiscuit ($9.15 in chips) 
Seat 7: nuroKK ($26.40 in chips) 
Seat 8: Alameda22 ($24.45 in chips) 
mcdougal2: posts small blind $0.10
Wetcirc1e: posts big blind $0.25
*** HOLE CARDS ***
Dealt to Alameda22 [2d Js]
Nordbergo: raises $0.25 to $0.50
Maggy54: folds 
CeeBiscuit: folds 
nuroKK: folds 
Alameda22: folds 
zookmachine: folds 
mcdougal2: calls $0.40
Wetcirc1e: calls $0.25
*** FLOP *** [9c Ac Th]
mcdougal2: bets $1.50
Wetcirc1e: folds 
Nordbergo: calls $1.50
*** TURN *** [9c Ac Th] [Qd]
mcdougal2: bets $3
Nordbergo: folds 
Uncalled bet ($3) returned to mcdougal2
mcdougal2 collected $4.30 from pot
mcdougal2: doesn't show hand 
*** SUMMARY ***
Total pot $4.50 | Rake $0.20 
Board [9c Ac Th Qd]
Seat 1: zookmachine (button) folded before Flop (didn't bet)
Seat 2: mcdougal2 (small blind) collected ($4.30)
Seat 3: Wetcirc1e (big blind) folded on the Flop
Seat 4: Nordbergo folded on the Turn
Seat 5: Maggy54 folded before Flop (didn't bet)
Seat 6: CeeBiscuit folded before Flop (didn't bet)
Seat 7: nuroKK folded before Flop (didn't bet)
Seat 8: Alameda22 folded before Flop (didn't bet)



PokerStars Game #20095702947:  Hold'em No Limit ($0.10/$0.25) - 2008/09/02 15:27:16 ET
Table 'Hyperion' 9-max Seat #2 is the button
Seat 1: zookmachine ($47.95 in chips) 
Seat 2: mcdougal2 ($26.20 in chips) 
Seat 3: Wetcirc1e ($13.15 in chips) 
Seat 4: Nordbergo ($10.65 in chips) 
Seat 5: Maggy54 ($3.95 in chips) 
Seat 6: CeeBiscuit ($9.15 in chips) 
Seat 7: nuroKK ($26.40 in chips) 
Seat 8: Alameda22 ($24.45 in chips) 
Wetcirc1e: posts small blind $0.10
Nordbergo: posts big blind $0.25
*** HOLE CARDS ***
Dealt to Alameda22 [Td 8d]
Maggy54: folds 
CeeBiscuit: folds 
nuroKK: folds 
Alameda22: folds 
zookmachine: folds 
mcdougal2: raises $0.25 to $0.50
Wetcirc1e: folds 
Nordbergo: folds 
Uncalled bet ($0.25) returned to mcdougal2
mcdougal2 collected $0.60 from pot
mcdougal2: doesn't show hand 
Cijpher has returned
*** SUMMARY ***
Total pot $0.60 | Rake $0 
Seat 1: zookmachine folded before Flop (didn't bet)
Seat 2: mcdougal2 (button) collected ($0.60)
Seat 3: Wetcirc1e (small blind) folded before Flop
Seat 4: Nordbergo (big blind) folded before Flop
Seat 5: Maggy54 folded before Flop (didn't bet)
Seat 6: CeeBiscuit folded before Flop (didn't bet)
Seat 7: nuroKK folded before Flop (didn't bet)
Seat 8: Alameda22 folded before Flop (didn't bet)



PokerStars Game #20095728440:  Hold'em No Limit ($0.10/$0.25) - 2008/09/02 15:28:16 ET
Table 'Hyperion' 9-max Seat #3 is the button
Seat 1: zookmachine ($47.95 in chips) 
Seat 2: mcdougal2 ($26.55 in chips) 
Seat 3: Wetcirc1e ($13.05 in chips) 
Seat 4: Nordbergo ($10.40 in chips) 
Seat 5: Maggy54 ($3.95 in chips) 
Seat 6: CeeBiscuit ($9.15 in chips) 
Seat 7: nuroKK ($26.40 in chips) 
Seat 8: Alameda22 ($24.45 in chips) 
Seat 9: Cijpher ($32.80 in chips) 
Nordbergo: posts small blind $0.10
Maggy54: posts big blind $0.25
*** HOLE CARDS ***
Dealt to Alameda22 [6c 4h]
CeeBiscuit: folds 
nuroKK: folds 
Alameda22: folds 
Cijpher: folds 
zookmachine: folds 
Cijpher leaves the table
mcdougal2: raises $0.25 to $0.50
Wetcirc1e: folds 
Nordbergo: folds 
Maggy54: folds 
Uncalled bet ($0.25) returned to mcdougal2
mcdougal2 collected $0.60 from pot
mcdougal2: doesn't show hand 
*** SUMMARY ***
Total pot $0.60 | Rake $0 
Seat 1: zookmachine folded before Flop (didn't bet)
Seat 2: mcdougal2 collected ($0.60)
Seat 3: Wetcirc1e (button) folded before Flop (didn't bet)
Seat 4: Nordbergo (small blind) folded before Flop
Seat 5: Maggy54 (big blind) folded before Flop
Seat 6: CeeBiscuit folded before Flop (didn't bet)
Seat 7: nuroKK folded before Flop (didn't bet)
Seat 8: Alameda22 folded before Flop (didn't bet)
Seat 9: Cijpher folded before Flop (didn't bet)



PokerStars Game #20095750722:  Hold'em No Limit ($0.10/$0.25) - 2008/09/02 15:29:08 ET
Table 'Hyperion' 9-max Seat #4 is the button
Seat 1: zookmachine ($47.95 in chips) 
Seat 2: mcdougal2 ($26.90 in chips) 
Seat 3: Wetcirc1e ($13.05 in chips) 
Seat 4: Nordbergo ($10.30 in chips) 
Seat 5: Maggy54 ($5.10 in chips) 
Seat 6: CeeBiscuit ($9.15 in chips) 
Seat 7: nuroKK ($26.40 in chips) 
Seat 8: Alameda22 ($24.45 in chips) 
Maggy54: posts small blind $0.10
CeeBiscuit: posts big blind $0.25
*** HOLE CARDS ***
Dealt to Alameda22 [5s 7s]
nuroKK: folds 
Alameda22: folds 
zookmachine: folds 
mcdougal2: calls $0.25
Wetcirc1e: folds 
Nordbergo: raises $0.75 to $1
Maggy54: folds 
CeeBiscuit: folds 
mcdougal2: folds 
Uncalled bet ($0.75) returned to Nordbergo
Nordbergo collected $0.85 from pot
Nordbergo: doesn't show hand 
*** SUMMARY ***
Total pot $0.85 | Rake $0 
Seat 1: zookmachine folded before Flop (didn't bet)
Seat 2: mcdougal2 folded before Flop
Seat 3: Wetcirc1e folded before Flop (didn't bet)
Seat 4: Nordbergo (button) collected ($0.85)
Seat 5: Maggy54 (small blind) folded before Flop
Seat 6: CeeBiscuit (big blind) folded before Flop
Seat 7: nuroKK folded before Flop (didn't bet)
Seat 8: Alameda22 folded before Flop (didn't bet)



PokerStars Game #20095774727:  Hold'em No Limit ($0.10/$0.25) - 2008/09/02 15:30:05 ET
Table 'Hyperion' 9-max Seat #5 is the button
Seat 1: zookmachine ($47.95 in chips) 
Seat 2: mcdougal2 ($26.65 in chips) 
Seat 3: Wetcirc1e ($13.05 in chips) 
Seat 4: Nordbergo ($10.90 in chips) 
Seat 5: Maggy54 ($5 in chips) 
Seat 6: CeeBiscuit ($8.90 in chips) 
Seat 7: nuroKK ($26.40 in chips) 
Seat 8: Alameda22 ($24.45 in chips) 
CeeBiscuit: posts small blind $0.10
nuroKK: posts big blind $0.25
*** HOLE CARDS ***
Dealt to Alameda22 [3s Js]
Alameda22: folds 
zookmachine: folds 
mcdougal2: folds 
Wetcirc1e: folds 
Nordbergo: folds 
Maggy54: folds 
CeeBiscuit: calls $0.15
nuroKK: checks 
*** FLOP *** [9d 8h 3c]
CeeBiscuit: bets $0.25
nuroKK: folds 
Uncalled bet ($0.25) returned to CeeBiscuit
CeeBiscuit collected $0.50 from pot
CeeBiscuit: doesn't show hand 
*** SUMMARY ***
Total pot $0.50 | Rake $0 
Board [9d 8h 3c]
Seat 1: zookmachine folded before Flop (didn't bet)
Seat 2: mcdougal2 folded before Flop (didn't bet)
Seat 3: Wetcirc1e folded before Flop (didn't bet)
Seat 4: Nordbergo folded before Flop (didn't bet)
Seat 5: Maggy54 (button) folded before Flop (didn't bet)
Seat 6: CeeBiscuit (small blind) collected ($0.50)
Seat 7: nuroKK (big blind) folded on the Flop
Seat 8: Alameda22 folded before Flop (didn't bet)



PokerStars Game #20095792387:  Hold'em No Limit ($0.10/$0.25) - 2008/09/02 15:30:47 ET
Table 'Hyperion' 9-max Seat #6 is the button
Seat 1: zookmachine ($47.95 in chips) 
Seat 2: mcdougal2 ($26.65 in chips) 
Seat 3: Wetcirc1e ($13.05 in chips) 
Seat 4: Nordbergo ($10.90 in chips) 
Seat 5: Maggy54 ($5 in chips) 
Seat 6: CeeBiscuit ($9.15 in chips) 
Seat 7: nuroKK ($26.15 in chips) 
Seat 8: Alameda22 ($24.45 in chips) 
nuroKK: posts small blind $0.10
Alameda22: posts big blind $0.25
*** HOLE CARDS ***
Dealt to Alameda22 [4d Tc]
kevinc255 joins the table at seat #9 
zookmachine: folds 
mcdougal2: folds 
Wetcirc1e: folds 
Nordbergo: folds 
Maggy54: folds 
CeeBiscuit: folds 
nuroKK: raises $0.75 to $1
Alameda22: folds 
Uncalled bet ($0.75) returned to nuroKK
nuroKK collected $0.50 from pot
nuroKK: doesn't show hand 
*** SUMMARY ***
Total pot $0.50 | Rake $0 
Seat 1: zookmachine folded before Flop (didn't bet)
Seat 2: mcdougal2 folded before Flop (didn't bet)
Seat 3: Wetcirc1e folded before Flop (didn't bet)
Seat 4: Nordbergo folded before Flop (didn't bet)
Seat 5: Maggy54 folded before Flop (didn't bet)
Seat 6: CeeBiscuit (button) folded before Flop (didn't bet)
Seat 7: nuroKK (small blind) collected ($0.50)
Seat 8: Alameda22 (big blind) folded before Flop



PokerStars Game #20095805869:  Hold'em No Limit ($0.10/$0.25) - 2008/09/02 15:31:16 ET
Table 'Hyperion' 9-max Seat #7 is the button
Seat 1: zookmachine ($47.95 in chips) 
Seat 2: mcdougal2 ($26.65 in chips) 
Seat 3: Wetcirc1e ($13.05 in chips) 
Seat 4: Nordbergo ($10.90 in chips) 
Seat 5: Maggy54 ($5 in chips) 
Seat 6: CeeBiscuit ($9.15 in chips) 
Seat 7: nuroKK ($26.40 in chips) 
Seat 8: Alameda22 ($24.20 in chips) 
Seat 9: kevinc255 ($25 in chips) 
Alameda22: posts small blind $0.10
kevinc255: posts big blind $0.25
*** HOLE CARDS ***
Dealt to Alameda22 [6h Ac]
zookmachine: raises $1.25 to $1.50
mcdougal2: folds 
Wetcirc1e: folds 
Nordbergo: folds 
Maggy54: folds 
CeeBiscuit: folds 
nuroKK: folds 
Alameda22: folds 
kevinc255: folds 
Uncalled bet ($1.25) returned to zookmachine
zookmachine collected $0.60 from pot
zookmachine: doesn't show hand 
*** SUMMARY ***
Total pot $0.60 | Rake $0 
Seat 1: zookmachine collected ($0.60)
Seat 2: mcdougal2 folded before Flop (didn't bet)
Seat 3: Wetcirc1e folded before Flop (didn't bet)
Seat 4: Nordbergo folded before Flop (didn't bet)
Seat 5: Maggy54 folded before Flop (didn't bet)
Seat 6: CeeBiscuit folded before Flop (didn't bet)
Seat 7: nuroKK (button) folded before Flop (didn't bet)
Seat 8: Alameda22 (small blind) folded before Flop
Seat 9: kevinc255 (big blind) folded before Flop



PokerStars Game #20095825009:  Hold'em No Limit ($0.10/$0.25) - 2008/09/02 15:32:02 ET
Table 'Hyperion' 9-max Seat #8 is the button
Seat 1: zookmachine ($48.30 in chips) 
Seat 2: mcdougal2 ($26.65 in chips) 
Seat 3: Wetcirc1e ($13.05 in chips) 
Seat 4: Nordbergo ($10.90 in chips) 
Seat 5: Maggy54 ($5 in chips) 
Seat 6: CeeBiscuit ($9.15 in chips) 
Seat 7: nuroKK ($26.40 in chips) 
Seat 8: Alameda22 ($24.10 in chips) 
Seat 9: kevinc255 ($24.75 in chips) 
kevinc255: posts small blind $0.10
zookmachine: posts big blind $0.25
*** HOLE CARDS ***
Dealt to Alameda22 [6d 2s]
mcdougal2: folds 
Wetcirc1e: folds 
Nordbergo: folds 
Maggy54: folds 
CeeBiscuit: folds 
nuroKK: folds 
Alameda22: folds 
kevinc255: calls $0.15
zookmachine: raises $1.25 to $1.50
kevinc255: calls $1.25
*** FLOP *** [5s 3c Th]
kevinc255: checks 
zookmachine: bets $3
kevinc255: calls $3
*** TURN *** [5s 3c Th] [Ac]
kevinc255: checks 
zookmachine: checks 
*** RIVER *** [5s 3c Th Ac] [8d]
kevinc255: checks 
zookmachine: checks 
*** SHOW DOWN ***
kevinc255: shows [Qs Kc] (high card Ace)
zookmachine: shows [7h Td] (a pair of Tens)
zookmachine collected $8.60 from pot
*** SUMMARY ***
Total pot $9 | Rake $0.40 
Board [5s 3c Th Ac 8d]
Seat 1: zookmachine (big blind) showed [7h Td] and won ($8.60) with a pair of Tens
Seat 2: mcdougal2 folded before Flop (didn't bet)
Seat 3: Wetcirc1e folded before Flop (didn't bet)
Seat 4: Nordbergo folded before Flop (didn't bet)
Seat 5: Maggy54 folded before Flop (didn't bet)
Seat 6: CeeBiscuit folded before Flop (didn't bet)
Seat 7: nuroKK folded before Flop (didn't bet)
Seat 8: Alameda22 (button) folded before Flop (didn't bet)
Seat 9: kevinc255 (small blind) showed [Qs Kc] and lost with high card Ace



PokerStars Game #20095851072:  Hold'em No Limit ($0.10/$0.25) - 2008/09/02 15:33:02 ET
Table 'Hyperion' 9-max Seat #9 is the button
Seat 1: zookmachine ($52.40 in chips) 
Seat 2: mcdougal2 ($26.65 in chips) 
Seat 3: Wetcirc1e ($13.05 in chips) 
Seat 4: Nordbergo ($10.90 in chips) 
Seat 5: Maggy54 ($5 in chips) 
Seat 6: CeeBiscuit ($9.15 in chips) 
Seat 7: nuroKK ($26.40 in chips) 
Seat 8: Alameda22 ($24.10 in chips) 
Seat 9: kevinc255 ($25 in chips) 
zookmachine: posts small blind $0.10
mcdougal2: posts big blind $0.25
*** HOLE CARDS ***
Dealt to Alameda22 [4d 2c]
Wetcirc1e: folds 
Nordbergo: folds 
Maggy54: folds 
CeeBiscuit: folds 
nuroKK: folds 
Alameda22: folds 
kevinc255: folds 
zookmachine: calls $0.15
mcdougal2: checks 
*** FLOP *** [9s Ac 3s]
zookmachine: bets $0.50
mcdougal2: folds 
Uncalled bet ($0.50) returned to zookmachine
zookmachine collected $0.50 from pot
zookmachine: doesn't show hand 
*** SUMMARY ***
Total pot $0.50 | Rake $0 
Board [9s Ac 3s]
Seat 1: zookmachine (small blind) collected ($0.50)
Seat 2: mcdougal2 (big blind) folded on the Flop
Seat 3: Wetcirc1e folded before Flop (didn't bet)
Seat 4: Nordbergo folded before Flop (didn't bet)
Seat 5: Maggy54 folded before Flop (didn't bet)
Seat 6: CeeBiscuit folded before Flop (didn't bet)
Seat 7: nuroKK folded before Flop (didn't bet)
Seat 8: Alameda22 folded before Flop (didn't bet)
Seat 9: kevinc255 (button) folded before Flop (didn't bet)



PokerStars Game #20095872401:  Hold'em No Limit ($0.10/$0.25) - 2008/09/02 15:33:50 ET
Table 'Hyperion' 9-max Seat #1 is the button
Seat 1: zookmachine ($52.65 in chips) 
Seat 2: mcdougal2 ($26.40 in chips) 
Seat 3: Wetcirc1e ($13.05 in chips) 
Seat 4: Nordbergo ($10.90 in chips) 
Seat 5: Maggy54 ($5 in chips) 
Seat 6: CeeBiscuit ($9.15 in chips) 
Seat 7: nuroKK ($26.40 in chips) 
Seat 8: Alameda22 ($24.10 in chips) 
Seat 9: kevinc255 ($25 in chips) 
mcdougal2: posts small blind $0.10
Wetcirc1e: posts big blind $0.25
*** HOLE CARDS ***
Dealt to Alameda22 [4c 5s]
Nordbergo: folds 
Maggy54: folds 
CeeBiscuit: folds 
nuroKK: folds 
Alameda22: folds 
kevinc255: folds 
zookmachine: raises $1.40 to $1.65
mcdougal2: folds 
Wetcirc1e: folds 
Uncalled bet ($1.40) returned to zookmachine
zookmachine collected $0.60 from pot
zookmachine: doesn't show hand 
*** SUMMARY ***
Total pot $0.60 | Rake $0 
Seat 1: zookmachine (button) collected ($0.60)
Seat 2: mcdougal2 (small blind) folded before Flop
Seat 3: Wetcirc1e (big blind) folded before Flop
Seat 4: Nordbergo folded before Flop (didn't bet)
Seat 5: Maggy54 folded before Flop (didn't bet)
Seat 6: CeeBiscuit folded before Flop (didn't bet)
Seat 7: nuroKK folded before Flop (didn't bet)
Seat 8: Alameda22 folded before Flop (didn't bet)
Seat 9: kevinc255 folded before Flop (didn't bet)



PokerStars Game #20095893187:  Hold'em No Limit ($0.10/$0.25) - 2008/09/02 15:34:38 ET
Table 'Hyperion' 9-max Seat #2 is the button
Seat 1: zookmachine ($53 in chips) 
Seat 2: mcdougal2 ($26.30 in chips) 
Seat 3: Wetcirc1e ($12.80 in chips) 
Seat 4: Nordbergo ($10.90 in chips) 
Seat 5: Maggy54 ($5 in chips) 
Seat 6: CeeBiscuit ($9.15 in chips) 
Seat 7: nuroKK ($26.40 in chips) 
Seat 8: Alameda22 ($24.10 in chips) 
Seat 9: kevinc255 ($25 in chips) 
Wetcirc1e: posts small blind $0.10
Nordbergo: posts big blind $0.25
*** HOLE CARDS ***
Dealt to Alameda22 [4d Jc]
Maggy54: folds 
CeeBiscuit: folds 
nuroKK: folds 
Alameda22: folds 
kevinc255: folds 
zookmachine: folds 
mcdougal2: raises $0.75 to $1
Wetcirc1e: folds 
Nordbergo: folds 
Uncalled bet ($0.75) returned to mcdougal2
mcdougal2 collected $0.60 from pot
mcdougal2: doesn't show hand 
*** SUMMARY ***
Total pot $0.60 | Rake $0 
Seat 1: zookmachine folded before Flop (didn't bet)
Seat 2: mcdougal2 (button) collected ($0.60)
Seat 3: Wetcirc1e (small blind) folded before Flop
Seat 4: Nordbergo (big blind) folded before Flop
Seat 5: Maggy54 folded before Flop (didn't bet)
Seat 6: CeeBiscuit folded before Flop (didn't bet)
Seat 7: nuroKK folded before Flop (didn't bet)
Seat 8: Alameda22 folded before Flop (didn't bet)
Seat 9: kevinc255 folded before Flop (didn't bet)



PokerStars Game #20095912965:  Hold'em No Limit ($0.10/$0.25) - 2008/09/02 15:35:24 ET
Table 'Hyperion' 9-max Seat #3 is the button
Seat 1: zookmachine ($53 in chips) 
Seat 2: mcdougal2 ($26.65 in chips) 
Seat 3: Wetcirc1e ($12.70 in chips) 
Seat 4: Nordbergo ($10.65 in chips) 
Seat 5: Maggy54 ($5 in chips) 
Seat 6: CeeBiscuit ($9.15 in chips) 
Seat 7: nuroKK ($26.40 in chips) 
Seat 8: Alameda22 ($24.10 in chips) 
Seat 9: kevinc255 ($25 in chips) 
Nordbergo: posts small blind $0.10
Maggy54: posts big blind $0.25
*** HOLE CARDS ***
Dealt to Alameda22 [4d Js]
CeeBiscuit: folds 
nuroKK: folds 
Alameda22: folds 
kevinc255: folds 
zookmachine: folds 
mcdougal2: folds 
Wetcirc1e: folds 
Nordbergo: raises $0.50 to $0.75
Maggy54: folds 
Uncalled bet ($0.50) returned to Nordbergo
Nordbergo collected $0.50 from pot
*** SUMMARY ***
Total pot $0.50 | Rake $0 
Seat 1: zookmachine folded before Flop (didn't bet)
Seat 2: mcdougal2 folded before Flop (didn't bet)
Seat 3: Wetcirc1e (button) folded before Flop (didn't bet)
Seat 4: Nordbergo (small blind) collected ($0.50)
Seat 5: Maggy54 (big blind) folded before Flop
Seat 6: CeeBiscuit folded before Flop (didn't bet)
Seat 7: nuroKK folded before Flop (didn't bet)
Seat 8: Alameda22 folded before Flop (didn't bet)
Seat 9: kevinc255 folded before Flop (didn't bet)



PokerStars Game #20095931065:  Hold'em No Limit ($0.10/$0.25) - 2008/09/02 15:36:06 ET
Table 'Hyperion' 9-max Seat #4 is the button
Seat 1: zookmachine ($53 in chips) 
Seat 2: mcdougal2 ($26.65 in chips) 
Seat 3: Wetcirc1e ($12.70 in chips) 
Seat 4: Nordbergo ($10.90 in chips) 
Seat 5: Maggy54 ($4.75 in chips) 
Seat 6: CeeBiscuit ($9.15 in chips) 
Seat 7: nuroKK ($26.40 in chips) 
Seat 8: Alameda22 ($24.10 in chips) 
Seat 9: kevinc255 ($25 in chips) 
Maggy54: posts small blind $0.10
CeeBiscuit: posts big blind $0.25
*** HOLE CARDS ***
Dealt to Alameda22 [Ah 4h]
nuroKK: folds 
Alameda22: folds 
kevinc255: folds 
zookmachine: folds 
zookmachine leaves the table
mcdougal2: folds 
Wetcirc1e: folds 
Nordbergo: raises $0.50 to $0.75
Maggy54: folds 
CeeBiscuit: calls $0.50
*** FLOP *** [Ks 5c 9s]
CeeBiscuit: bets $0.50
Nordbergo: calls $0.50
*** TURN *** [Ks 5c 9s] [9h]
Braves2799 joins the table at seat #1 
CeeBiscuit: bets $0.50
Nordbergo: calls $0.50
*** RIVER *** [Ks 5c 9s 9h] [9c]
CeeBiscuit: bets $0.50
Nordbergo: folds 
Uncalled bet ($0.50) returned to CeeBiscuit
CeeBiscuit collected $3.45 from pot
CeeBiscuit: doesn't show hand 
*** SUMMARY ***
Total pot $3.60 | Rake $0.15 
Board [Ks 5c 9s 9h 9c]
Seat 1: zookmachine folded before Flop (didn't bet)
Seat 2: mcdougal2 folded before Flop (didn't bet)
Seat 3: Wetcirc1e folded before Flop (didn't bet)
Seat 4: Nordbergo (button) folded on the River
Seat 5: Maggy54 (small blind) folded before Flop
Seat 6: CeeBiscuit (big blind) collected ($3.45)
Seat 7: nuroKK folded before Flop (didn't bet)
Seat 8: Alameda22 folded before Flop (didn't bet)
Seat 9: kevinc255 folded before Flop (didn't bet)



PokerStars Game #20095962768:  Hold'em No Limit ($0.10/$0.25) - 2008/09/02 15:37:20 ET
Table 'Hyperion' 9-max Seat #5 is the button
Seat 2: mcdougal2 ($26.65 in chips) 
Seat 3: Wetcirc1e ($12.70 in chips) 
Seat 4: Nordbergo ($9.15 in chips) 
Seat 5: Maggy54 ($4.65 in chips) 
Seat 6: CeeBiscuit ($10.85 in chips) 
Seat 7: nuroKK ($26.40 in chips) 
Seat 8: Alameda22 ($24.10 in chips) 
Seat 9: kevinc255 ($25 in chips) 
CeeBiscuit: posts small blind $0.10
nuroKK: posts big blind $0.25
Braves2799: sits out 
*** HOLE CARDS ***
Dealt to Alameda22 [7s Kd]
Alameda22: folds 
kevinc255: folds 
mcdougal2: folds 
Wetcirc1e: folds 
Nordbergo: folds 
Maggy54: folds 
CeeBiscuit: raises $0.25 to $0.50
nuroKK: folds 
Uncalled bet ($0.25) returned to CeeBiscuit
CeeBiscuit collected $0.50 from pot
CeeBiscuit: doesn't show hand 
*** SUMMARY ***
Total pot $0.50 | Rake $0 
Seat 2: mcdougal2 folded before Flop (didn't bet)
Seat 3: Wetcirc1e folded before Flop (didn't bet)
Seat 4: Nordbergo folded before Flop (didn't bet)
Seat 5: Maggy54 (button) folded before Flop (didn't bet)
Seat 6: CeeBiscuit (small blind) collected ($0.50)
Seat 7: nuroKK (big blind) folded before Flop
Seat 8: Alameda22 folded before Flop (didn't bet)
Seat 9: kevinc255 folded before Flop (didn't bet)



PokerStars Game #20095977410:  Hold'em No Limit ($0.10/$0.25) - 2008/09/02 15:37:54 ET
Table 'Hyperion' 9-max Seat #6 is the button
Seat 2: mcdougal2 ($26.65 in chips) 
Seat 3: Wetcirc1e ($12.70 in chips) 
Seat 4: Nordbergo ($9.15 in chips) 
Seat 5: Maggy54 ($4.65 in chips) 
Seat 6: CeeBiscuit ($11.10 in chips) 
Seat 7: nuroKK ($26.15 in chips) 
Seat 8: Alameda22 ($24.10 in chips) 
Seat 9: kevinc255 ($25 in chips) 
nuroKK: posts small blind $0.10
Alameda22: posts big blind $0.25
Braves2799: sits out 
*** HOLE CARDS ***
Dealt to Alameda22 [4h 5s]
kevinc255: folds 
mcdougal2: folds 
Wetcirc1e: folds 
Nordbergo: raises $0.50 to $0.75
Maggy54: folds 
CeeBiscuit: folds 
nuroKK: folds 
Alameda22: folds 
Uncalled bet ($0.50) returned to Nordbergo
Nordbergo collected $0.60 from pot
*** SUMMARY ***
Total pot $0.60 | Rake $0 
Seat 2: mcdougal2 folded before Flop (didn't bet)
Seat 3: Wetcirc1e folded before Flop (didn't bet)
Seat 4: Nordbergo collected ($0.60)
Seat 5: Maggy54 folded before Flop (didn't bet)
Seat 6: CeeBiscuit (button) folded before Flop (didn't bet)
Seat 7: nuroKK (small blind) folded before Flop
Seat 8: Alameda22 (big blind) folded before Flop
Seat 9: kevinc255 folded before Flop (didn't bet)



PokerStars Game #20095990502:  Hold'em No Limit ($0.10/$0.25) - 2008/09/02 15:38:25 ET
Table 'Hyperion' 9-max Seat #7 is the button
Seat 2: mcdougal2 ($26.65 in chips) 
Seat 3: Wetcirc1e ($12.70 in chips) 
Seat 4: Nordbergo ($9.50 in chips) 
Seat 5: Maggy54 ($4.65 in chips) 
Seat 6: CeeBiscuit ($11.10 in chips) 
Seat 7: nuroKK ($26.05 in chips) 
Seat 8: Alameda22 ($23.85 in chips) 
Seat 9: kevinc255 ($25 in chips) 
Alameda22: posts small blind $0.10
kevinc255: posts big blind $0.25
Braves2799: sits out 
*** HOLE CARDS ***
Dealt to Alameda22 [Jd 8d]
mcdougal2: folds 
Wetcirc1e: calls $0.25
Nordbergo: folds 
Maggy54: folds 
CeeBiscuit: folds 
nuroKK: folds 
Alameda22: folds 
kevinc255: checks 
*** FLOP *** [3c Ks 9h]
kevinc255: checks 
Wetcirc1e: checks 
*** TURN *** [3c Ks 9h] [Tc]
kevinc255: checks 
Wetcirc1e: bets $0.50
kevinc255: folds 
Uncalled bet ($0.50) returned to Wetcirc1e
Wetcirc1e collected $0.60 from pot
Wetcirc1e: doesn't show hand 
*** SUMMARY ***
Total pot $0.60 | Rake $0 
Board [3c Ks 9h Tc]
Seat 2: mcdougal2 folded before Flop (didn't bet)
Seat 3: Wetcirc1e collected ($0.60)
Seat 4: Nordbergo folded before Flop (didn't bet)
Seat 5: Maggy54 folded before Flop (didn't bet)
Seat 6: CeeBiscuit folded before Flop (didn't bet)
Seat 7: nuroKK (button) folded before Flop (didn't bet)
Seat 8: Alameda22 (small blind) folded before Flop
Seat 9: kevinc255 (big blind) folded on the Turn



PokerStars Game #20096007872:  Hold'em No Limit ($0.10/$0.25) - 2008/09/02 15:39:06 ET
Table 'Hyperion' 9-max Seat #8 is the button
Seat 1: Braves2799 ($10 in chips) 
Seat 2: mcdougal2 ($26.65 in chips) 
Seat 3: Wetcirc1e ($13.05 in chips) 
Seat 4: Nordbergo ($9.50 in chips) 
Seat 5: Maggy54 ($4.65 in chips) 
Seat 6: CeeBiscuit ($11.10 in chips) 
Seat 7: nuroKK ($26.05 in chips) 
Seat 8: Alameda22 ($23.75 in chips) 
Seat 9: kevinc255 ($24.75 in chips) 
kevinc255: posts small blind $0.10
Braves2799: posts big blind $0.25
*** HOLE CARDS ***
Dealt to Alameda22 [Th Qd]
mcdougal2: folds 
mcdougal2 leaves the table
Wetcirc1e: folds 
Nordbergo: raises $0.50 to $0.75
Maggy54: folds 
CeeBiscuit: folds 
nuroKK: folds 
Alameda22: folds 
kevinc255: folds 
Braves2799: folds 
Uncalled bet ($0.50) returned to Nordbergo
Nordbergo collected $0.60 from pot
gb9style joins the table at seat #2 
*** SUMMARY ***
Total pot $0.60 | Rake $0 
Seat 1: Braves2799 (big blind) folded before Flop
Seat 2: mcdougal2 folded before Flop (didn't bet)
Seat 3: Wetcirc1e folded before Flop (didn't bet)
Seat 4: Nordbergo collected ($0.60)
Seat 5: Maggy54 folded before Flop (didn't bet)
Seat 6: CeeBiscuit folded before Flop (didn't bet)
Seat 7: nuroKK folded before Flop (didn't bet)
Seat 8: Alameda22 (button) folded before Flop (didn't bet)
Seat 9: kevinc255 (small blind) folded before Flop



PokerStars Game #20096020646:  Hold'em No Limit ($0.10/$0.25) - 2008/09/02 15:39:37 ET
Table 'Hyperion' 9-max Seat #9 is the button
Seat 1: Braves2799 ($9.75 in chips) 
Seat 2: gb9style ($25 in chips) 
Seat 3: Wetcirc1e ($13.05 in chips) 
Seat 4: Nordbergo ($9.85 in chips) 
Seat 5: Maggy54 ($4.65 in chips) 
Seat 6: CeeBiscuit ($11.10 in chips) 
Seat 7: nuroKK ($26.05 in chips) 
Seat 8: Alameda22 ($23.75 in chips) 
Seat 9: kevinc255 ($24.65 in chips) 
Braves2799: posts small blind $0.10
gb9style: posts big blind $0.25
*** HOLE CARDS ***
Dealt to Alameda22 [Th 5s]
Wetcirc1e: folds 
Nordbergo: folds 
Maggy54: folds 
CeeBiscuit: folds 
nuroKK: folds 
Alameda22: folds 
kevinc255: folds 
Braves2799: folds 
Uncalled bet ($0.15) returned to gb9style
gb9style collected $0.20 from pot
*** SUMMARY ***
Total pot $0.20 | Rake $0 
Seat 1: Braves2799 (small blind) folded before Flop
Seat 2: gb9style (big blind) collected ($0.20)
Seat 3: Wetcirc1e folded before Flop (didn't bet)
Seat 4: Nordbergo folded before Flop (didn't bet)
Seat 5: Maggy54 folded before Flop (didn't bet)
Seat 6: CeeBiscuit folded before Flop (didn't bet)
Seat 7: nuroKK folded before Flop (didn't bet)
Seat 8: Alameda22 folded before Flop (didn't bet)
Seat 9: kevinc255 (button) folded before Flop (didn't bet)



PokerStars Game #20096032108:  Hold'em No Limit ($0.10/$0.25) - 2008/09/02 15:40:04 ET
Table 'Hyperion' 9-max Seat #1 is the button
Seat 1: Braves2799 ($9.65 in chips) 
Seat 2: gb9style ($25.10 in chips) 
Seat 3: Wetcirc1e ($13.05 in chips) 
Seat 4: Nordbergo ($9.85 in chips) 
Seat 5: Maggy54 ($4.65 in chips) 
Seat 6: CeeBiscuit ($11.10 in chips) 
Seat 7: nuroKK ($26.05 in chips) 
Seat 8: Alameda22 ($23.75 in chips) 
Seat 9: kevinc255 ($24.65 in chips) 
gb9style: posts small blind $0.10
Wetcirc1e: posts big blind $0.25
*** HOLE CARDS ***
Dealt to Alameda22 [Jc 2c]
Nordbergo: raises $0.25 to $0.50
Maggy54: folds 
CeeBiscuit: folds 
nuroKK: raises $1 to $1.50
Alameda22: folds 
kevinc255: folds 
Braves2799: folds 
gb9style: folds 
Wetcirc1e: calls $1.25
Nordbergo: calls $1
*** FLOP *** [5s 6h 7c]
Wetcirc1e: checks 
Nordbergo: checks 
nuroKK: bets $3
Wetcirc1e: raises $8.55 to $11.55 and is all-in
Nordbergo: folds 
nuroKK: folds 
Uncalled bet ($8.55) returned to Wetcirc1e
Wetcirc1e collected $10.10 from pot
Wetcirc1e: doesn't show hand 
*** SUMMARY ***
Total pot $10.60 | Rake $0.50 
Board [5s 6h 7c]
Seat 1: Braves2799 (button) folded before Flop (didn't bet)
Seat 2: gb9style (small blind) folded before Flop
Seat 3: Wetcirc1e (big blind) collected ($10.10)
Seat 4: Nordbergo folded on the Flop
Seat 5: Maggy54 folded before Flop (didn't bet)
Seat 6: CeeBiscuit folded before Flop (didn't bet)
Seat 7: nuroKK folded on the Flop
Seat 8: Alameda22 folded before Flop (didn't bet)
Seat 9: kevinc255 folded before Flop (didn't bet)



PokerStars Game #20096070278:  Hold'em No Limit ($0.10/$0.25) - 2008/09/02 15:41:35 ET
Table 'Hyperion' 9-max Seat #2 is the button
Seat 1: Braves2799 ($9.65 in chips) 
Seat 2: gb9style ($25 in chips) 
Seat 3: Wetcirc1e ($18.65 in chips) 
Seat 4: Nordbergo ($8.35 in chips) 
Seat 5: Maggy54 ($4.65 in chips) 
Seat 6: CeeBiscuit ($11.10 in chips) 
Seat 7: nuroKK ($21.55 in chips) 
Seat 8: Alameda22 ($23.75 in chips) 
Seat 9: kevinc255 ($24.65 in chips) 
Wetcirc1e: posts small blind $0.10
Nordbergo: posts big blind $0.25
*** HOLE CARDS ***
Dealt to Alameda22 [3s 5c]
Maggy54: raises $0.75 to $1
CeeBiscuit: folds 
nuroKK: folds 
Alameda22: folds 
kevinc255: folds 
Braves2799: folds 
gb9style: folds 
Wetcirc1e: folds 
Nordbergo: folds 
Uncalled bet ($0.75) returned to Maggy54
Maggy54 collected $0.60 from pot
Maggy54: doesn't show hand 
*** SUMMARY ***
Total pot $0.60 | Rake $0 
Seat 1: Braves2799 folded before Flop (didn't bet)
Seat 2: gb9style (button) folded before Flop (didn't bet)
Seat 3: Wetcirc1e (small blind) folded before Flop
Seat 4: Nordbergo (big blind) folded before Flop
Seat 5: Maggy54 collected ($0.60)
Seat 6: CeeBiscuit folded before Flop (didn't bet)
Seat 7: nuroKK folded before Flop (didn't bet)
Seat 8: Alameda22 folded before Flop (didn't bet)
Seat 9: kevinc255 folded before Flop (didn't bet)



PokerStars Game #20096081700:  Hold'em No Limit ($0.10/$0.25) - 2008/09/02 15:42:03 ET
Table 'Hyperion' 9-max Seat #3 is the button
Seat 1: Braves2799 ($9.65 in chips) 
Seat 2: gb9style ($25 in chips) 
Seat 3: Wetcirc1e ($18.55 in chips) 
Seat 4: Nordbergo ($8.10 in chips) 
Seat 5: Maggy54 ($5 in chips) 
Seat 6: CeeBiscuit ($11.10 in chips) 
Seat 7: nuroKK ($25 in chips) 
Seat 8: Alameda22 ($23.75 in chips) 
Seat 9: kevinc255 ($24.65 in chips) 
Nordbergo: posts small blind $0.10
Maggy54: posts big blind $0.25
*** HOLE CARDS ***
Dealt to Alameda22 [4d 3s]
CeeBiscuit: folds 
nuroKK: folds 
Alameda22: folds 
kevinc255: folds 
Braves2799: raises $0.40 to $0.65
gb9style: folds 
Wetcirc1e: folds 
Nordbergo: folds 
Maggy54: folds 
Uncalled bet ($0.40) returned to Braves2799
Braves2799 collected $0.60 from pot
Braves2799: doesn't show hand 
*** SUMMARY ***
Total pot $0.60 | Rake $0 
Seat 1: Braves2799 collected ($0.60)
Seat 2: gb9style folded before Flop (didn't bet)
Seat 3: Wetcirc1e (button) folded before Flop (didn't bet)
Seat 4: Nordbergo (small blind) folded before Flop
Seat 5: Maggy54 (big blind) folded before Flop
Seat 6: CeeBiscuit folded before Flop (didn't bet)
Seat 7: nuroKK folded before Flop (didn't bet)
Seat 8: Alameda22 folded before Flop (didn't bet)
Seat 9: kevinc255 folded before Flop (didn't bet)



PokerStars Game #20096095922:  Hold'em No Limit ($0.10/$0.25) - 2008/09/02 15:42:37 ET
Table 'Hyperion' 9-max Seat #4 is the button
Seat 1: Braves2799 ($10 in chips) 
Seat 2: gb9style ($25 in chips) 
Seat 3: Wetcirc1e ($18.55 in chips) 
Seat 4: Nordbergo ($8 in chips) 
Seat 5: Maggy54 ($4.75 in chips) 
Seat 6: CeeBiscuit ($11.10 in chips) 
Seat 7: nuroKK ($25 in chips) 
Seat 8: Alameda22 ($23.75 in chips) 
Seat 9: kevinc255 ($24.65 in chips) 
Maggy54: posts small blind $0.10
CeeBiscuit: posts big blind $0.25
*** HOLE CARDS ***
Dealt to Alameda22 [6c 2c]
nuroKK: folds 
Alameda22: folds 
kevinc255: folds 
Braves2799: folds 
gb9style: raises $0.50 to $0.75
Wetcirc1e: folds 
Nordbergo: folds 
Maggy54: folds 
CeeBiscuit: folds 
Uncalled bet ($0.50) returned to gb9style
gb9style collected $0.60 from pot
*** SUMMARY ***
Total pot $0.60 | Rake $0 
Seat 1: Braves2799 folded before Flop (didn't bet)
Seat 2: gb9style collected ($0.60)
Seat 3: Wetcirc1e folded before Flop (didn't bet)
Seat 4: Nordbergo (button) folded before Flop (didn't bet)
Seat 5: Maggy54 (small blind) folded before Flop
Seat 6: CeeBiscuit (big blind) folded before Flop
Seat 7: nuroKK folded before Flop (didn't bet)
Seat 8: Alameda22 folded before Flop (didn't bet)
Seat 9: kevinc255 folded before Flop (didn't bet)



PokerStars Game #20096109274:  Hold'em No Limit ($0.10/$0.25) - 2008/09/02 15:43:09 ET
Table 'Hyperion' 9-max Seat #5 is the button
Seat 1: Braves2799 ($10 in chips) 
Seat 2: gb9style ($25.35 in chips) 
Seat 3: Wetcirc1e ($18.55 in chips) 
Seat 4: Nordbergo ($8 in chips) 
Seat 5: Maggy54 ($4.65 in chips) 
Seat 6: CeeBiscuit ($10.85 in chips) 
Seat 7: nuroKK ($25 in chips) 
Seat 8: Alameda22 ($23.75 in chips) 
Seat 9: kevinc255 ($24.65 in chips) 
CeeBiscuit: posts small blind $0.10
nuroKK: posts big blind $0.25
*** HOLE CARDS ***
Dealt to Alameda22 [Js 9s]
Alameda22: folds 
kevinc255: folds 
Braves2799: folds 
gb9style: folds 
Wetcirc1e: folds 
Nordbergo: folds 
Maggy54: folds 
CeeBiscuit: folds 
Uncalled bet ($0.15) returned to nuroKK
nuroKK collected $0.20 from pot
nuroKK: doesn't show hand 
*** SUMMARY ***
Total pot $0.20 | Rake $0 
Seat 1: Braves2799 folded before Flop (didn't bet)
Seat 2: gb9style folded before Flop (didn't bet)
Seat 3: Wetcirc1e folded before Flop (didn't bet)
Seat 4: Nordbergo folded before Flop (didn't bet)
Seat 5: Maggy54 (button) folded before Flop (didn't bet)
Seat 6: CeeBiscuit (small blind) folded before Flop
Seat 7: nuroKK (big blind) collected ($0.20)
Seat 8: Alameda22 folded before Flop (didn't bet)
Seat 9: kevinc255 folded before Flop (didn't bet)



PokerStars Game #20096122845:  Hold'em No Limit ($0.10/$0.25) - 2008/09/02 15:43:42 ET
Table 'Hyperion' 9-max Seat #6 is the button
Seat 1: Braves2799 ($10 in chips) 
Seat 2: gb9style ($25.35 in chips) 
Seat 3: Wetcirc1e ($18.55 in chips) 
Seat 4: Nordbergo ($8 in chips) 
Seat 5: Maggy54 ($4.65 in chips) 
Seat 6: CeeBiscuit ($10.75 in chips) 
Seat 7: nuroKK ($25.10 in chips) 
Seat 8: Alameda22 ($23.75 in chips) 
Seat 9: kevinc255 ($24.65 in chips) 
nuroKK: posts small blind $0.10
Alameda22: posts big blind $0.25
*** HOLE CARDS ***
Dealt to Alameda22 [Qs Qh]
kevinc255: folds 
Braves2799: folds 
gb9style: folds 
Wetcirc1e: folds 
Nordbergo: raises $0.50 to $0.75
Maggy54: folds 
CeeBiscuit: folds 
nuroKK: folds 
Alameda22: calls $0.50
*** FLOP *** [7s 3h 9s]
Alameda22: bets $1
Nordbergo: calls $1
*** TURN *** [7s 3h 9s] [3s]
Alameda22: checks 
Nordbergo: checks 
*** RIVER *** [7s 3h 9s 3s] [3c]
Alameda22: bets $2.25
Nordbergo: calls $2.25
*** SHOW DOWN ***
Alameda22: shows [Qs Qh] (a full house, Threes full of Queens)
Nordbergo: mucks hand 
Alameda22 collected $7.75 from pot
*** SUMMARY ***
Total pot $8.10 | Rake $0.35 
Board [7s 3h 9s 3s 3c]
Seat 1: Braves2799 folded before Flop (didn't bet)
Seat 2: gb9style folded before Flop (didn't bet)
Seat 3: Wetcirc1e folded before Flop (didn't bet)
Seat 4: Nordbergo mucked [7c 6c]
Seat 5: Maggy54 folded before Flop (didn't bet)
Seat 6: CeeBiscuit (button) folded before Flop (didn't bet)
Seat 7: nuroKK (small blind) folded before Flop
Seat 8: Alameda22 (big blind) showed [Qs Qh] and won ($7.75) with a full house, Threes full of Queens
Seat 9: kevinc255 folded before Flop (didn't bet)



PokerStars Game #20096156894:  Hold'em No Limit ($0.10/$0.25) - 2008/09/02 15:45:04 ET
Table 'Hyperion' 9-max Seat #7 is the button
Seat 1: Braves2799 ($10 in chips) 
Seat 2: gb9style ($25.35 in chips) 
Seat 3: Wetcirc1e ($18.55 in chips) 
Seat 4: Nordbergo ($4 in chips) 
Seat 5: Maggy54 ($4.65 in chips) 
Seat 6: CeeBiscuit ($10.75 in chips) 
Seat 7: nuroKK ($25 in chips) 
Seat 8: Alameda22 ($27.50 in chips) 
Seat 9: kevinc255 ($24.65 in chips) 
Alameda22: posts small blind $0.10
kevinc255: posts big blind $0.25
*** HOLE CARDS ***
Dealt to Alameda22 [5s Ac]
Braves2799: folds 
gb9style: folds 
Wetcirc1e: folds 
Nordbergo: folds 
Maggy54: folds 
CeeBiscuit: folds 
nuroKK: folds 
Alameda22: folds 
Uncalled bet ($0.15) returned to kevinc255
kevinc255 collected $0.20 from pot
kevinc255: doesn't show hand 
*** SUMMARY ***
Total pot $0.20 | Rake $0 
Seat 1: Braves2799 folded before Flop (didn't bet)
Seat 2: gb9style folded before Flop (didn't bet)
Seat 3: Wetcirc1e folded before Flop (didn't bet)
Seat 4: Nordbergo folded before Flop (didn't bet)
Seat 5: Maggy54 folded before Flop (didn't bet)
Seat 6: CeeBiscuit folded before Flop (didn't bet)
Seat 7: nuroKK (button) folded before Flop (didn't bet)
Seat 8: Alameda22 (small blind) folded before Flop
Seat 9: kevinc255 (big blind) collected ($0.20)



PokerStars Game #20096167333:  Hold'em No Limit ($0.10/$0.25) - 2008/09/02 15:45:30 ET
Table 'Hyperion' 9-max Seat #8 is the button
Seat 1: Braves2799 ($10 in chips) 
Seat 2: gb9style ($25.35 in chips) 
Seat 3: Wetcirc1e ($18.55 in chips) 
Seat 4: Nordbergo ($4 in chips) 
Seat 5: Maggy54 ($4.65 in chips) 
Seat 6: CeeBiscuit ($10.75 in chips) 
Seat 7: nuroKK ($25 in chips) 
Seat 8: Alameda22 ($27.40 in chips) 
Seat 9: kevinc255 ($24.75 in chips) 
kevinc255: posts small blind $0.10
Braves2799: posts big blind $0.25
*** HOLE CARDS ***
Dealt to Alameda22 [9s Ah]
gb9style: folds 
Wetcirc1e: folds 
Nordbergo: folds 
Maggy54: folds 
CeeBiscuit: folds 
CeeBiscuit is sitting out
nuroKK: folds 
Alameda22: folds 
kevinc255: folds 
Uncalled bet ($0.15) returned to Braves2799
Braves2799 collected $0.20 from pot
Braves2799: doesn't show hand 
*** SUMMARY ***
Total pot $0.20 | Rake $0 
Seat 1: Braves2799 (big blind) collected ($0.20)
Seat 2: gb9style folded before Flop (didn't bet)
Seat 3: Wetcirc1e folded before Flop (didn't bet)
Seat 4: Nordbergo folded before Flop (didn't bet)
Seat 5: Maggy54 folded before Flop (didn't bet)
Seat 6: CeeBiscuit folded before Flop (didn't bet)
Seat 7: nuroKK folded before Flop (didn't bet)
Seat 8: Alameda22 (button) folded before Flop (didn't bet)
Seat 9: kevinc255 (small blind) folded before Flop



PokerStars Game #20096182258:  Hold'em No Limit ($0.10/$0.25) - 2008/09/02 15:46:06 ET
Table 'Hyperion' 9-max Seat #9 is the button
Seat 1: Braves2799 ($10.10 in chips) 
Seat 2: gb9style ($25.35 in chips) 
Seat 3: Wetcirc1e ($18.55 in chips) 
Seat 4: Nordbergo ($4 in chips) 
Seat 5: Maggy54 ($4.65 in chips) 
Seat 7: nuroKK ($25 in chips) 
Seat 8: Alameda22 ($27.40 in chips) 
Seat 9: kevinc255 ($24.65 in chips) 
Braves2799: posts small blind $0.10
gb9style: posts big blind $0.25
*** HOLE CARDS ***
Dealt to Alameda22 [Qd Kc]
Wetcirc1e: folds 
Nordbergo: folds 
Maggy54: folds 
nuroKK: folds 
Alameda22: folds 
kevinc255: folds 
Braves2799: folds 
Uncalled bet ($0.15) returned to gb9style
gb9style collected $0.20 from pot
gb9style: doesn't show hand 
*** SUMMARY ***
Total pot $0.20 | Rake $0 
Seat 1: Braves2799 (small blind) folded before Flop
Seat 2: gb9style (big blind) collected ($0.20)
Seat 3: Wetcirc1e folded before Flop (didn't bet)
Seat 4: Nordbergo folded before Flop (didn't bet)
Seat 5: Maggy54 folded before Flop (didn't bet)
Seat 7: nuroKK folded before Flop (didn't bet)
Seat 8: Alameda22 folded before Flop (didn't bet)
Seat 9: kevinc255 (button) folded before Flop (didn't bet)



PokerStars Game #20096191185:  Hold'em No Limit ($0.10/$0.25) - 2008/09/02 15:46:28 ET
Table 'Hyperion' 9-max Seat #1 is the button
Seat 1: Braves2799 ($10 in chips) 
Seat 2: gb9style ($25.45 in chips) 
Seat 3: Wetcirc1e ($18.55 in chips) 
Seat 4: Nordbergo ($4 in chips) 
Seat 5: Maggy54 ($4.65 in chips) 
Seat 7: nuroKK ($25 in chips) 
Seat 8: Alameda22 ($27.40 in chips) 
Seat 9: kevinc255 ($24.65 in chips) 
gb9style: posts small blind $0.10
Wetcirc1e: posts big blind $0.25
*** HOLE CARDS ***
Dealt to Alameda22 [3c As]
CeeBiscuit has returned
Nordbergo: raises $0.25 to $0.50
Maggy54: folds 
nuroKK: folds 
Alameda22: folds 
kevinc255: folds 
Braves2799: folds 
gb9style: folds 
Wetcirc1e: folds 
Uncalled bet ($0.25) returned to Nordbergo
Nordbergo collected $0.60 from pot
*** SUMMARY ***
Total pot $0.60 | Rake $0 
Seat 1: Braves2799 (button) folded before Flop (didn't bet)
Seat 2: gb9style (small blind) folded before Flop
Seat 3: Wetcirc1e (big blind) folded before Flop
Seat 4: Nordbergo collected ($0.60)
Seat 5: Maggy54 folded before Flop (didn't bet)
Seat 7: nuroKK folded before Flop (didn't bet)
Seat 8: Alameda22 folded before Flop (didn't bet)
Seat 9: kevinc255 folded before Flop (didn't bet)



PokerStars Game #20096201524:  Hold'em No Limit ($0.10/$0.25) - 2008/09/02 15:46:54 ET
Table 'Hyperion' 9-max Seat #2 is the button
Seat 1: Braves2799 ($10 in chips) 
Seat 2: gb9style ($25.35 in chips) 
Seat 3: Wetcirc1e ($18.30 in chips) 
Seat 4: Nordbergo ($4.35 in chips) 
Seat 5: Maggy54 ($4.65 in chips) 
Seat 6: CeeBiscuit ($10.75 in chips) 
Seat 7: nuroKK ($25 in chips) 
Seat 8: Alameda22 ($27.40 in chips) 
Seat 9: kevinc255 ($24.65 in chips) 
Wetcirc1e: posts small blind $0.10
Nordbergo: posts big blind $0.25
*** HOLE CARDS ***
Dealt to Alameda22 [6s Kh]
Maggy54: folds 
CeeBiscuit: folds 
nuroKK: folds 
Alameda22: folds 
kevinc255: folds 
Braves2799: folds 
gb9style: calls $0.25
Wetcirc1e: calls $0.15
Nordbergo: checks 
*** FLOP *** [5s Th 2c]
Wetcirc1e: bets $0.50
Nordbergo: folds 
gb9style: folds 
Uncalled bet ($0.50) returned to Wetcirc1e
Wetcirc1e collected $0.75 from pot
Wetcirc1e: doesn't show hand 
*** SUMMARY ***
Total pot $0.75 | Rake $0 
Board [5s Th 2c]
Seat 1: Braves2799 folded before Flop (didn't bet)
Seat 2: gb9style (button) folded on the Flop
Seat 3: Wetcirc1e (small blind) collected ($0.75)
Seat 4: Nordbergo (big blind) folded on the Flop
Seat 5: Maggy54 folded before Flop (didn't bet)
Seat 6: CeeBiscuit folded before Flop (didn't bet)
Seat 7: nuroKK folded before Flop (didn't bet)
Seat 8: Alameda22 folded before Flop (didn't bet)
Seat 9: kevinc255 folded before Flop (didn't bet)



PokerStars Game #20096219905:  Hold'em No Limit ($0.10/$0.25) - 2008/09/02 15:47:39 ET
Table 'Hyperion' 9-max Seat #3 is the button
Seat 1: Braves2799 ($10 in chips) 
Seat 2: gb9style ($25.10 in chips) 
Seat 3: Wetcirc1e ($18.80 in chips) 
Seat 4: Nordbergo ($4.10 in chips) 
Seat 5: Maggy54 ($4.65 in chips) 
Seat 6: CeeBiscuit ($10.75 in chips) 
Seat 7: nuroKK ($25 in chips) 
Seat 8: Alameda22 ($27.40 in chips) 
Seat 9: kevinc255 ($24.65 in chips) 
Nordbergo is disconnected 
Nordbergo is connected 
Nordbergo: posts small blind $0.10
Maggy54: posts big blind $0.25
*** HOLE CARDS ***
Dealt to Alameda22 [6h 6d]
CeeBiscuit: folds 
nuroKK: folds 
Alameda22: folds 
kevinc255: folds 
Braves2799: folds 
gb9style: folds 
Wetcirc1e: folds 
Wetcirc1e leaves the table
Nordbergo: calls $0.15
Maggy54: checks 
*** FLOP *** [Kd 4c Qs]
Nordbergo: bets $0.25
spacer77 joins the table at seat #3 
Maggy54: folds 
Uncalled bet ($0.25) returned to Nordbergo
Nordbergo collected $0.50 from pot
*** SUMMARY ***
Total pot $0.50 | Rake $0 
Board [Kd 4c Qs]
Seat 1: Braves2799 folded before Flop (didn't bet)
Seat 2: gb9style folded before Flop (didn't bet)
Seat 3: Wetcirc1e (button) folded before Flop (didn't bet)
Seat 4: Nordbergo (small blind) collected ($0.50)
Seat 5: Maggy54 (big blind) folded on the Flop
Seat 6: CeeBiscuit folded before Flop (didn't bet)
Seat 7: nuroKK folded before Flop (didn't bet)
Seat 8: Alameda22 folded before Flop (didn't bet)
Seat 9: kevinc255 folded before Flop (didn't bet)



PokerStars Game #20096247618:  Hold'em No Limit ($0.10/$0.25) - 2008/09/02 15:48:47 ET
Table 'Hyperion' 9-max Seat #4 is the button
Seat 1: Braves2799 ($10 in chips) 
Seat 2: gb9style ($25.10 in chips) 
Seat 3: spacer77 ($25 in chips) 
Seat 4: Nordbergo ($4.35 in chips) 
Seat 5: Maggy54 ($4.40 in chips) 
Seat 6: CeeBiscuit ($10.75 in chips) 
Seat 7: nuroKK ($25 in chips) 
Seat 8: Alameda22 ($27.40 in chips) 
Seat 9: kevinc255 ($24.65 in chips) 
Maggy54: posts small blind $0.10
CeeBiscuit: posts big blind $0.25
spacer77: posts big blind $0.25
*** HOLE CARDS ***
Dealt to Alameda22 [Kc Qh]
nuroKK: folds 
Alameda22: folds 
kevinc255: folds 
Braves2799: folds 
gb9style: folds 
spacer77: checks 
Nordbergo: folds 
Maggy54: folds 
CeeBiscuit: checks 
*** FLOP *** [Jd 6d 4h]
CeeBiscuit: checks 
spacer77: checks 
*** TURN *** [Jd 6d 4h] [Qd]
CeeBiscuit: checks 
spacer77: checks 
*** RIVER *** [Jd 6d 4h Qd] [Tc]
CeeBiscuit: checks 
spacer77: checks 
*** SHOW DOWN ***
CeeBiscuit: shows [5s 7h] (high card Queen)
spacer77: shows [As 4s] (a pair of Fours)
spacer77 collected $0.60 from pot
*** SUMMARY ***
Total pot $0.60 | Rake $0 
Board [Jd 6d 4h Qd Tc]
Seat 1: Braves2799 folded before Flop (didn't bet)
Seat 2: gb9style folded before Flop (didn't bet)
Seat 3: spacer77 showed [As 4s] and won ($0.60) with a pair of Fours
Seat 4: Nordbergo (button) folded before Flop (didn't bet)
Seat 5: Maggy54 (small blind) folded before Flop
Seat 6: CeeBiscuit (big blind) showed [5s 7h] and lost with high card Queen
Seat 7: nuroKK folded before Flop (didn't bet)
Seat 8: Alameda22 folded before Flop (didn't bet)
Seat 9: kevinc255 folded before Flop (didn't bet)



PokerStars Game #20096276698:  Hold'em No Limit ($0.10/$0.25) - 2008/09/02 15:49:59 ET
Table 'Hyperion' 9-max Seat #5 is the button
Seat 1: Braves2799 ($10 in chips) 
Seat 2: gb9style ($25.10 in chips) 
Seat 3: spacer77 ($25.35 in chips) 
Seat 4: Nordbergo ($4.35 in chips) 
Seat 5: Maggy54 ($4.30 in chips) 
Seat 6: CeeBiscuit ($10.50 in chips) 
Seat 7: nuroKK ($25 in chips) 
Seat 8: Alameda22 ($27.40 in chips) 
Seat 9: kevinc255 ($24.65 in chips) 
CeeBiscuit: posts small blind $0.10
nuroKK: posts big blind $0.25
*** HOLE CARDS ***
Dealt to Alameda22 [7s 6c]
Alameda22: folds 
kevinc255: folds 
Braves2799: folds 
gb9style: folds 
spacer77: folds 
Nordbergo: raises $0.50 to $0.75
Maggy54: folds 
CeeBiscuit: folds 
nuroKK: folds 
Uncalled bet ($0.50) returned to Nordbergo
Nordbergo collected $0.60 from pot
Nordbergo: doesn't show hand 
*** SUMMARY ***
Total pot $0.60 | Rake $0 
Seat 1: Braves2799 folded before Flop (didn't bet)
Seat 2: gb9style folded before Flop (didn't bet)
Seat 3: spacer77 folded before Flop (didn't bet)
Seat 4: Nordbergo collected ($0.60)
Seat 5: Maggy54 (button) folded before Flop (didn't bet)
Seat 6: CeeBiscuit (small blind) folded before Flop
Seat 7: nuroKK (big blind) folded before Flop
Seat 8: Alameda22 folded before Flop (didn't bet)
Seat 9: kevinc255 folded before Flop (didn't bet)



PokerStars Game #20096292401:  Hold'em No Limit ($0.10/$0.25) - 2008/09/02 15:50:38 ET
Table 'Hyperion' 9-max Seat #6 is the button
Seat 1: Braves2799 ($10 in chips) 
Seat 2: gb9style ($25.10 in chips) 
Seat 3: spacer77 ($25.35 in chips) 
Seat 4: Nordbergo ($4.70 in chips) 
Seat 5: Maggy54 ($4.30 in chips) 
Seat 6: CeeBiscuit ($10.40 in chips) 
Seat 7: nuroKK ($24.75 in chips) 
Seat 8: Alameda22 ($27.40 in chips) 
Seat 9: kevinc255 ($24.65 in chips) 
nuroKK: posts small blind $0.10
Alameda22: posts big blind $0.25
*** HOLE CARDS ***
Dealt to Alameda22 [Ks 6c]
kevinc255: calls $0.25
Braves2799: folds 
gb9style: folds 
spacer77: folds 
Nordbergo: folds 
Maggy54: folds 
CeeBiscuit: folds 
nuroKK: calls $0.15
Alameda22: checks 
*** FLOP *** [5c 6h Th]
nuroKK: checks 
Alameda22: checks 
kevinc255: checks 
*** TURN *** [5c 6h Th] [9c]
nuroKK: checks 
Alameda22: checks 
kevinc255: checks 
*** RIVER *** [5c 6h Th 9c] [Jc]
nuroKK: checks 
Alameda22: checks 
kevinc255: checks 
*** SHOW DOWN ***
nuroKK: shows [8h Kc] (high card King)
Alameda22: shows [Ks 6c] (a pair of Sixes)
kevinc255: shows [7c 7d] (a pair of Sevens)
kevinc255 collected $0.75 from pot
*** SUMMARY ***
Total pot $0.75 | Rake $0 
Board [5c 6h Th 9c Jc]
Seat 1: Braves2799 folded before Flop (didn't bet)
Seat 2: gb9style folded before Flop (didn't bet)
Seat 3: spacer77 folded before Flop (didn't bet)
Seat 4: Nordbergo folded before Flop (didn't bet)
Seat 5: Maggy54 folded before Flop (didn't bet)
Seat 6: CeeBiscuit (button) folded before Flop (didn't bet)
Seat 7: nuroKK (small blind) showed [8h Kc] and lost with high card King
Seat 8: Alameda22 (big blind) showed [Ks 6c] and lost with a pair of Sixes
Seat 9: kevinc255 showed [7c 7d] and won ($0.75) with a pair of Sevens



PokerStars Game #20096322763:  Hold'em No Limit ($0.10/$0.25) - 2008/09/02 15:51:54 ET
Table 'Hyperion' 9-max Seat #7 is the button
Seat 1: Braves2799 ($10 in chips) 
Seat 2: gb9style ($25.10 in chips) 
Seat 3: spacer77 ($25.35 in chips) 
Seat 4: Nordbergo ($4.70 in chips) 
Seat 5: Maggy54 ($4.30 in chips) 
Seat 6: CeeBiscuit ($10.40 in chips) 
Seat 7: nuroKK ($24.50 in chips) 
Seat 8: Alameda22 ($27.15 in chips) 
Seat 9: kevinc255 ($25.15 in chips) 
Alameda22: posts small blind $0.10
kevinc255: posts big blind $0.25
*** HOLE CARDS ***
Dealt to Alameda22 [5d 7c]
Braves2799: folds 
gb9style: folds 
spacer77: folds 
Nordbergo: folds 
Maggy54: folds 
CeeBiscuit: calls $0.25
nuroKK: folds 
Alameda22: folds 
kevinc255: checks 
*** FLOP *** [9c 6c 5h]
kevinc255: checks 
CeeBiscuit: bets $0.25
kevinc255: folds 
Uncalled bet ($0.25) returned to CeeBiscuit
CeeBiscuit collected $0.60 from pot
*** SUMMARY ***
Total pot $0.60 | Rake $0 
Board [9c 6c 5h]
Seat 1: Braves2799 folded before Flop (didn't bet)
Seat 2: gb9style folded before Flop (didn't bet)
Seat 3: spacer77 folded before Flop (didn't bet)
Seat 4: Nordbergo folded before Flop (didn't bet)
Seat 5: Maggy54 folded before Flop (didn't bet)
Seat 6: CeeBiscuit collected ($0.60)
Seat 7: nuroKK (button) folded before Flop (didn't bet)
Seat 8: Alameda22 (small blind) folded before Flop
Seat 9: kevinc255 (big blind) folded on the Flop



PokerStars Game #20096337798:  Hold'em No Limit ($0.10/$0.25) - 2008/09/02 15:52:31 ET
Table 'Hyperion' 9-max Seat #8 is the button
Seat 1: Braves2799 ($10 in chips) 
Seat 2: gb9style ($25.10 in chips) 
Seat 3: spacer77 ($25.35 in chips) 
Seat 4: Nordbergo ($4.70 in chips) 
Seat 5: Maggy54 ($4.30 in chips) 
Seat 6: CeeBiscuit ($10.75 in chips) 
Seat 7: nuroKK ($24.50 in chips) 
Seat 8: Alameda22 ($27.05 in chips) 
Seat 9: kevinc255 ($24.90 in chips) 
kevinc255: posts small blind $0.10
Braves2799: posts big blind $0.25
*** HOLE CARDS ***
Dealt to Alameda22 [4d 4h]
gb9style: folds 
spacer77: folds 
Nordbergo is disconnected 
Nordbergo is connected 
Nordbergo: folds 
Maggy54: folds 
CeeBiscuit: folds 
nuroKK: folds 
Alameda22: raises $0.75 to $1
kevinc255: folds 
Braves2799: folds 
Uncalled bet ($0.75) returned to Alameda22
Alameda22 collected $0.60 from pot
Alameda22: doesn't show hand 
*** SUMMARY ***
Total pot $0.60 | Rake $0 
Seat 1: Braves2799 (big blind) folded before Flop
Seat 2: gb9style folded before Flop (didn't bet)
Seat 3: spacer77 folded before Flop (didn't bet)
Seat 4: Nordbergo folded before Flop (didn't bet)
Seat 5: Maggy54 folded before Flop (didn't bet)
Seat 6: CeeBiscuit folded before Flop (didn't bet)
Seat 7: nuroKK folded before Flop (didn't bet)
Seat 8: Alameda22 (button) collected ($0.60)
Seat 9: kevinc255 (small blind) folded before Flop



PokerStars Game #20096362360:  Hold'em No Limit ($0.10/$0.25) - 2008/09/02 15:53:32 ET
Table 'Hyperion' 9-max Seat #9 is the button
Seat 1: Braves2799 ($9.75 in chips) 
Seat 2: gb9style ($25.10 in chips) 
Seat 3: spacer77 ($25.35 in chips) 
Seat 4: Nordbergo ($4.70 in chips) 
Seat 5: Maggy54 ($4.30 in chips) 
Seat 6: CeeBiscuit ($10.75 in chips) 
Seat 7: nuroKK ($24.50 in chips) 
Seat 8: Alameda22 ($27.40 in chips) 
Seat 9: kevinc255 ($24.80 in chips) 
Braves2799: posts small blind $0.10
gb9style: posts big blind $0.25
*** HOLE CARDS ***
Dealt to Alameda22 [Ks 5h]
spacer77: folds 
Nordbergo: folds 
Maggy54: folds 
CeeBiscuit: folds 
nuroKK: folds 
Alameda22: folds 
kevinc255: raises $1 to $1.25
Braves2799: folds 
gb9style: folds 
Uncalled bet ($1) returned to kevinc255
kevinc255 collected $0.60 from pot
kevinc255: doesn't show hand 
*** SUMMARY ***
Total pot $0.60 | Rake $0 
Seat 1: Braves2799 (small blind) folded before Flop
Seat 2: gb9style (big blind) folded before Flop
Seat 3: spacer77 folded before Flop (didn't bet)
Seat 4: Nordbergo folded before Flop (didn't bet)
Seat 5: Maggy54 folded before Flop (didn't bet)
Seat 6: CeeBiscuit folded before Flop (didn't bet)
Seat 7: nuroKK folded before Flop (didn't bet)
Seat 8: Alameda22 folded before Flop (didn't bet)
Seat 9: kevinc255 (button) collected ($0.60)



PokerStars Game #20096376624:  Hold'em No Limit ($0.10/$0.25) - 2008/09/02 15:54:07 ET
Table 'Hyperion' 9-max Seat #1 is the button
Seat 1: Braves2799 ($9.65 in chips) 
Seat 2: gb9style ($24.85 in chips) 
Seat 3: spacer77 ($25.35 in chips) 
Seat 4: Nordbergo ($4.70 in chips) 
Seat 5: Maggy54 ($4.30 in chips) 
Seat 6: CeeBiscuit ($10.75 in chips) 
Seat 7: nuroKK ($24.50 in chips) 
Seat 8: Alameda22 ($27.40 in chips) 
Seat 9: kevinc255 ($25.15 in chips) 
gb9style: posts small blind $0.10
spacer77: posts big blind $0.25
*** HOLE CARDS ***
Dealt to Alameda22 [9s 2s]
Nordbergo: folds 
Maggy54: folds 
CeeBiscuit: folds 
nuroKK: folds 
Alameda22: folds 
kevinc255: folds 
Braves2799: folds 
gb9style: calls $0.15
spacer77: checks 
*** FLOP *** [2d Ac Kd]
gb9style: checks 
spacer77: bets $0.25
gb9style: folds 
Uncalled bet ($0.25) returned to spacer77
spacer77 collected $0.50 from pot
spacer77: doesn't show hand 
*** SUMMARY ***
Total pot $0.50 | Rake $0 
Board [2d Ac Kd]
Seat 1: Braves2799 (button) folded before Flop (didn't bet)
Seat 2: gb9style (small blind) folded on the Flop
Seat 3: spacer77 (big blind) collected ($0.50)
Seat 4: Nordbergo folded before Flop (didn't bet)
Seat 5: Maggy54 folded before Flop (didn't bet)
Seat 6: CeeBiscuit folded before Flop (didn't bet)
Seat 7: nuroKK folded before Flop (didn't bet)
Seat 8: Alameda22 folded before Flop (didn't bet)
Seat 9: kevinc255 folded before Flop (didn't bet)



PokerStars Game #20096401832:  Hold'em No Limit ($0.10/$0.25) - 2008/09/02 15:55:10 ET
Table 'Hyperion' 9-max Seat #2 is the button
Seat 1: Braves2799 ($9.65 in chips) 
Seat 2: gb9style ($24.60 in chips) 
Seat 3: spacer77 ($25.60 in chips) 
Seat 4: Nordbergo ($4.70 in chips) 
Seat 5: Maggy54 ($4.30 in chips) 
Seat 6: CeeBiscuit ($10.75 in chips) 
Seat 7: nuroKK ($24.50 in chips) 
Seat 8: Alameda22 ($27.40 in chips) 
Seat 9: kevinc255 ($25.15 in chips) 
spacer77: posts small blind $0.10
Nordbergo: posts big blind $0.25
*** HOLE CARDS ***
Dealt to Alameda22 [9h Qc]
Maggy54: folds 
CeeBiscuit: folds 
nuroKK: folds 
Alameda22: folds 
kevinc255: folds 
Braves2799: folds 
gb9style: folds 
spacer77: folds 
Uncalled bet ($0.15) returned to Nordbergo
Nordbergo collected $0.20 from pot
*** SUMMARY ***
Total pot $0.20 | Rake $0 
Seat 1: Braves2799 folded before Flop (didn't bet)
Seat 2: gb9style (button) folded before Flop (didn't bet)
Seat 3: spacer77 (small blind) folded before Flop
Seat 4: Nordbergo (big blind) collected ($0.20)
Seat 5: Maggy54 folded before Flop (didn't bet)
Seat 6: CeeBiscuit folded before Flop (didn't bet)
Seat 7: nuroKK folded before Flop (didn't bet)
Seat 8: Alameda22 folded before Flop (didn't bet)
Seat 9: kevinc255 folded before Flop (didn't bet)



PokerStars Game #20096409874:  Hold'em No Limit ($0.10/$0.25) - 2008/09/02 15:55:29 ET
Table 'Hyperion' 9-max Seat #3 is the button
Seat 1: Braves2799 ($9.65 in chips) 
Seat 2: gb9style ($24.60 in chips) 
Seat 3: spacer77 ($25.50 in chips) 
Seat 4: Nordbergo ($4.80 in chips) 
Seat 5: Maggy54 ($4.30 in chips) 
Seat 6: CeeBiscuit ($10.75 in chips) 
Seat 7: nuroKK ($24.50 in chips) 
Seat 8: Alameda22 ($27.40 in chips) 
Seat 9: kevinc255 ($25.15 in chips) 
Nordbergo: posts small blind $0.10
Maggy54: posts big blind $0.25
*** HOLE CARDS ***
Dealt to Alameda22 [8s 9c]
CeeBiscuit: folds 
nuroKK: folds 
Alameda22: folds 
kevinc255: folds 
Braves2799: folds 
gb9style: raises $0.60 to $0.85
spacer77: folds 
Nordbergo: folds 
Maggy54: folds 
Uncalled bet ($0.60) returned to gb9style
gb9style collected $0.60 from pot
*** SUMMARY ***
Total pot $0.60 | Rake $0 
Seat 1: Braves2799 folded before Flop (didn't bet)
Seat 2: gb9style collected ($0.60)
Seat 3: spacer77 (button) folded before Flop (didn't bet)
Seat 4: Nordbergo (small blind) folded before Flop
Seat 5: Maggy54 (big blind) folded before Flop
Seat 6: CeeBiscuit folded before Flop (didn't bet)
Seat 7: nuroKK folded before Flop (didn't bet)
Seat 8: Alameda22 folded before Flop (didn't bet)
Seat 9: kevinc255 folded before Flop (didn't bet)



PokerStars Game #20096430888:  Hold'em No Limit ($0.10/$0.25) - 2008/09/02 15:56:21 ET
Table 'Hyperion' 9-max Seat #4 is the button
Seat 1: Braves2799 ($9.65 in chips) 
Seat 2: gb9style ($24.95 in chips) 
Seat 3: spacer77 ($25.50 in chips) 
Seat 4: Nordbergo ($4.70 in chips) 
Seat 5: Maggy54 ($4.05 in chips) 
Seat 6: CeeBiscuit ($10.75 in chips) 
Seat 7: nuroKK ($24.50 in chips) 
Seat 8: Alameda22 ($27.40 in chips) 
Seat 9: kevinc255 ($25.15 in chips) 
Maggy54: posts small blind $0.10
CeeBiscuit: posts big blind $0.25
*** HOLE CARDS ***
Dealt to Alameda22 [3d Jd]
nuroKK: folds 
nuroKK leaves the table
Alameda22: folds 
kevinc255: folds 
Braves2799: folds 
gb9style: folds 
spacer77: folds 
Nordbergo: raises $0.50 to $0.75
Maggy54: folds 
CeeBiscuit: folds 
Uncalled bet ($0.50) returned to Nordbergo
Nordbergo collected $0.60 from pot
*** SUMMARY ***
Total pot $0.60 | Rake $0 
Seat 1: Braves2799 folded before Flop (didn't bet)
Seat 2: gb9style folded before Flop (didn't bet)
Seat 3: spacer77 folded before Flop (didn't bet)
Seat 4: Nordbergo (button) collected ($0.60)
Seat 5: Maggy54 (small blind) folded before Flop
Seat 6: CeeBiscuit (big blind) folded before Flop
Seat 7: nuroKK folded before Flop (didn't bet)
Seat 8: Alameda22 folded before Flop (didn't bet)
Seat 9: kevinc255 folded before Flop (didn't bet)



PokerStars Game #20096444874:  Hold'em No Limit ($0.10/$0.25) - 2008/09/02 15:56:56 ET
Table 'Hyperion' 9-max Seat #5 is the button
Seat 1: Braves2799 ($9.65 in chips) 
Seat 2: gb9style ($24.95 in chips) 
Seat 3: spacer77 ($25.50 in chips) 
Seat 4: Nordbergo ($5.05 in chips) 
Seat 5: Maggy54 ($3.95 in chips) 
Seat 6: CeeBiscuit ($10.50 in chips) 
Seat 8: Alameda22 ($27.40 in chips) 
Seat 9: kevinc255 ($25.15 in chips) 
CeeBiscuit: posts small blind $0.10
Alameda22: posts big blind $0.25
*** HOLE CARDS ***
Dealt to Alameda22 [Qd 4d]
kevinc255: folds 
Braves2799: folds 
gb9style: raises $0.60 to $0.85
spacer77: folds 
Nordbergo: folds 
Maggy54: folds 
CeeBiscuit: folds 
Alameda22: folds 
Uncalled bet ($0.60) returned to gb9style
gb9style collected $0.60 from pot
gb9style: doesn't show hand 
*** SUMMARY ***
Total pot $0.60 | Rake $0 
Seat 1: Braves2799 folded before Flop (didn't bet)
Seat 2: gb9style collected ($0.60)
Seat 3: spacer77 folded before Flop (didn't bet)
Seat 4: Nordbergo folded before Flop (didn't bet)
Seat 5: Maggy54 (button) folded before Flop (didn't bet)
Seat 6: CeeBiscuit (small blind) folded before Flop
Seat 8: Alameda22 (big blind) folded before Flop
Seat 9: kevinc255 folded before Flop (didn't bet)



PokerStars Game #20096460365:  Hold'em No Limit ($0.10/$0.25) - 2008/09/02 15:57:34 ET
Table 'Hyperion' 9-max Seat #6 is the button
Seat 1: Braves2799 ($9.65 in chips) 
Seat 2: gb9style ($25.30 in chips) 
Seat 3: spacer77 ($25.50 in chips) 
Seat 4: Nordbergo ($5.05 in chips) 
Seat 5: Maggy54 ($3.95 in chips) 
Seat 6: CeeBiscuit ($10.40 in chips) 
Seat 8: Alameda22 ($27.15 in chips) 
Alameda22: posts small blind $0.10
kevinc255: is sitting out 
kevinc255 leaves the table
Braves2799: posts big blind $0.25
*** HOLE CARDS ***
Dealt to Alameda22 [Kh 9d]
gb9style: folds 
spacer77: folds 
Nordbergo: folds 
Maggy54: folds 
CeeBiscuit: folds 
Alameda22: folds 
Uncalled bet ($0.15) returned to Braves2799
Braves2799 collected $0.20 from pot
Braves2799: doesn't show hand 
*** SUMMARY ***
Total pot $0.20 | Rake $0 
Seat 1: Braves2799 (big blind) collected ($0.20)
Seat 2: gb9style folded before Flop (didn't bet)
Seat 3: spacer77 folded before Flop (didn't bet)
Seat 4: Nordbergo folded before Flop (didn't bet)
Seat 5: Maggy54 folded before Flop (didn't bet)
Seat 6: CeeBiscuit (button) folded before Flop (didn't bet)
Seat 8: Alameda22 (small blind) folded before Flop



PokerStars Game #20096478703:  Hold'em No Limit ($0.10/$0.25) - 2008/09/02 15:58:20 ET
Table 'Hyperion' 9-max Seat #8 is the button
Seat 1: Braves2799 ($9.75 in chips) 
Seat 2: gb9style ($25.30 in chips) 
Seat 3: spacer77 ($25.50 in chips) 
Seat 4: Nordbergo ($5.05 in chips) 
Seat 5: Maggy54 ($3.95 in chips) 
Seat 6: CeeBiscuit ($10.40 in chips) 
Seat 8: Alameda22 ($27.05 in chips) 
Braves2799: posts small blind $0.10
gb9style: posts big blind $0.25
*** HOLE CARDS ***
Dealt to Alameda22 [Jc Ac]
spacer77: folds 
Nordbergo: raises $0.50 to $0.75
Maggy54: folds 
CeeBiscuit is disconnected 
CeeBiscuit is connected 
CeeBiscuit: folds 
Alameda22: folds 
Braves2799: folds 
gb9style: folds 
Uncalled bet ($0.50) returned to Nordbergo
Nordbergo collected $0.60 from pot
Nordbergo: doesn't show hand 
*** SUMMARY ***
Total pot $0.60 | Rake $0 
Seat 1: Braves2799 (small blind) folded before Flop
Seat 2: gb9style (big blind) folded before Flop
Seat 3: spacer77 folded before Flop (didn't bet)
Seat 4: Nordbergo collected ($0.60)
Seat 5: Maggy54 folded before Flop (didn't bet)
Seat 6: CeeBiscuit folded before Flop (didn't bet)
Seat 8: Alameda22 (button) folded before Flop (didn't bet)



PokerStars Game #20096500466:  Hold'em No Limit ($0.10/$0.25) - 2008/09/02 15:59:14 ET
Table 'Hyperion' 9-max Seat #1 is the button
Seat 1: Braves2799 ($9.65 in chips) 
Seat 2: gb9style ($25.05 in chips) 
Seat 3: spacer77 ($25.50 in chips) 
Seat 4: Nordbergo ($5.40 in chips) 
Seat 5: Maggy54 ($3.95 in chips) 
Seat 6: CeeBiscuit ($10.40 in chips) 
Seat 8: Alameda22 ($27.05 in chips) 
gb9style: posts small blind $0.10
spacer77: posts big blind $0.25
*** HOLE CARDS ***
Dealt to Alameda22 [Js Jh]
Nordbergo: folds 
Maggy54: folds 
CeeBiscuit: calls $0.25
Alameda22: raises $1 to $1.25
Braves2799: folds 
gb9style: folds 
spacer77: folds 
CeeBiscuit: folds 
Uncalled bet ($1) returned to Alameda22
Alameda22 collected $0.85 from pot
Alameda22: doesn't show hand 
thebluecrow. joins the table at seat #7 
*** SUMMARY ***
Total pot $0.85 | Rake $0 
Seat 1: Braves2799 (button) folded before Flop (didn't bet)
Seat 2: gb9style (small blind) folded before Flop
Seat 3: spacer77 (big blind) folded before Flop
Seat 4: Nordbergo folded before Flop (didn't bet)
Seat 5: Maggy54 folded before Flop (didn't bet)
Seat 6: CeeBiscuit folded before Flop
Seat 8: Alameda22 collected ($0.85)



PokerStars Game #20096515167:  Hold'em No Limit ($0.10/$0.25) - 2008/09/02 15:59:51 ET
Table 'Hyperion' 9-max Seat #2 is the button
Seat 1: Braves2799 ($9.65 in chips) 
Seat 2: gb9style ($24.95 in chips) 
Seat 3: spacer77 ($25.25 in chips) 
Seat 4: Nordbergo ($5.40 in chips) 
Seat 5: Maggy54 ($3.95 in chips) 
Seat 6: CeeBiscuit ($10.15 in chips) 
Seat 8: Alameda22 ($27.65 in chips) 
spacer77: posts small blind $0.10
Nordbergo: posts big blind $0.25
thebluecrow.: sits out 
*** HOLE CARDS ***
Dealt to Alameda22 [3s 7c]
Maggy54: folds 
CeeBiscuit: calls $0.25
Alameda22: folds 
Braves2799: folds 
gb9style: folds 
spacer77: folds 
Nordbergo: checks 
*** FLOP *** [Ts Jh 2c]
Nordbergo: checks 
CeeBiscuit: bets $0.25
Nordbergo: folds 
Uncalled bet ($0.25) returned to CeeBiscuit
CeeBiscuit collected $0.60 from pot
CeeBiscuit: doesn't show hand 
*** SUMMARY ***
Total pot $0.60 | Rake $0 
Board [Ts Jh 2c]
Seat 1: Braves2799 folded before Flop (didn't bet)
Seat 2: gb9style (button) folded before Flop (didn't bet)
Seat 3: spacer77 (small blind) folded before Flop
Seat 4: Nordbergo (big blind) folded on the Flop
Seat 5: Maggy54 folded before Flop (didn't bet)
Seat 6: CeeBiscuit collected ($0.60)
Seat 8: Alameda22 folded before Flop (didn't bet)



PokerStars Game #20096534247:  Hold'em No Limit ($0.10/$0.25) - 2008/09/02 16:00:36 ET
Table 'Hyperion' 9-max Seat #3 is the button
Seat 1: Braves2799 ($9.65 in chips) 
Seat 2: gb9style ($24.95 in chips) 
Seat 3: spacer77 ($25.15 in chips) 
Seat 4: Nordbergo ($5.15 in chips) 
Seat 5: Maggy54 ($3.95 in chips) 
Seat 6: CeeBiscuit ($10.50 in chips) 
Seat 8: Alameda22 ($27.65 in chips) 
Nordbergo: posts small blind $0.10
Maggy54: posts big blind $0.25
thebluecrow.: sits out 
*** HOLE CARDS ***
Dealt to Alameda22 [Jc Td]
CeeBiscuit: folds 
Alameda22: folds 
Braves2799: folds 
gb9style: folds 
spacer77: folds 
Nordbergo: calls $0.15
Maggy54: checks 
*** FLOP *** [Tc Ac Js]
djones148 joins the table at seat #9 
Nordbergo: checks 
Maggy54: checks 
*** TURN *** [Tc Ac Js] [Jh]
Nordbergo: checks 
Maggy54: checks 
*** RIVER *** [Tc Ac Js Jh] [7d]
Nordbergo: checks 
Maggy54: checks 
*** SHOW DOWN ***
Nordbergo: shows [Ks 6h] (a pair of Jacks)
Maggy54: mucks hand 
Nordbergo collected $0.50 from pot
*** SUMMARY ***
Total pot $0.50 | Rake $0 
Board [Tc Ac Js Jh 7d]
Seat 1: Braves2799 folded before Flop (didn't bet)
Seat 2: gb9style folded before Flop (didn't bet)
Seat 3: spacer77 (button) folded before Flop (didn't bet)
Seat 4: Nordbergo (small blind) showed [Ks 6h] and won ($0.50) with a pair of Jacks
Seat 5: Maggy54 (big blind) mucked [6s 8s]
Seat 6: CeeBiscuit folded before Flop (didn't bet)
Seat 8: Alameda22 folded before Flop (didn't bet)



PokerStars Game #20096554408:  Hold'em No Limit ($0.10/$0.25) - 2008/09/02 16:01:24 ET
Table 'Hyperion' 9-max Seat #4 is the button
Seat 1: Braves2799 ($9.65 in chips) 
Seat 2: gb9style ($24.95 in chips) 
Seat 3: spacer77 ($25.15 in chips) 
Seat 4: Nordbergo ($5.40 in chips) 
Seat 5: Maggy54 ($3.70 in chips) 
Seat 6: CeeBiscuit ($10.50 in chips) 
Seat 8: Alameda22 ($27.65 in chips) 
Maggy54: posts small blind $0.10
CeeBiscuit: posts big blind $0.25
thebluecrow.: sits out 
djones148: sits out 
*** HOLE CARDS ***
Dealt to Alameda22 [Qh Jd]
Alameda22: folds 
Braves2799: folds 
gb9style: folds 
spacer77: folds 
Nordbergo: raises $0.50 to $0.75
Maggy54: folds 
CeeBiscuit: calls $0.50
*** FLOP *** [Th Qd 9c]
CeeBiscuit: checks 
Nordbergo: checks 
*** TURN *** [Th Qd 9c] [Ad]
CeeBiscuit: bets $0.25
Nordbergo: raises $1 to $1.25
CeeBiscuit: folds 
Uncalled bet ($1) returned to Nordbergo
Nordbergo collected $2 from pot
Nordbergo: doesn't show hand 
*** SUMMARY ***
Total pot $2.10 | Rake $0.10 
Board [Th Qd 9c Ad]
Seat 1: Braves2799 folded before Flop (didn't bet)
Seat 2: gb9style folded before Flop (didn't bet)
Seat 3: spacer77 folded before Flop (didn't bet)
Seat 4: Nordbergo (button) collected ($2)
Seat 5: Maggy54 (small blind) folded before Flop
Seat 6: CeeBiscuit (big blind) folded on the Turn
Seat 8: Alameda22 folded before Flop (didn't bet)



PokerStars Game #20096577901:  Hold'em No Limit ($0.10/$0.25) - 2008/09/02 16:02:22 ET
Table 'Hyperion' 9-max Seat #5 is the button
Seat 1: Braves2799 ($9.65 in chips) 
Seat 2: gb9style ($24.95 in chips) 
Seat 3: spacer77 ($25.15 in chips) 
Seat 4: Nordbergo ($6.40 in chips) 
Seat 5: Maggy54 ($5 in chips) 
Seat 6: CeeBiscuit ($9.50 in chips) 
Seat 7: thebluecrow. ($25 in chips) 
Seat 8: Alameda22 ($27.65 in chips) 
CeeBiscuit: posts small blind $0.10
thebluecrow.: posts big blind $0.25
djones148: sits out 
*** HOLE CARDS ***
Dealt to Alameda22 [3h 4s]
Alameda22: folds 
Braves2799: folds 
gb9style: folds 
spacer77: folds 
Nordbergo: folds 
Maggy54: folds 
CeeBiscuit: folds 
Uncalled bet ($0.15) returned to thebluecrow.
thebluecrow. collected $0.20 from pot
thebluecrow.: doesn't show hand 
*** SUMMARY ***
Total pot $0.20 | Rake $0 
Seat 1: Braves2799 folded before Flop (didn't bet)
Seat 2: gb9style folded before Flop (didn't bet)
Seat 3: spacer77 folded before Flop (didn't bet)
Seat 4: Nordbergo folded before Flop (didn't bet)
Seat 5: Maggy54 (button) folded before Flop (didn't bet)
Seat 6: CeeBiscuit (small blind) folded before Flop
Seat 7: thebluecrow. (big blind) collected ($0.20)
Seat 8: Alameda22 folded before Flop (didn't bet)



PokerStars Game #20096590833:  Hold'em No Limit ($0.10/$0.25) - 2008/09/02 16:02:54 ET
Table 'Hyperion' 9-max Seat #6 is the button
Seat 1: Braves2799 ($9.65 in chips) 
Seat 2: gb9style ($24.95 in chips) 
Seat 3: spacer77 ($25.15 in chips) 
Seat 4: Nordbergo ($6.40 in chips) 
Seat 5: Maggy54 ($5 in chips) 
Seat 6: CeeBiscuit ($9.40 in chips) 
Seat 7: thebluecrow. ($25.10 in chips) 
Seat 8: Alameda22 ($27.65 in chips) 
thebluecrow.: posts small blind $0.10
Alameda22: posts big blind $0.25
djones148: sits out 
*** HOLE CARDS ***
Dealt to Alameda22 [9h 9d]
Braves2799: folds 
gb9style: raises $0.65 to $0.90
spacer77: folds 
Nordbergo: folds 
Maggy54: folds 
CeeBiscuit: folds 
thebluecrow.: folds 
Alameda22: calls $0.65
*** FLOP *** [3d Js 7c]
Alameda22: checks 
gb9style: bets $1
Alameda22: folds 
Uncalled bet ($1) returned to gb9style
gb9style collected $1.85 from pot
gb9style: doesn't show hand 
*** SUMMARY ***
Total pot $1.90 | Rake $0.05 
Board [3d Js 7c]
Seat 1: Braves2799 folded before Flop (didn't bet)
Seat 2: gb9style collected ($1.85)
Seat 3: spacer77 folded before Flop (didn't bet)
Seat 4: Nordbergo folded before Flop (didn't bet)
Seat 5: Maggy54 folded before Flop (didn't bet)
Seat 6: CeeBiscuit (button) folded before Flop (didn't bet)
Seat 7: thebluecrow. (small blind) folded before Flop
Seat 8: Alameda22 (big blind) folded on the Flop



PokerStars Game #20096611306:  Hold'em No Limit ($0.10/$0.25) - 2008/09/02 16:03:44 ET
Table 'Hyperion' 9-max Seat #7 is the button
Seat 1: Braves2799 ($9.65 in chips) 
Seat 2: gb9style ($25.90 in chips) 
Seat 3: spacer77 ($25.15 in chips) 
Seat 4: Nordbergo ($6.40 in chips) 
Seat 5: Maggy54 ($5 in chips) 
Seat 6: CeeBiscuit ($9.40 in chips) 
Seat 7: thebluecrow. ($25 in chips) 
Seat 8: Alameda22 ($26.75 in chips) 
Seat 9: djones148 ($25 in chips) 
Alameda22: posts small blind $0.10
djones148: posts big blind $0.25
*** HOLE CARDS ***
Dealt to Alameda22 [Kd 3c]
Braves2799: folds 
gb9style: folds 
spacer77: folds 
Nordbergo: raises $0.50 to $0.75
Maggy54: folds 
CeeBiscuit: folds 
thebluecrow.: folds 
Alameda22: folds 
djones148: folds 
Uncalled bet ($0.50) returned to Nordbergo
Nordbergo collected $0.60 from pot
Nordbergo: doesn't show hand 
*** SUMMARY ***
Total pot $0.60 | Rake $0 
Seat 1: Braves2799 folded before Flop (didn't bet)
Seat 2: gb9style folded before Flop (didn't bet)
Seat 3: spacer77 folded before Flop (didn't bet)
Seat 4: Nordbergo collected ($0.60)
Seat 5: Maggy54 folded before Flop (didn't bet)
Seat 6: CeeBiscuit folded before Flop (didn't bet)
Seat 7: thebluecrow. (button) folded before Flop (didn't bet)
Seat 8: Alameda22 (small blind) folded before Flop
Seat 9: djones148 (big blind) folded before Flop



PokerStars Game #20096627706:  Hold'em No Limit ($0.10/$0.25) - 2008/09/02 16:04:24 ET
Table 'Hyperion' 9-max Seat #8 is the button
Seat 1: Braves2799 ($9.65 in chips) 
Seat 2: gb9style ($25.90 in chips) 
Seat 3: spacer77 ($25.15 in chips) 
Seat 4: Nordbergo ($6.75 in chips) 
Seat 5: Maggy54 ($5 in chips) 
Seat 6: CeeBiscuit ($9.40 in chips) 
Seat 7: thebluecrow. ($25 in chips) 
Seat 8: Alameda22 ($26.65 in chips) 
Seat 9: djones148 ($24.75 in chips) 
djones148: posts small blind $0.10
Braves2799: posts big blind $0.25
*** HOLE CARDS ***
Dealt to Alameda22 [6s 3h]
gb9style: folds 
spacer77: folds 
Nordbergo: folds 
Maggy54: folds 
CeeBiscuit: folds 
thebluecrow.: folds 
Alameda22: folds 
djones148: folds 
Uncalled bet ($0.15) returned to Braves2799
Braves2799 collected $0.20 from pot
Braves2799: doesn't show hand 
*** SUMMARY ***
Total pot $0.20 | Rake $0 
Seat 1: Braves2799 (big blind) collected ($0.20)
Seat 2: gb9style folded before Flop (didn't bet)
Seat 3: spacer77 folded before Flop (didn't bet)
Seat 4: Nordbergo folded before Flop (didn't bet)
Seat 5: Maggy54 folded before Flop (didn't bet)
Seat 6: CeeBiscuit folded before Flop (didn't bet)
Seat 7: thebluecrow. folded before Flop (didn't bet)
Seat 8: Alameda22 (button) folded before Flop (didn't bet)
Seat 9: djones148 (small blind) folded before Flop



PokerStars Game #20096652022:  Hold'em No Limit ($0.10/$0.25) - 2008/09/02 16:05:22 ET
Table 'Hyperion' 9-max Seat #9 is the button
Seat 1: Braves2799 ($9.75 in chips) 
Seat 2: gb9style ($25.90 in chips) 
Seat 3: spacer77 ($25.15 in chips) 
Seat 4: Nordbergo ($6.75 in chips) 
Seat 5: Maggy54 ($5 in chips) 
Seat 6: CeeBiscuit ($9.40 in chips) 
Seat 7: thebluecrow. ($25 in chips) 
Seat 8: Alameda22 ($26.65 in chips) 
Seat 9: djones148 ($24.65 in chips) 
Braves2799: posts small blind $0.10
gb9style: posts big blind $0.25
*** HOLE CARDS ***
Dealt to Alameda22 [6h Qd]
spacer77: folds 
spacer77 is sitting out
Nordbergo: folds 
Maggy54: folds 
CeeBiscuit: folds 
thebluecrow.: folds 
Alameda22: folds 
djones148: folds 
Braves2799: folds 
Uncalled bet ($0.15) returned to gb9style
gb9style collected $0.20 from pot
*** SUMMARY ***
Total pot $0.20 | Rake $0 
Seat 1: Braves2799 (small blind) folded before Flop
Seat 2: gb9style (big blind) collected ($0.20)
Seat 3: spacer77 folded before Flop (didn't bet)
Seat 4: Nordbergo folded before Flop (didn't bet)
Seat 5: Maggy54 folded before Flop (didn't bet)
Seat 6: CeeBiscuit folded before Flop (didn't bet)
Seat 7: thebluecrow. folded before Flop (didn't bet)
Seat 8: Alameda22 folded before Flop (didn't bet)
Seat 9: djones148 (button) folded before Flop (didn't bet)



PokerStars Game #20096664868:  Hold'em No Limit ($0.10/$0.25) - 2008/09/02 16:05:54 ET
Table 'Hyperion' 9-max Seat #1 is the button
Seat 1: Braves2799 ($9.65 in chips) 
Seat 2: gb9style ($26 in chips) 
Seat 5: Maggy54 ($5 in chips) 
Seat 6: CeeBiscuit ($9.40 in chips) 
Seat 7: thebluecrow. ($25 in chips) 
Seat 8: Alameda22 ($26.65 in chips) 
Seat 9: djones148 ($24.65 in chips) 
gb9style: posts small blind $0.10
Nordbergo: is sitting out 
Maggy54: posts big blind $0.25
*** HOLE CARDS ***
Dealt to Alameda22 [5h 2d]
CeeBiscuit: raises $0.25 to $0.50
thebluecrow.: folds 
Nordbergo leaves the table
Alameda22: folds 
djones148: folds 
Braves2799: folds 
corny_free joins the table at seat #4 
spacer77 leaves the table
gb9style: folds 
Maggy54: folds 
Uncalled bet ($0.25) returned to CeeBiscuit
CeeBiscuit collected $0.60 from pot
CeeBiscuit: doesn't show hand 
*** SUMMARY ***
Total pot $0.60 | Rake $0 
Seat 1: Braves2799 (button) folded before Flop (didn't bet)
Seat 2: gb9style (small blind) folded before Flop
Seat 5: Maggy54 (big blind) folded before Flop
Seat 6: CeeBiscuit collected ($0.60)
Seat 7: thebluecrow. folded before Flop (didn't bet)
Seat 8: Alameda22 folded before Flop (didn't bet)
Seat 9: djones148 folded before Flop (didn't bet)



PokerStars Game #20096682640:  Hold'em No Limit ($0.10/$0.25) - 2008/09/02 16:06:36 ET
Table 'Hyperion' 9-max Seat #2 is the button
Seat 1: Braves2799 ($9.65 in chips) 
Seat 2: gb9style ($25.90 in chips) 
Seat 5: Maggy54 ($4.75 in chips) 
Seat 6: CeeBiscuit ($9.75 in chips) 
Seat 7: thebluecrow. ($25 in chips) 
Seat 8: Alameda22 ($26.65 in chips) 
Seat 9: djones148 ($24.65 in chips) 
corny_free will be allowed to play after the button
Maggy54: posts small blind $0.10
CeeBiscuit: posts big blind $0.25
*** HOLE CARDS ***
Dealt to Alameda22 [Jc 8s]
thebluecrow.: folds 
Alameda22: folds 
djones148: folds 
Braves2799: folds 
gb9style: raises $0.60 to $0.85
Maggy54: folds 
CeeBiscuit: folds 
Uncalled bet ($0.60) returned to gb9style
gb9style collected $0.60 from pot
gb9style: doesn't show hand 
*** SUMMARY ***
Total pot $0.60 | Rake $0 
Seat 1: Braves2799 folded before Flop (didn't bet)
Seat 2: gb9style (button) collected ($0.60)
Seat 5: Maggy54 (small blind) folded before Flop
Seat 6: CeeBiscuit (big blind) folded before Flop
Seat 7: thebluecrow. folded before Flop (didn't bet)
Seat 8: Alameda22 folded before Flop (didn't bet)
Seat 9: djones148 folded before Flop (didn't bet)



PokerStars Game #20096698203:  Hold'em No Limit ($0.10/$0.25) - 2008/09/02 16:07:14 ET
Table 'Hyperion' 9-max Seat #5 is the button
Seat 1: Braves2799 ($9.65 in chips) 
Seat 2: gb9style ($26.25 in chips) 
Seat 4: corny_free ($25 in chips) 
Seat 5: Maggy54 ($4.65 in chips) 
Seat 6: CeeBiscuit ($9.50 in chips) 
Seat 7: thebluecrow. ($25 in chips) 
Seat 8: Alameda22 ($26.65 in chips) 
Seat 9: djones148 ($24.65 in chips) 
CeeBiscuit: posts small blind $0.10
thebluecrow.: posts big blind $0.25
corny_free: posts big blind $0.25
*** HOLE CARDS ***
Dealt to Alameda22 [6s 8d]
uele123 joins the table at seat #3 
Alameda22: folds 
djones148: folds 
Braves2799: folds 
gb9style: calls $0.25
corny_free: checks 
Maggy54: folds 
CeeBiscuit: calls $0.15
thebluecrow.: checks 
*** FLOP *** [5d 4s 2c]
CeeBiscuit: checks 
thebluecrow.: checks 
gb9style: checks 
corny_free: checks 
*** TURN *** [5d 4s 2c] [Js]
CeeBiscuit: checks 
thebluecrow.: checks 
gb9style: bets $0.60
corny_free: calls $0.60
CeeBiscuit: folds 
thebluecrow.: folds 
*** RIVER *** [5d 4s 2c Js] [8s]
gb9style: checks 
corny_free: bets $1.50
gb9style: folds 
Uncalled bet ($1.50) returned to corny_free
corny_free collected $2.10 from pot
corny_free: doesn't show hand 
*** SUMMARY ***
Total pot $2.20 | Rake $0.10 
Board [5d 4s 2c Js 8s]
Seat 1: Braves2799 folded before Flop (didn't bet)
Seat 2: gb9style folded on the River
Seat 4: corny_free collected ($2.10)
Seat 5: Maggy54 (button) folded before Flop (didn't bet)
Seat 6: CeeBiscuit (small blind) folded on the Turn
Seat 7: thebluecrow. (big blind) folded on the Turn
Seat 8: Alameda22 folded before Flop (didn't bet)
Seat 9: djones148 folded before Flop (didn't bet)



PokerStars Game #20096734064:  Hold'em No Limit ($0.10/$0.25) - 2008/09/02 16:08:40 ET
Table 'Hyperion' 9-max Seat #6 is the button
Seat 1: Braves2799 ($9.65 in chips) 
Seat 2: gb9style ($25.40 in chips) 
Seat 4: corny_free ($26.25 in chips) 
Seat 5: Maggy54 ($4.65 in chips) 
Seat 6: CeeBiscuit ($9.25 in chips) 
Seat 7: thebluecrow. ($24.75 in chips) 
Seat 8: Alameda22 ($26.65 in chips) 
Seat 9: djones148 ($24.65 in chips) 
thebluecrow.: posts small blind $0.10
Alameda22: posts big blind $0.25
uele123: sits out 
*** HOLE CARDS ***
Dealt to Alameda22 [8s As]
djones148: folds 
Braves2799: folds 
gb9style: folds 
corny_free: folds 
Maggy54: folds 
CeeBiscuit: folds 
thebluecrow.: folds 
Uncalled bet ($0.15) returned to Alameda22
Alameda22 collected $0.20 from pot
Alameda22: doesn't show hand 
*** SUMMARY ***
Total pot $0.20 | Rake $0 
Seat 1: Braves2799 folded before Flop (didn't bet)
Seat 2: gb9style folded before Flop (didn't bet)
Seat 4: corny_free folded before Flop (didn't bet)
Seat 5: Maggy54 folded before Flop (didn't bet)
Seat 6: CeeBiscuit (button) folded before Flop (didn't bet)
Seat 7: thebluecrow. (small blind) folded before Flop
Seat 8: Alameda22 (big blind) collected ($0.20)
Seat 9: djones148 folded before Flop (didn't bet)



PokerStars Game #20096745056:  Hold'em No Limit ($0.10/$0.25) - 2008/09/02 16:09:06 ET
Table 'Hyperion' 9-max Seat #7 is the button
Seat 1: Braves2799 ($9.65 in chips) 
Seat 2: gb9style ($25.40 in chips) 
Seat 4: corny_free ($26.25 in chips) 
Seat 5: Maggy54 ($4.65 in chips) 
Seat 6: CeeBiscuit ($9.25 in chips) 
Seat 7: thebluecrow. ($24.65 in chips) 
Seat 8: Alameda22 ($26.75 in chips) 
Seat 9: djones148 ($24.65 in chips) 
Alameda22: posts small blind $0.10
djones148: posts big blind $0.25
uele123: sits out 
*** HOLE CARDS ***
Dealt to Alameda22 [Jc Js]
Braves2799: folds 
Braves2799 is sitting out
gb9style: raises $0.70 to $0.95
corny_free: folds 
Maggy54: folds 
CeeBiscuit: folds 
thebluecrow.: folds 
Alameda22: calls $0.85
djones148: folds 
*** FLOP *** [6h 8d Jh]
Alameda22: bets $1.25
gb9style: folds 
Uncalled bet ($1.25) returned to Alameda22
Alameda22 collected $2.05 from pot
Alameda22: doesn't show hand 
*** SUMMARY ***
Total pot $2.15 | Rake $0.10 
Board [6h 8d Jh]
Seat 1: Braves2799 folded before Flop (didn't bet)
Seat 2: gb9style folded on the Flop
Seat 4: corny_free folded before Flop (didn't bet)
Seat 5: Maggy54 folded before Flop (didn't bet)
Seat 6: CeeBiscuit folded before Flop (didn't bet)
Seat 7: thebluecrow. (button) folded before Flop (didn't bet)
Seat 8: Alameda22 (small blind) collected ($2.05)
Seat 9: djones148 (big blind) folded before Flop



PokerStars Game #20096768555:  Hold'em No Limit ($0.10/$0.25) - 2008/09/02 16:10:02 ET
Table 'Hyperion' 9-max Seat #8 is the button
Seat 2: gb9style ($24.45 in chips) 
Seat 4: corny_free ($26.25 in chips) 
Seat 5: Maggy54 ($4.65 in chips) 
Seat 6: CeeBiscuit ($9.25 in chips) 
Seat 7: thebluecrow. ($24.65 in chips) 
Seat 8: Alameda22 ($27.85 in chips) 
Seat 9: djones148 ($24.40 in chips) 
djones148: posts small blind $0.10
gb9style: posts big blind $0.25
uele123: sits out 
*** HOLE CARDS ***
Dealt to Alameda22 [Ts Ah]
corny_free: folds 
Maggy54: folds 
CeeBiscuit: folds 
thebluecrow.: folds 
Alameda22: folds 
djones148: raises $0.25 to $0.50
gb9style: calls $0.25
*** FLOP *** [9c Th 9d]
djones148: checks 
gb9style: bets $0.65
djones148: folds 
Uncalled bet ($0.65) returned to gb9style
gb9style collected $0.95 from pot
*** SUMMARY ***
Total pot $1 | Rake $0.05 
Board [9c Th 9d]
Seat 2: gb9style (big blind) collected ($0.95)
Seat 4: corny_free folded before Flop (didn't bet)
Seat 5: Maggy54 folded before Flop (didn't bet)
Seat 6: CeeBiscuit folded before Flop (didn't bet)
Seat 7: thebluecrow. folded before Flop (didn't bet)
Seat 8: Alameda22 (button) folded before Flop (didn't bet)
Seat 9: djones148 (small blind) folded on the Flop



PokerStars Game #20096788261:  Hold'em No Limit ($0.10/$0.25) - 2008/09/02 16:10:49 ET
Table 'Hyperion' 9-max Seat #9 is the button
Seat 2: gb9style ($24.90 in chips) 
Seat 3: uele123 ($25 in chips) 
Seat 4: corny_free ($26.25 in chips) 
Seat 5: Maggy54 ($4.65 in chips) 
Seat 6: CeeBiscuit ($9.25 in chips) 
Seat 7: thebluecrow. ($24.65 in chips) 
Seat 8: Alameda22 ($27.85 in chips) 
Seat 9: djones148 ($23.90 in chips) 
gb9style: posts small blind $0.10
uele123: posts big blind $0.25
*** HOLE CARDS ***
Dealt to Alameda22 [Tc 6c]
corny_free: calls $0.25
Maggy54: folds 
CeeBiscuit: folds 
thebluecrow.: folds 
Alameda22: folds 
djones148: folds 
gb9style: calls $0.15
uele123: checks 
*** FLOP *** [5c 6s Ts]
gb9style: checks 
uele123: checks 
corny_free: checks 
*** TURN *** [5c 6s Ts] [Kd]
gb9style: checks 
uele123: checks 
corny_free: checks 
*** RIVER *** [5c 6s Ts Kd] [3c]
gb9style: checks 
uele123: bets $0.75
corny_free: raises $1.75 to $2.50
gb9style: folds 
uele123: raises $7 to $9.50
corny_free: folds 
Uncalled bet ($7) returned to uele123
uele123 collected $5.50 from pot
uele123: doesn't show hand 
uele123 said, "?"
*** SUMMARY ***
Total pot $5.75 | Rake $0.25 
Board [5c 6s Ts Kd 3c]
Seat 2: gb9style (small blind) folded on the River
Seat 3: uele123 (big blind) collected ($5.50)
Seat 4: corny_free folded on the River
Seat 5: Maggy54 folded before Flop (didn't bet)
Seat 6: CeeBiscuit folded before Flop (didn't bet)
Seat 7: thebluecrow. folded before Flop (didn't bet)
Seat 8: Alameda22 folded before Flop (didn't bet)
Seat 9: djones148 (button) folded before Flop (didn't bet)



PokerStars Game #20096838182:  Hold'em No Limit ($0.10/$0.25) - 2008/09/02 16:12:49 ET
Table 'Hyperion' 9-max Seat #2 is the button
Seat 2: gb9style ($24.65 in chips) 
Seat 3: uele123 ($27.75 in chips) 
Seat 4: corny_free ($25 in chips) 
Seat 5: Maggy54 ($4.65 in chips) 
Seat 6: CeeBiscuit ($9.25 in chips) 
Seat 7: thebluecrow. ($24.65 in chips) 
Seat 8: Alameda22 ($27.85 in chips) 
Seat 9: djones148 ($23.90 in chips) 
uele123: posts small blind $0.10
corny_free: posts big blind $0.25
*** HOLE CARDS ***
Dealt to Alameda22 [As 5s]
Maggy54: folds 
CeeBiscuit: calls $0.25
thebluecrow.: folds 
corny_free said, "set 3s"
Alameda22: folds 
djones148: folds 
uele123 said, "gf"
gb9style: raises $0.60 to $0.85
uele123: folds 
corny_free: folds 
CeeBiscuit: calls $0.60
*** FLOP *** [Ks 5h 8c]
CeeBiscuit: checks 
corny_free said, "straight?"
gb9style: bets $0.85
corny_free said, "whatz else"
CeeBiscuit: raises $0.85 to $1.70
uele123 said, "eben"
gb9style: raises $1.30 to $3
uele123 said, "2 4"
CeeBiscuit: raises $1.30 to $4.30
corny_free said, "nh"
gb9style: calls $1.30
*** TURN *** [Ks 5h 8c] [6d]
CeeBiscuit: bets $4.10 and is all-in
uele123 said, "ty"
gb9style: calls $4.10
*** RIVER *** [Ks 5h 8c 6d] [Ad]
*** SHOW DOWN ***
CeeBiscuit: shows [Kd Kc] (three of a kind, Kings)
gb9style: mucks hand 
CeeBiscuit collected $17.95 from pot
*** SUMMARY ***
Total pot $18.85 | Rake $0.90 
Board [Ks 5h 8c 6d Ad]
Seat 2: gb9style (button) mucked [Kh Jc]
Seat 3: uele123 (small blind) folded before Flop
Seat 4: corny_free (big blind) folded before Flop
Seat 5: Maggy54 folded before Flop (didn't bet)
Seat 6: CeeBiscuit showed [Kd Kc] and won ($17.95) with three of a kind, Kings
Seat 7: thebluecrow. folded before Flop (didn't bet)
Seat 8: Alameda22 folded before Flop (didn't bet)
Seat 9: djones148 folded before Flop (didn't bet)



PokerStars Game #20096895715:  Hold'em No Limit ($0.10/$0.25) - 2008/09/02 16:15:05 ET
Table 'Hyperion' 9-max Seat #3 is the button
Seat 2: gb9style ($15.40 in chips) 
Seat 3: uele123 ($27.65 in chips) 
Seat 4: corny_free ($25 in chips) 
Seat 5: Maggy54 ($4.65 in chips) 
Seat 6: CeeBiscuit ($17.95 in chips) 
Seat 7: thebluecrow. ($24.65 in chips) 
Seat 8: Alameda22 ($27.85 in chips) 
Seat 9: djones148 ($23.90 in chips) 
corny_free: posts small blind $0.10
Maggy54: posts big blind $0.25
*** HOLE CARDS ***
Dealt to Alameda22 [8h 6h]
CeeBiscuit: folds 
thebluecrow.: folds 
Alameda22: folds 
djones148: folds 
gb9style: folds 
uele123: folds 
corny_free: folds 
Uncalled bet ($0.15) returned to Maggy54
Maggy54 collected $0.20 from pot
Maggy54: doesn't show hand 
*** SUMMARY ***
Total pot $0.20 | Rake $0 
Seat 2: gb9style folded before Flop (didn't bet)
Seat 3: uele123 (button) folded before Flop (didn't bet)
Seat 4: corny_free (small blind) folded before Flop
Seat 5: Maggy54 (big blind) collected ($0.20)
Seat 6: CeeBiscuit folded before Flop (didn't bet)
Seat 7: thebluecrow. folded before Flop (didn't bet)
Seat 8: Alameda22 folded before Flop (didn't bet)
Seat 9: djones148 folded before Flop (didn't bet)



PokerStars Game #20096909318:  Hold'em No Limit ($0.10/$0.25) - 2008/09/02 16:15:38 ET
Table 'Hyperion' 9-max Seat #4 is the button
Seat 2: gb9style ($15.40 in chips) 
Seat 3: uele123 ($27.65 in chips) 
Seat 4: corny_free ($24.90 in chips) 
Seat 5: Maggy54 ($4.75 in chips) 
Seat 6: CeeBiscuit ($17.95 in chips) 
Seat 7: thebluecrow. ($24.65 in chips) 
Seat 8: Alameda22 ($27.85 in chips) 
Seat 9: djones148 ($23.90 in chips) 
Maggy54: posts small blind $0.10
CeeBiscuit: posts big blind $0.25
*** HOLE CARDS ***
Dealt to Alameda22 [2d 7h]
thebluecrow.: folds 
Alameda22: folds 
djones148: folds 
gb9style: raises $0.60 to $0.85
uele123: folds 
corny_free: folds 
Maggy54: folds 
CeeBiscuit: folds 
Uncalled bet ($0.60) returned to gb9style
gb9style collected $0.60 from pot
*** SUMMARY ***
Total pot $0.60 | Rake $0 
Seat 2: gb9style collected ($0.60)
Seat 3: uele123 folded before Flop (didn't bet)
Seat 4: corny_free (button) folded before Flop (didn't bet)
Seat 5: Maggy54 (small blind) folded before Flop
Seat 6: CeeBiscuit (big blind) folded before Flop
Seat 7: thebluecrow. folded before Flop (didn't bet)
Seat 8: Alameda22 folded before Flop (didn't bet)
Seat 9: djones148 folded before Flop (didn't bet)



PokerStars Game #20096925286:  Hold'em No Limit ($0.10/$0.25) - 2008/09/02 16:16:16 ET
Table 'Hyperion' 9-max Seat #5 is the button
Seat 2: gb9style ($15.75 in chips) 
Seat 3: uele123 ($27.65 in chips) 
Seat 4: corny_free ($24.90 in chips) 
Seat 5: Maggy54 ($4.65 in chips) 
Seat 6: CeeBiscuit ($17.70 in chips) 
Seat 7: thebluecrow. ($24.65 in chips) 
Seat 8: Alameda22 ($27.85 in chips) 
Seat 9: djones148 ($23.90 in chips) 
CeeBiscuit: posts small blind $0.10
thebluecrow.: posts big blind $0.25
*** HOLE CARDS ***
Dealt to Alameda22 [Qh 8h]
Alameda22: folds 
djones148: folds 
gb9style: folds 
uele123: folds 
corny_free: folds 
Maggy54: folds 
CeeBiscuit: folds 
Uncalled bet ($0.15) returned to thebluecrow.
thebluecrow. collected $0.20 from pot
thebluecrow.: doesn't show hand 
*** SUMMARY ***
Total pot $0.20 | Rake $0 
Seat 2: gb9style folded before Flop (didn't bet)
Seat 3: uele123 folded before Flop (didn't bet)
Seat 4: corny_free folded before Flop (didn't bet)
Seat 5: Maggy54 (button) folded before Flop (didn't bet)
Seat 6: CeeBiscuit (small blind) folded before Flop
Seat 7: thebluecrow. (big blind) collected ($0.20)
Seat 8: Alameda22 folded before Flop (didn't bet)
Seat 9: djones148 folded before Flop (didn't bet)



PokerStars Game #20096939577:  Hold'em No Limit ($0.10/$0.25) - 2008/09/02 16:16:50 ET
Table 'Hyperion' 9-max Seat #6 is the button
Seat 2: gb9style ($15.75 in chips) 
Seat 3: uele123 ($27.65 in chips) 
Seat 4: corny_free ($24.90 in chips) 
Seat 5: Maggy54 ($4.65 in chips) 
Seat 6: CeeBiscuit ($17.60 in chips) 
Seat 7: thebluecrow. ($24.75 in chips) 
Seat 8: Alameda22 ($27.85 in chips) 
Seat 9: djones148 ($23.90 in chips) 
thebluecrow.: posts small blind $0.10
Alameda22: posts big blind $0.25
*** HOLE CARDS ***
Dealt to Alameda22 [9h 6d]
djones148: folds 
gb9style: folds 
uele123: folds 
corny_free: folds 
Maggy54: folds 
CeeBiscuit: calls $0.25
thebluecrow.: folds 
Alameda22: checks 
*** FLOP *** [3h 7c Ad]
Alameda22: checks 
CeeBiscuit: bets $0.25
Braves2799 has returned
Alameda22: folds 
Uncalled bet ($0.25) returned to CeeBiscuit
CeeBiscuit collected $0.60 from pot
CeeBiscuit: doesn't show hand 
*** SUMMARY ***
Total pot $0.60 | Rake $0 
Board [3h 7c Ad]
Seat 2: gb9style folded before Flop (didn't bet)
Seat 3: uele123 folded before Flop (didn't bet)
Seat 4: corny_free folded before Flop (didn't bet)
Seat 5: Maggy54 folded before Flop (didn't bet)
Seat 6: CeeBiscuit (button) collected ($0.60)
Seat 7: thebluecrow. (small blind) folded before Flop
Seat 8: Alameda22 (big blind) folded on the Flop
Seat 9: djones148 folded before Flop (didn't bet)



PokerStars Game #20096960528:  Hold'em No Limit ($0.10/$0.25) - 2008/09/02 16:17:39 ET
Table 'Hyperion' 9-max Seat #7 is the button
Seat 2: gb9style ($15.75 in chips) 
Seat 3: uele123 ($27.65 in chips) 
Seat 4: corny_free ($24.90 in chips) 
Seat 5: Maggy54 ($4.65 in chips) 
Seat 6: CeeBiscuit ($17.95 in chips) 
Seat 7: thebluecrow. ($24.65 in chips) 
Seat 8: Alameda22 ($27.60 in chips) 
Seat 9: djones148 ($23.90 in chips) 
Alameda22: posts small blind $0.10
djones148: posts big blind $0.25
Braves2799: is sitting out 
*** HOLE CARDS ***
Dealt to Alameda22 [8c 3c]
Braves2799 has returned
gb9style: folds 
uele123: raises $0.75 to $1
corny_free: folds 
Maggy54: folds 
CeeBiscuit: folds 
thebluecrow.: calls $1
Alameda22: folds 
djones148: folds 
*** FLOP *** [3s Qc 4c]
uele123: bets $1.45
thebluecrow.: folds 
Uncalled bet ($1.45) returned to uele123
uele123 collected $2.25 from pot
uele123: doesn't show hand 
*** SUMMARY ***
Total pot $2.35 | Rake $0.10 
Board [3s Qc 4c]
Seat 2: gb9style folded before Flop (didn't bet)
Seat 3: uele123 collected ($2.25)
Seat 4: corny_free folded before Flop (didn't bet)
Seat 5: Maggy54 folded before Flop (didn't bet)
Seat 6: CeeBiscuit folded before Flop (didn't bet)
Seat 7: thebluecrow. (button) folded on the Flop
Seat 8: Alameda22 (small blind) folded before Flop
Seat 9: djones148 (big blind) folded before Flop



PokerStars Game #20097001200:  Hold'em No Limit ($0.10/$0.25) - 2008/09/02 16:19:16 ET
Table 'Hyperion' 9-max Seat #8 is the button
Seat 1: Braves2799 ($9.65 in chips) 
Seat 2: gb9style ($15.75 in chips) 
Seat 3: uele123 ($28.90 in chips) 
Seat 4: corny_free ($24.90 in chips) 
Seat 5: Maggy54 ($4.65 in chips) 
Seat 6: CeeBiscuit ($17.95 in chips) 
Seat 7: thebluecrow. ($23.65 in chips) 
Seat 8: Alameda22 ($27.50 in chips) 
Seat 9: djones148 ($23.65 in chips) 
djones148: posts small blind $0.10
Braves2799: posts big blind $0.25
*** HOLE CARDS ***
Dealt to Alameda22 [2s 6s]
gb9style: folds 
uele123: folds 
corny_free: folds 
Maggy54: folds 
CeeBiscuit: calls $0.25
thebluecrow.: calls $0.25
Alameda22: folds 
djones148: folds 
Braves2799: checks 
*** FLOP *** [Th 3s Jh]
Braves2799: checks 
CeeBiscuit: bets $0.25
thebluecrow.: raises $0.50 to $0.75
Braves2799: folds 
CeeBiscuit: folds 
Uncalled bet ($0.50) returned to thebluecrow.
thebluecrow. collected $1.30 from pot
thebluecrow.: doesn't show hand 
*** SUMMARY ***
Total pot $1.35 | Rake $0.05 
Board [Th 3s Jh]
Seat 1: Braves2799 (big blind) folded on the Flop
Seat 2: gb9style folded before Flop (didn't bet)
Seat 3: uele123 folded before Flop (didn't bet)
Seat 4: corny_free folded before Flop (didn't bet)
Seat 5: Maggy54 folded before Flop (didn't bet)
Seat 6: CeeBiscuit folded on the Flop
Seat 7: thebluecrow. collected ($1.30)
Seat 8: Alameda22 (button) folded before Flop (didn't bet)
Seat 9: djones148 (small blind) folded before Flop



PokerStars Game #20097021206:  Hold'em No Limit ($0.10/$0.25) - 2008/09/02 16:20:05 ET
Table 'Hyperion' 9-max Seat #9 is the button
Seat 1: Braves2799 ($9.40 in chips) 
Seat 2: gb9style ($15.75 in chips) 
Seat 3: uele123 ($28.90 in chips) 
Seat 4: corny_free ($24.90 in chips) 
Seat 5: Maggy54 ($4.65 in chips) 
Seat 6: CeeBiscuit ($17.45 in chips) 
Seat 7: thebluecrow. ($24.45 in chips) 
Seat 8: Alameda22 ($27.50 in chips) 
Seat 9: djones148 ($23.55 in chips) 
Braves2799: posts small blind $0.10
gb9style: posts big blind $0.25
*** HOLE CARDS ***
Dealt to Alameda22 [9c 6d]
uele123: calls $0.25
corny_free: folds 
Maggy54: folds 
CeeBiscuit: folds 
thebluecrow.: folds 
Alameda22: folds 
djones148: folds 
Braves2799: folds 
gb9style: checks 
*** FLOP *** [Qh 8c 4d]
gb9style: bets $0.40
uele123: folds 
Uncalled bet ($0.40) returned to gb9style
gb9style collected $0.60 from pot
gb9style: doesn't show hand 
*** SUMMARY ***
Total pot $0.60 | Rake $0 
Board [Qh 8c 4d]
Seat 1: Braves2799 (small blind) folded before Flop
Seat 2: gb9style (big blind) collected ($0.60)
Seat 3: uele123 folded on the Flop
Seat 4: corny_free folded before Flop (didn't bet)
Seat 5: Maggy54 folded before Flop (didn't bet)
Seat 6: CeeBiscuit folded before Flop (didn't bet)
Seat 7: thebluecrow. folded before Flop (didn't bet)
Seat 8: Alameda22 folded before Flop (didn't bet)
Seat 9: djones148 (button) folded before Flop (didn't bet)



PokerStars Game #20097044363:  Hold'em No Limit ($0.10/$0.25) - 2008/09/02 16:21:00 ET
Table 'Hyperion' 9-max Seat #1 is the button
Seat 1: Braves2799 ($9.30 in chips) 
Seat 2: gb9style ($16.10 in chips) 
Seat 4: corny_free ($24.90 in chips) 
Seat 5: Maggy54 ($4.65 in chips) 
Seat 6: CeeBiscuit ($17.45 in chips) 
Seat 7: thebluecrow. ($24.45 in chips) 
Seat 8: Alameda22 ($27.50 in chips) 
Seat 9: djones148 ($23.55 in chips) 
gb9style: posts small blind $0.10
uele123: is sitting out 
corny_free: posts big blind $0.25
*** HOLE CARDS ***
Dealt to Alameda22 [5d 3s]
Maggy54: folds 
CeeBiscuit: calls $0.25
thebluecrow.: folds 
uele123 leaves the table
Alameda22: folds 
djones148: folds 
Braves2799: folds 
gb9style: calls $0.15
corny_free: checks 
*** FLOP *** [Ah Qh 7h]
gb9style: bets $0.55
corny_free: folds 
CeeBiscuit: calls $0.55
*** TURN *** [Ah Qh 7h] [As]
gb9style: bets $1
CeeBiscuit: calls $1
*** RIVER *** [Ah Qh 7h As] [Jc]
gb9style: bets $1
CeeBiscuit: calls $1
*** SHOW DOWN ***
gb9style: shows [2h 3h] (a flush, Ace high)
CeeBiscuit: mucks hand 
gb9style collected $5.60 from pot
*** SUMMARY ***
Total pot $5.85 | Rake $0.25 
Board [Ah Qh 7h As Jc]
Seat 1: Braves2799 (button) folded before Flop (didn't bet)
Seat 2: gb9style (small blind) showed [2h 3h] and won ($5.60) with a flush, Ace high
Seat 4: corny_free (big blind) folded on the Flop
Seat 5: Maggy54 folded before Flop (didn't bet)
Seat 6: CeeBiscuit mucked [Kc Kh]
Seat 7: thebluecrow. folded before Flop (didn't bet)
Seat 8: Alameda22 folded before Flop (didn't bet)
Seat 9: djones148 folded before Flop (didn't bet)



PokerStars Game #20097071800:  Hold'em No Limit ($0.10/$0.25) - 2008/09/02 16:22:06 ET
Table 'Hyperion' 9-max Seat #2 is the button
Seat 1: Braves2799 ($9.30 in chips) 
Seat 2: gb9style ($18.90 in chips) 
Seat 4: corny_free ($25 in chips) 
Seat 5: Maggy54 ($4.65 in chips) 
Seat 6: CeeBiscuit ($14.65 in chips) 
Seat 7: thebluecrow. ($24.45 in chips) 
Seat 8: Alameda22 ($27.50 in chips) 
Seat 9: djones148 ($23.55 in chips) 
corny_free: posts small blind $0.10
Maggy54: posts big blind $0.25
*** HOLE CARDS ***
Dealt to Alameda22 [Tc 5c]
CeeBiscuit: folds 
thebluecrow.: folds 
Alameda22: folds 
djones148: folds 
Braves2799: folds 
gb9style: folds 
corny_free: calls $0.15
Maggy54: checks 
*** FLOP *** [4s 7h 2h]
corny_free: checks 
Maggy54: checks 
*** TURN *** [4s 7h 2h] [6h]
corny_free: checks 
Maggy54: checks 
*** RIVER *** [4s 7h 2h 6h] [Ks]
corny_free: bets $0.50
Maggy54: calls $0.50
*** SHOW DOWN ***
corny_free: shows [4d Kd] (two pair, Kings and Fours)
Maggy54: mucks hand 
corny_free collected $1.45 from pot
*** SUMMARY ***
Total pot $1.50 | Rake $0.05 
Board [4s 7h 2h 6h Ks]
Seat 1: Braves2799 folded before Flop (didn't bet)
Seat 2: gb9style (button) folded before Flop (didn't bet)
Seat 4: corny_free (small blind) showed [4d Kd] and won ($1.45) with two pair, Kings and Fours
Seat 5: Maggy54 (big blind) mucked [8s 8c]
Seat 6: CeeBiscuit folded before Flop (didn't bet)
Seat 7: thebluecrow. folded before Flop (didn't bet)
Seat 8: Alameda22 folded before Flop (didn't bet)
Seat 9: djones148 folded before Flop (didn't bet)



PokerStars Game #20097104504:  Hold'em No Limit ($0.10/$0.25) - 2008/09/02 16:23:26 ET
Table 'Hyperion' 9-max Seat #4 is the button
Seat 1: Braves2799 ($9.30 in chips) 
Seat 2: gb9style ($18.90 in chips) 
Seat 4: corny_free ($25.70 in chips) 
Seat 5: Maggy54 ($3.90 in chips) 
Seat 6: CeeBiscuit ($14.65 in chips) 
Seat 7: thebluecrow. ($24.45 in chips) 
Seat 8: Alameda22 ($27.50 in chips) 
Seat 9: djones148 ($23.55 in chips) 
Maggy54: posts small blind $0.10
CeeBiscuit: posts big blind $0.25
*** HOLE CARDS ***
Dealt to Alameda22 [5d As]
thebluecrow.: folds 
Alameda22: folds 
djones148: folds 
Braves2799: folds 
gb9style: raises $0.60 to $0.85
corny_free: folds 
Maggy54: folds 
CeeBiscuit: folds 
Uncalled bet ($0.60) returned to gb9style
gb9style collected $0.60 from pot
gb9style: doesn't show hand 
*** SUMMARY ***
Total pot $0.60 | Rake $0 
Seat 1: Braves2799 folded before Flop (didn't bet)
Seat 2: gb9style collected ($0.60)
Seat 4: corny_free (button) folded before Flop (didn't bet)
Seat 5: Maggy54 (small blind) folded before Flop
Seat 6: CeeBiscuit (big blind) folded before Flop
Seat 7: thebluecrow. folded before Flop (didn't bet)
Seat 8: Alameda22 folded before Flop (didn't bet)
Seat 9: djones148 folded before Flop (didn't bet)



PokerStars Game #20097116305:  Hold'em No Limit ($0.10/$0.25) - 2008/09/02 16:23:54 ET
Table 'Hyperion' 9-max Seat #5 is the button
Seat 1: Braves2799 ($9.30 in chips) 
Seat 2: gb9style ($19.25 in chips) 
Seat 4: corny_free ($25.70 in chips) 
Seat 5: Maggy54 ($3.80 in chips) 
Seat 6: CeeBiscuit ($14.40 in chips) 
Seat 7: thebluecrow. ($24.45 in chips) 
Seat 8: Alameda22 ($27.50 in chips) 
Seat 9: djones148 ($23.55 in chips) 
CeeBiscuit: posts small blind $0.10
thebluecrow.: posts big blind $0.25
*** HOLE CARDS ***
Dealt to Alameda22 [8d 7h]
Alameda22: folds 
djones148: folds 
Braves2799: folds 
gb9style: folds 
corny_free: folds 
Maggy54: folds 
CeeBiscuit: calls $0.15
ciDoR joins the table at seat #3 
thebluecrow.: raises $0.75 to $1
CeeBiscuit: calls $0.75
*** FLOP *** [7s 8h 2c]
CeeBiscuit: checks 
thebluecrow.: bets $1.25
CeeBiscuit: folds 
Uncalled bet ($1.25) returned to thebluecrow.
thebluecrow. collected $1.90 from pot
thebluecrow.: doesn't show hand 
*** SUMMARY ***
Total pot $2 | Rake $0.10 
Board [7s 8h 2c]
Seat 1: Braves2799 folded before Flop (didn't bet)
Seat 2: gb9style folded before Flop (didn't bet)
Seat 4: corny_free folded before Flop (didn't bet)
Seat 5: Maggy54 (button) folded before Flop (didn't bet)
Seat 6: CeeBiscuit (small blind) folded on the Flop
Seat 7: thebluecrow. (big blind) collected ($1.90)
Seat 8: Alameda22 folded before Flop (didn't bet)
Seat 9: djones148 folded before Flop (didn't bet)



PokerStars Game #20097132852:  Hold'em No Limit ($0.10/$0.25) - 2008/09/02 16:24:34 ET
Table 'Hyperion' 9-max Seat #6 is the button
Seat 1: Braves2799 ($9.30 in chips) 
Seat 2: gb9style ($19.25 in chips) 
Seat 4: corny_free ($25.70 in chips) 
Seat 5: Maggy54 ($5 in chips) 
Seat 6: CeeBiscuit ($13.40 in chips) 
Seat 7: thebluecrow. ($25.35 in chips) 
Seat 8: Alameda22 ($27.50 in chips) 
Seat 9: djones148 ($23.55 in chips) 
thebluecrow.: posts small blind $0.10
Alameda22: posts big blind $0.25
ciDoR: sits out 
*** HOLE CARDS ***
Dealt to Alameda22 [Qs 4d]
djones148: folds 
Braves2799: folds 
gb9style: folds 
corny_free: folds 
Maggy54: folds 
CeeBiscuit: folds 
thebluecrow.: raises $0.50 to $0.75
Alameda22: folds 
Uncalled bet ($0.50) returned to thebluecrow.
thebluecrow. collected $0.50 from pot
thebluecrow.: doesn't show hand 
*** SUMMARY ***
Total pot $0.50 | Rake $0 
Seat 1: Braves2799 folded before Flop (didn't bet)
Seat 2: gb9style folded before Flop (didn't bet)
Seat 4: corny_free folded before Flop (didn't bet)
Seat 5: Maggy54 folded before Flop (didn't bet)
Seat 6: CeeBiscuit (button) folded before Flop (didn't bet)
Seat 7: thebluecrow. (small blind) collected ($0.50)
Seat 8: Alameda22 (big blind) folded before Flop
Seat 9: djones148 folded before Flop (didn't bet)



PokerStars Game #20097148373:  Hold'em No Limit ($0.10/$0.25) - 2008/09/02 16:25:12 ET
Table 'Hyperion' 9-max Seat #7 is the button
Seat 1: Braves2799 ($9.30 in chips) 
Seat 2: gb9style ($19.25 in chips) 
Seat 4: corny_free ($25.70 in chips) 
Seat 5: Maggy54 ($5 in chips) 
Seat 6: CeeBiscuit ($13.40 in chips) 
Seat 7: thebluecrow. ($25.60 in chips) 
Seat 8: Alameda22 ($27.25 in chips) 
Seat 9: djones148 ($23.55 in chips) 
Alameda22: posts small blind $0.10
djones148: posts big blind $0.25
ciDoR: sits out 
*** HOLE CARDS ***
Dealt to Alameda22 [Qh 6d]
Braves2799: folds 
gb9style: raises $0.65 to $0.90
corny_free: folds 
Maggy54: folds 
CeeBiscuit: folds 
thebluecrow.: raises $1.60 to $2.50
Alameda22: folds 
djones148: folds 
gb9style: folds 
Uncalled bet ($1.60) returned to thebluecrow.
thebluecrow. collected $2.15 from pot
thebluecrow.: doesn't show hand 
*** SUMMARY ***
Total pot $2.15 | Rake $0 
Seat 1: Braves2799 folded before Flop (didn't bet)
Seat 2: gb9style folded before Flop
Seat 4: corny_free folded before Flop (didn't bet)
Seat 5: Maggy54 folded before Flop (didn't bet)
Seat 6: CeeBiscuit folded before Flop (didn't bet)
Seat 7: thebluecrow. (button) collected ($2.15)
Seat 8: Alameda22 (small blind) folded before Flop
Seat 9: djones148 (big blind) folded before Flop



PokerStars Game #20097162856:  Hold'em No Limit ($0.10/$0.25) - 2008/09/02 16:25:47 ET
Table 'Hyperion' 9-max Seat #8 is the button
Seat 1: Braves2799 ($9.30 in chips) 
Seat 2: gb9style ($18.35 in chips) 
Seat 4: corny_free ($25.70 in chips) 
Seat 5: Maggy54 ($5 in chips) 
Seat 6: CeeBiscuit ($13.40 in chips) 
Seat 7: thebluecrow. ($26.85 in chips) 
Seat 8: Alameda22 ($27.15 in chips) 
Seat 9: djones148 ($23.30 in chips) 
djones148: posts small blind $0.10
Braves2799: posts big blind $0.25
ciDoR: sits out 
*** HOLE CARDS ***
Dealt to Alameda22 [Qh Jc]
gb9style: folds 
corny_free: folds 
Maggy54: raises $0.75 to $1
CeeBiscuit: folds 
thebluecrow.: folds 
Alameda22: folds 
djones148: folds 
Braves2799: folds 
Uncalled bet ($0.75) returned to Maggy54
Maggy54 collected $0.60 from pot
Maggy54: doesn't show hand 
*** SUMMARY ***
Total pot $0.60 | Rake $0 
Seat 1: Braves2799 (big blind) folded before Flop
Seat 2: gb9style folded before Flop (didn't bet)
Seat 4: corny_free folded before Flop (didn't bet)
Seat 5: Maggy54 collected ($0.60)
Seat 6: CeeBiscuit folded before Flop (didn't bet)
Seat 7: thebluecrow. folded before Flop (didn't bet)
Seat 8: Alameda22 (button) folded before Flop (didn't bet)
Seat 9: djones148 (small blind) folded before Flop



PokerStars Game #20097181705:  Hold'em No Limit ($0.10/$0.25) - 2008/09/02 16:26:33 ET
Table 'Hyperion' 9-max Seat #9 is the button
Seat 1: Braves2799 ($9.05 in chips) 
Seat 2: gb9style ($18.35 in chips) 
Seat 4: corny_free ($25.70 in chips) 
Seat 5: Maggy54 ($5.35 in chips) 
Seat 6: CeeBiscuit ($13.40 in chips) 
Seat 7: thebluecrow. ($26.85 in chips) 
Seat 8: Alameda22 ($27.15 in chips) 
Seat 9: djones148 ($23.20 in chips) 
Braves2799: posts small blind $0.10
gb9style: posts big blind $0.25
ciDoR: sits out 
*** HOLE CARDS ***
Dealt to Alameda22 [Ac 2d]
corny_free: folds 
Maggy54: folds 
CeeBiscuit: calls $0.25
thebluecrow.: folds 
Alameda22: folds 
djones148: folds 
Braves2799: folds 
gb9style: checks 
*** FLOP *** [5d 9h Ks]
gb9style: checks 
CeeBiscuit: bets $0.25
gb9style: folds 
Uncalled bet ($0.25) returned to CeeBiscuit
CeeBiscuit collected $0.60 from pot
CeeBiscuit: doesn't show hand 
*** SUMMARY ***
Total pot $0.60 | Rake $0 
Board [5d 9h Ks]
Seat 1: Braves2799 (small blind) folded before Flop
Seat 2: gb9style (big blind) folded on the Flop
Seat 4: corny_free folded before Flop (didn't bet)
Seat 5: Maggy54 folded before Flop (didn't bet)
Seat 6: CeeBiscuit collected ($0.60)
Seat 7: thebluecrow. folded before Flop (didn't bet)
Seat 8: Alameda22 folded before Flop (didn't bet)
Seat 9: djones148 (button) folded before Flop (didn't bet)



PokerStars Game #20097199961:  Hold'em No Limit ($0.10/$0.25) - 2008/09/02 16:27:17 ET
Table 'Hyperion' 9-max Seat #1 is the button
Seat 1: Braves2799 ($8.95 in chips) 
Seat 2: gb9style ($18.10 in chips) 
Seat 3: ciDoR ($5 in chips) 
Seat 4: corny_free ($25.70 in chips) 
Seat 5: Maggy54 ($5.35 in chips) 
Seat 6: CeeBiscuit ($13.75 in chips) 
Seat 7: thebluecrow. ($26.85 in chips) 
Seat 8: Alameda22 ($27.15 in chips) 
Seat 9: djones148 ($23.20 in chips) 
gb9style: posts small blind $0.10
ciDoR: posts big blind $0.25
*** HOLE CARDS ***
Dealt to Alameda22 [Tc Kc]
corny_free: folds 
Maggy54: folds 
CeeBiscuit: folds 
thebluecrow.: raises $1 to $1.25
Alameda22: folds 
djones148: calls $1.25
Braves2799: folds 
gb9style: folds 
ciDoR: folds 
*** FLOP *** [6h 8s Qs]
thebluecrow.: bets $2
djones148: raises $3.25 to $5.25
thebluecrow.: raises $13 to $18.25
djones148: raises $3.70 to $21.95 and is all-in
thebluecrow.: calls $3.70
*** TURN *** [6h 8s Qs] [6d]
*** RIVER *** [6h 8s Qs 6d] [As]
*** SHOW DOWN ***
thebluecrow.: shows [Ac Ah] (a full house, Aces full of Sixes)
djones148: mucks hand 
thebluecrow. collected $44.45 from pot
*** SUMMARY ***
Total pot $46.75 | Rake $2.30 
Board [6h 8s Qs 6d As]
Seat 1: Braves2799 (button) folded before Flop (didn't bet)
Seat 2: gb9style (small blind) folded before Flop
Seat 3: ciDoR (big blind) folded before Flop
Seat 4: corny_free folded before Flop (didn't bet)
Seat 5: Maggy54 folded before Flop (didn't bet)
Seat 6: CeeBiscuit folded before Flop (didn't bet)
Seat 7: thebluecrow. showed [Ac Ah] and won ($44.45) with a full house, Aces full of Sixes
Seat 8: Alameda22 folded before Flop (didn't bet)
Seat 9: djones148 mucked [Qd Qh]



PokerStars Game #20097224302:  Hold'em No Limit ($0.10/$0.25) - 2008/09/02 16:28:16 ET
Table 'Hyperion' 9-max Seat #2 is the button
Seat 1: Braves2799 ($8.95 in chips) 
Seat 2: gb9style ($18 in chips) 
Seat 3: ciDoR ($4.75 in chips) 
Seat 4: corny_free ($25.70 in chips) 
Seat 5: Maggy54 ($5.35 in chips) 
Seat 6: CeeBiscuit ($13.75 in chips) 
Seat 7: thebluecrow. ($48.10 in chips) 
Seat 8: Alameda22 ($27.15 in chips) 
Seat 9: djones148 ($5 in chips) 
ciDoR: posts small blind $0.10
corny_free: posts big blind $0.25
*** HOLE CARDS ***
Dealt to Alameda22 [3c 6d]
Maggy54: folds 
CeeBiscuit: folds 
thebluecrow.: folds 
Alameda22: folds 
djones148: folds 
Braves2799: folds 
gb9style: raises $0.60 to $0.85
ciDoR: folds 
corny_free: folds 
Uncalled bet ($0.60) returned to gb9style
gb9style collected $0.60 from pot
*** SUMMARY ***
Total pot $0.60 | Rake $0 
Seat 1: Braves2799 folded before Flop (didn't bet)
Seat 2: gb9style (button) collected ($0.60)
Seat 3: ciDoR (small blind) folded before Flop
Seat 4: corny_free (big blind) folded before Flop
Seat 5: Maggy54 folded before Flop (didn't bet)
Seat 6: CeeBiscuit folded before Flop (didn't bet)
Seat 7: thebluecrow. folded before Flop (didn't bet)
Seat 8: Alameda22 folded before Flop (didn't bet)
Seat 9: djones148 folded before Flop (didn't bet)



PokerStars Game #20097238326:  Hold'em No Limit ($0.10/$0.25) - 2008/09/02 16:28:50 ET
Table 'Hyperion' 9-max Seat #3 is the button
Seat 1: Braves2799 ($8.95 in chips) 
Seat 2: gb9style ($18.35 in chips) 
Seat 3: ciDoR ($4.65 in chips) 
Seat 4: corny_free ($25.45 in chips) 
Seat 5: Maggy54 ($5.35 in chips) 
Seat 6: CeeBiscuit ($13.75 in chips) 
Seat 7: thebluecrow. ($48.10 in chips) 
Seat 8: Alameda22 ($27.15 in chips) 
Seat 9: djones148 ($5 in chips) 
corny_free: posts small blind $0.10
Maggy54: posts big blind $0.25
*** HOLE CARDS ***
Dealt to Alameda22 [3h 6d]
CeeBiscuit: folds 
thebluecrow.: folds 
Alameda22: folds 
djones148: folds 
Braves2799: folds 
gb9style: raises $0.60 to $0.85
ciDoR: folds 
corny_free: folds 
Maggy54: folds 
Uncalled bet ($0.60) returned to gb9style
gb9style collected $0.60 from pot
corny_free leaves the table
*** SUMMARY ***
Total pot $0.60 | Rake $0 
Seat 1: Braves2799 folded before Flop (didn't bet)
Seat 2: gb9style collected ($0.60)
Seat 3: ciDoR (button) folded before Flop (didn't bet)
Seat 4: corny_free (small blind) folded before Flop
Seat 5: Maggy54 (big blind) folded before Flop
Seat 6: CeeBiscuit folded before Flop (didn't bet)
Seat 7: thebluecrow. folded before Flop (didn't bet)
Seat 8: Alameda22 folded before Flop (didn't bet)
Seat 9: djones148 folded before Flop (didn't bet)



PokerStars Game #20097250170:  Hold'em No Limit ($0.10/$0.25) - 2008/09/02 16:29:18 ET
Table 'Hyperion' 9-max Seat #5 is the button
Seat 1: Braves2799 ($8.95 in chips) 
Seat 2: gb9style ($18.70 in chips) 
Seat 3: ciDoR ($4.65 in chips) 
Seat 5: Maggy54 ($5.10 in chips) 
Seat 6: CeeBiscuit ($13.75 in chips) 
Seat 7: thebluecrow. ($48.10 in chips) 
Seat 8: Alameda22 ($27.15 in chips) 
Seat 9: djones148 ($5 in chips) 
CeeBiscuit: posts small blind $0.10
thebluecrow.: posts big blind $0.25
*** HOLE CARDS ***
Dealt to Alameda22 [4c Ks]
Alameda22: folds 
djones148: folds 
Braves2799: folds 
gb9style: folds 
ciDoR: folds 
Maggy54: raises $0.75 to $1
CeeBiscuit: folds 
thebluecrow.: folds 
Uncalled bet ($0.75) returned to Maggy54
Maggy54 collected $0.60 from pot
Maggy54: doesn't show hand 
*** SUMMARY ***
Total pot $0.60 | Rake $0 
Seat 1: Braves2799 folded before Flop (didn't bet)
Seat 2: gb9style folded before Flop (didn't bet)
Seat 3: ciDoR folded before Flop (didn't bet)
Seat 5: Maggy54 (button) collected ($0.60)
Seat 6: CeeBiscuit (small blind) folded before Flop
Seat 7: thebluecrow. (big blind) folded before Flop
Seat 8: Alameda22 folded before Flop (didn't bet)
Seat 9: djones148 folded before Flop (didn't bet)



PokerStars Game #20097264361:  Hold'em No Limit ($0.10/$0.25) - 2008/09/02 16:29:53 ET
Table 'Hyperion' 9-max Seat #6 is the button
Seat 1: Braves2799 ($8.95 in chips) 
Seat 2: gb9style ($18.70 in chips) 
Seat 3: ciDoR ($4.65 in chips) 
Seat 5: Maggy54 ($5.45 in chips) 
Seat 6: CeeBiscuit ($13.65 in chips) 
Seat 7: thebluecrow. ($47.85 in chips) 
Seat 8: Alameda22 ($27.15 in chips) 
Seat 9: djones148 ($5 in chips) 
thebluecrow.: posts small blind $0.10
Alameda22: posts big blind $0.25
*** HOLE CARDS ***
Dealt to Alameda22 [5c 6s]
djones148: folds 
Braves2799: folds 
djones148 leaves the table
bochenowski joins the table at seat #4 
gb9style: folds 
ciDoR: folds 
Maggy54: folds 
CeeBiscuit: folds 
thebluecrow.: folds 
Uncalled bet ($0.15) returned to Alameda22
Alameda22 collected $0.20 from pot
Alameda22: doesn't show hand 
*** SUMMARY ***
Total pot $0.20 | Rake $0 
Seat 1: Braves2799 folded before Flop (didn't bet)
Seat 2: gb9style folded before Flop (didn't bet)
Seat 3: ciDoR folded before Flop (didn't bet)
Seat 5: Maggy54 folded before Flop (didn't bet)
Seat 6: CeeBiscuit (button) folded before Flop (didn't bet)
Seat 7: thebluecrow. (small blind) folded before Flop
Seat 8: Alameda22 (big blind) collected ($0.20)
Seat 9: djones148 folded before Flop (didn't bet)



PokerStars Game #20097274860:  Hold'em No Limit ($0.10/$0.25) - 2008/09/02 16:30:18 ET
Table 'Hyperion' 9-max Seat #7 is the button
Seat 1: Braves2799 ($8.95 in chips) 
Seat 2: gb9style ($18.70 in chips) 
Seat 3: ciDoR ($4.65 in chips) 
Seat 4: bochenowski ($15 in chips) 
Seat 5: Maggy54 ($5.45 in chips) 
Seat 6: CeeBiscuit ($13.65 in chips) 
Seat 7: thebluecrow. ($47.75 in chips) 
Seat 8: Alameda22 ($27.25 in chips) 
Alameda22: posts small blind $0.10
Braves2799: posts big blind $0.25
bochenowski: posts big blind $0.25
*** HOLE CARDS ***
Dealt to Alameda22 [Jd 4d]
gb9style: folds 
ciDoR: folds 
bochenowski: checks 
Maggy54: folds 
CeeBiscuit: calls $0.25
thebluecrow.: folds 
Alameda22: folds 
Braves2799: checks 
*** FLOP *** [4s 6h 3d]
Braves2799: checks 
bochenowski: checks 
CeeBiscuit: checks 
*** TURN *** [4s 6h 3d] [8c]
Braves2799: checks 
bochenowski: bets $0.25
CeeBiscuit: folds 
Braves2799: folds 
Uncalled bet ($0.25) returned to bochenowski
bochenowski collected $0.85 from pot
*** SUMMARY ***
Total pot $0.85 | Rake $0 
Board [4s 6h 3d 8c]
Seat 1: Braves2799 (big blind) folded on the Turn
Seat 2: gb9style folded before Flop (didn't bet)
Seat 3: ciDoR folded before Flop (didn't bet)
Seat 4: bochenowski collected ($0.85)
Seat 5: Maggy54 folded before Flop (didn't bet)
Seat 6: CeeBiscuit folded on the Turn
Seat 7: thebluecrow. (button) folded before Flop (didn't bet)
Seat 8: Alameda22 (small blind) folded before Flop



PokerStars Game #20097301325:  Hold'em No Limit ($0.10/$0.25) - 2008/09/02 16:31:22 ET
Table 'Hyperion' 9-max Seat #8 is the button
Seat 1: Braves2799 ($8.70 in chips) 
Seat 2: gb9style ($18.70 in chips) 
Seat 3: ciDoR ($4.65 in chips) 
Seat 4: bochenowski ($15.60 in chips) 
Seat 5: Maggy54 ($5.45 in chips) 
Seat 6: CeeBiscuit ($13.40 in chips) 
Seat 7: thebluecrow. ($47.75 in chips) 
Seat 8: Alameda22 ($27.15 in chips) 
Braves2799: posts small blind $0.10
gb9style: posts big blind $0.25
*** HOLE CARDS ***
Dealt to Alameda22 [Ac Ts]
ciDoR: folds 
bochenowski: folds 
ciDoR leaves the table
Maggy54: folds 
CeeBiscuit: calls $0.25
thebluecrow.: raises $0.75 to $1
Alameda22: folds 
Braves2799: folds 
gb9style: folds 
CeeBiscuit: calls $0.75
*** FLOP *** [4h 7h 5s]
CeeBiscuit: checks 
thebluecrow.: bets $1.75
CeeBiscuit: folds 
Uncalled bet ($1.75) returned to thebluecrow.
thebluecrow. collected $2.25 from pot
thebluecrow.: doesn't show hand 
*** SUMMARY ***
Total pot $2.35 | Rake $0.10 
Board [4h 7h 5s]
Seat 1: Braves2799 (small blind) folded before Flop
Seat 2: gb9style (big blind) folded before Flop
Seat 3: ciDoR folded before Flop (didn't bet)
Seat 4: bochenowski folded before Flop (didn't bet)
Seat 5: Maggy54 folded before Flop (didn't bet)
Seat 6: CeeBiscuit folded on the Flop
Seat 7: thebluecrow. collected ($2.25)
Seat 8: Alameda22 (button) folded before Flop (didn't bet)



PokerStars Game #20097323278:  Hold'em No Limit ($0.10/$0.25) - 2008/09/02 16:32:16 ET
Table 'Hyperion' 9-max Seat #1 is the button
Seat 1: Braves2799 ($8.60 in chips) 
Seat 2: gb9style ($18.45 in chips) 
Seat 4: bochenowski ($15.60 in chips) 
Seat 5: Maggy54 ($5.45 in chips) 
Seat 6: CeeBiscuit ($12.40 in chips) 
Seat 7: thebluecrow. ($49 in chips) 
Seat 8: Alameda22 ($27.15 in chips) 
gb9style: posts small blind $0.10
bochenowski: posts big blind $0.25
*** HOLE CARDS ***
Dealt to Alameda22 [Js Qh]
Maggy54: folds 
CeeBiscuit: folds 
thebluecrow.: folds 
Alameda22: folds 
Braves2799: folds 
gb9style: calls $0.15
bochenowski: raises $0.50 to $0.75
gb9style: folds 
Uncalled bet ($0.50) returned to bochenowski
bochenowski collected $0.50 from pot
*** SUMMARY ***
Total pot $0.50 | Rake $0 
Seat 1: Braves2799 (button) folded before Flop (didn't bet)
Seat 2: gb9style (small blind) folded before Flop
Seat 4: bochenowski (big blind) collected ($0.50)
Seat 5: Maggy54 folded before Flop (didn't bet)
Seat 6: CeeBiscuit folded before Flop (didn't bet)
Seat 7: thebluecrow. folded before Flop (didn't bet)
Seat 8: Alameda22 folded before Flop (didn't bet)



PokerStars Game #20097341925:  Hold'em No Limit ($0.10/$0.25) - 2008/09/02 16:33:01 ET
Table 'Hyperion' 9-max Seat #2 is the button
Seat 1: Braves2799 ($8.60 in chips) 
Seat 2: gb9style ($18.20 in chips) 
Seat 4: bochenowski ($15.85 in chips) 
Seat 6: CeeBiscuit ($12.40 in chips) 
Seat 7: thebluecrow. ($49 in chips) 
Seat 8: Alameda22 ($27.15 in chips) 
bochenowski: posts small blind $0.10
Maggy54: is sitting out 
CeeBiscuit: posts big blind $0.25
*** HOLE CARDS ***
Dealt to Alameda22 [Jh Qh]
thebluecrow.: folds 
Alameda22: folds 
Braves2799: folds 
gb9style: folds 
bochenowski: folds 
Uncalled bet ($0.15) returned to CeeBiscuit
CeeBiscuit collected $0.20 from pot
*** SUMMARY ***
Total pot $0.20 | Rake $0 
Seat 1: Braves2799 folded before Flop (didn't bet)
Seat 2: gb9style (button) folded before Flop (didn't bet)
Seat 4: bochenowski (small blind) folded before Flop
Seat 6: CeeBiscuit (big blind) collected ($0.20)
Seat 7: thebluecrow. folded before Flop (didn't bet)
Seat 8: Alameda22 folded before Flop (didn't bet)



PokerStars Game #20097355650:  Hold'em No Limit ($0.10/$0.25) - 2008/09/02 16:33:34 ET
Table 'Hyperion' 9-max Seat #4 is the button
Seat 1: Braves2799 ($8.60 in chips) 
Seat 2: gb9style ($18.20 in chips) 
Seat 4: bochenowski ($15.75 in chips) 
Seat 6: CeeBiscuit ($12.50 in chips) 
Seat 7: thebluecrow. ($49 in chips) 
Seat 8: Alameda22 ($27.15 in chips) 
CeeBiscuit: posts small blind $0.10
thebluecrow.: posts big blind $0.25
*** HOLE CARDS ***
Dealt to Alameda22 [3h 4c]
Alameda22: folds 
Braves2799: folds 
gb9style: raises $0.60 to $0.85
bochenowski: folds 
CeeBiscuit has timed out
CeeBiscuit: folds 
CeeBiscuit is sitting out
thebluecrow.: folds 
Uncalled bet ($0.60) returned to gb9style
gb9style collected $0.60 from pot
*** SUMMARY ***
Total pot $0.60 | Rake $0 
Seat 1: Braves2799 folded before Flop (didn't bet)
Seat 2: gb9style collected ($0.60)
Seat 4: bochenowski (button) folded before Flop (didn't bet)
Seat 6: CeeBiscuit (small blind) folded before Flop
Seat 7: thebluecrow. (big blind) folded before Flop
Seat 8: Alameda22 folded before Flop (didn't bet)



PokerStars Game #20097396911:  Hold'em No Limit ($0.10/$0.25) - 2008/09/02 16:35:15 ET
Table 'Hyperion' 9-max Seat #7 is the button
Seat 4: bochenowski ($15.75 in chips) 
Seat 7: thebluecrow. ($48.75 in chips) 
Seat 8: Alameda22 ($27.15 in chips) 
Alameda22: posts small blind $0.10
Braves2799: is sitting out 
gb9style: is sitting out 
Braves2799 leaves the table
bochenowski: posts big blind $0.25
*** HOLE CARDS ***
Dealt to Alameda22 [Js Jc]
thebluecrow.: calls $0.25
gb9style leaves the table
CeeBiscuit has returned
SuperPaulus joins the table at seat #9 
Alameda22: raises $1 to $1.25
bochenowski: folds 
thebluecrow.: folds 
Uncalled bet ($1) returned to Alameda22
Alameda22 collected $0.75 from pot
Alameda22: doesn't show hand 
*** SUMMARY ***
Total pot $0.75 | Rake $0 
Seat 4: bochenowski (big blind) folded before Flop
Seat 7: thebluecrow. (button) folded before Flop
Seat 8: Alameda22 (small blind) collected ($0.75)



PokerStars Game #20097412719:  Hold'em No Limit ($0.10/$0.25) - 2008/09/02 16:35:53 ET
Table 'Hyperion' 9-max Seat #8 is the button
Seat 4: bochenowski ($15.50 in chips) 
Seat 6: CeeBiscuit ($12.40 in chips) 
Seat 7: thebluecrow. ($48.50 in chips) 
Seat 8: Alameda22 ($27.65 in chips) 
SuperPaulus will be allowed to play after the button
bochenowski: posts small blind $0.10
CeeBiscuit: posts big blind $0.25
*** HOLE CARDS ***
Dealt to Alameda22 [Ad Kd]
thebluecrow.: folds 
thebluecrow. leaves the table
Alameda22: raises $0.75 to $1
bochenowski: folds 
CeeBiscuit: folds 
Uncalled bet ($0.75) returned to Alameda22
CeeBiscuit leaves the table
Alameda22 collected $0.60 from pot
Alameda22: doesn't show hand 
Maggy54 leaves the table
*** SUMMARY ***
Total pot $0.60 | Rake $0 
Seat 4: bochenowski (small blind) folded before Flop
Seat 6: CeeBiscuit (big blind) folded before Flop
Seat 7: thebluecrow. folded before Flop (didn't bet)
Seat 8: Alameda22 (button) collected ($0.60)



