PokerStars Game #19570011461:  Hold'em No Limit ($0.10/$0.25) - 2008/08/12 - 18:34:32 (ET)
Table 'Pallas III' 9-max Seat #2 is the button
Seat 1: ricecooka972 ($30.85 in chips) 
Seat 2: Menrath ($24.25 in chips) 
Seat 3: fioro ($25.65 in chips) 
Seat 4: Alameda22 ($25 in chips) 
Seat 5: LittleORK ($17.30 in chips) 
Seat 6: peace4poker ($19.85 in chips) 
Seat 7: pdk01 ($22.25 in chips) 
Seat 8: w4444x ($32.10 in chips) 
Seat 9: wasserss ($5 in chips) 
fioro: posts small blind $0.10
Alameda22: posts big blind $0.25
*** HOLE CARDS ***
Dealt to Alameda22 [3c 5d]
LittleORK: folds 
peace4poker: raises $0.75 to $1
pdk01: folds 
w4444x: folds 
wasserss: folds 
ricecooka972: folds 
Menrath: folds 
fioro: folds 
Alameda22: folds 
Uncalled bet ($0.75) returned to peace4poker
peace4poker collected $0.60 from pot
*** SUMMARY ***
Total pot $0.60 | Rake $0 
Seat 1: ricecooka972 folded before Flop (didn't bet)
Seat 2: Menrath (button) folded before Flop (didn't bet)
Seat 3: fioro (small blind) folded before Flop
Seat 4: Alameda22 (big blind) folded before Flop
Seat 5: LittleORK folded before Flop (didn't bet)
Seat 6: peace4poker collected ($0.60)
Seat 7: pdk01 folded before Flop (didn't bet)
Seat 8: w4444x folded before Flop (didn't bet)
Seat 9: wasserss folded before Flop (didn't bet)



PokerStars Game #19570025149:  Hold'em No Limit ($0.10/$0.25) - 2008/08/12 - 18:35:07 (ET)
Table 'Pallas III' 9-max Seat #3 is the button
Seat 1: ricecooka972 ($30.85 in chips) 
Seat 2: Menrath ($24.25 in chips) 
Seat 3: fioro ($25.55 in chips) 
Seat 4: Alameda22 ($24.75 in chips) 
Seat 5: LittleORK ($17.30 in chips) 
Seat 6: peace4poker ($20.20 in chips) 
Seat 7: pdk01 ($22.25 in chips) 
Seat 8: w4444x ($32.10 in chips) 
Seat 9: wasserss ($5 in chips) 
Alameda22: posts small blind $0.10
LittleORK: posts big blind $0.25
*** HOLE CARDS ***
Dealt to Alameda22 [9d 5c]
peace4poker: folds 
peace4poker is sitting out
pdk01: folds 
w4444x: raises $0.75 to $1
wasserss: folds 
ricecooka972 has timed out
ricecooka972: folds 
ricecooka972 is sitting out
ricecooka972 has returned
Menrath: calls $1
fioro: calls $1
Alameda22: folds 
LittleORK: folds 
*** FLOP *** [Ad 8c 3s]
w4444x: bets $2.75
Menrath: calls $2.75
fioro: folds 
*** TURN *** [Ad 8c 3s] [2h]
w4444x: bets $4
Menrath: folds 
Uncalled bet ($4) returned to w4444x
w4444x collected $8.45 from pot
w4444x: doesn't show hand 
*** SUMMARY ***
Total pot $8.85 | Rake $0.40 
Board [Ad 8c 3s 2h]
Seat 1: ricecooka972 folded before Flop (didn't bet)
Seat 2: Menrath folded on the Turn
Seat 3: fioro (button) folded on the Flop
Seat 4: Alameda22 (small blind) folded before Flop
Seat 5: LittleORK (big blind) folded before Flop
Seat 6: peace4poker folded before Flop (didn't bet)
Seat 7: pdk01 folded before Flop (didn't bet)
Seat 8: w4444x collected ($8.45)
Seat 9: wasserss folded before Flop (didn't bet)



PokerStars Game #19570054712:  Hold'em No Limit ($0.10/$0.25) - 2008/08/12 - 18:36:24 (ET)
Table 'Pallas III' 9-max Seat #4 is the button
Seat 1: ricecooka972 ($30.85 in chips) 
Seat 2: Menrath ($20.50 in chips) 
Seat 3: fioro ($24.55 in chips) 
Seat 4: Alameda22 ($24.65 in chips) 
Seat 5: LittleORK ($17.05 in chips) 
Seat 7: pdk01 ($22.25 in chips) 
Seat 8: w4444x ($36.80 in chips) 
Seat 9: wasserss ($5 in chips) 
LittleORK: posts small blind $0.10
pdk01: posts big blind $0.25
*** HOLE CARDS ***
Dealt to Alameda22 [As Qh]
w4444x: folds 
wasserss: folds 
ricecooka972: folds 
Menrath: folds 
fioro: folds 
Alameda22: raises $0.50 to $0.75
LittleORK: folds 
pdk01: folds 
Uncalled bet ($0.50) returned to Alameda22
Alameda22 collected $0.60 from pot
Alameda22: doesn't show hand 
*** SUMMARY ***
Total pot $0.60 | Rake $0 
Seat 1: ricecooka972 folded before Flop (didn't bet)
Seat 2: Menrath folded before Flop (didn't bet)
Seat 3: fioro folded before Flop (didn't bet)
Seat 4: Alameda22 (button) collected ($0.60)
Seat 5: LittleORK (small blind) folded before Flop
Seat 7: pdk01 (big blind) folded before Flop
Seat 8: w4444x folded before Flop (didn't bet)
Seat 9: wasserss folded before Flop (didn't bet)



PokerStars Game #19570066188:  Hold'em No Limit ($0.10/$0.25) - 2008/08/12 - 18:36:53 (ET)
Table 'Pallas III' 9-max Seat #5 is the button
Seat 1: ricecooka972 ($30.85 in chips) 
Seat 2: Menrath ($20.50 in chips) 
Seat 3: fioro ($24.55 in chips) 
Seat 4: Alameda22 ($25 in chips) 
Seat 5: LittleORK ($16.95 in chips) 
Seat 7: pdk01 ($22 in chips) 
Seat 8: w4444x ($36.80 in chips) 
Seat 9: wasserss ($5 in chips) 
pdk01: posts small blind $0.10
w4444x: posts big blind $0.25
*** HOLE CARDS ***
Dealt to Alameda22 [Ts Jh]
wasserss: folds 
ricecooka972: folds 
Menrath: calls $0.25
fioro: calls $0.25
Alameda22: folds 
LittleORK: folds 
pdk01: folds 
w4444x: checks 
*** FLOP *** [Qd Th As]
w4444x: checks 
Menrath: checks 
fioro: checks 
*** TURN *** [Qd Th As] [3d]
w4444x: checks 
Menrath: checks 
fioro: checks 
*** RIVER *** [Qd Th As 3d] [Kc]
w4444x: checks 
Menrath: checks 
fioro: checks 
*** SHOW DOWN ***
w4444x: shows [4d 7h] (high card Ace)
Menrath: shows [8c 9d] (high card Ace - King+Queen+Ten+Nine kicker)
fioro: shows [Ah 2h] (a pair of Aces)
fioro collected $0.85 from pot
*** SUMMARY ***
Total pot $0.85 | Rake $0 
Board [Qd Th As 3d Kc]
Seat 1: ricecooka972 folded before Flop (didn't bet)
Seat 2: Menrath showed [8c 9d] and lost with high card Ace
Seat 3: fioro showed [Ah 2h] and won ($0.85) with a pair of Aces
Seat 4: Alameda22 folded before Flop (didn't bet)
Seat 5: LittleORK (button) folded before Flop (didn't bet)
Seat 7: pdk01 (small blind) folded before Flop
Seat 8: w4444x (big blind) showed [4d 7h] and lost with high card Ace
Seat 9: wasserss folded before Flop (didn't bet)



PokerStars Game #19570088453:  Hold'em No Limit ($0.10/$0.25) - 2008/08/12 - 18:37:50 (ET)
Table 'Pallas III' 9-max Seat #7 is the button
Seat 1: ricecooka972 ($30.85 in chips) 
Seat 2: Menrath ($20.25 in chips) 
Seat 3: fioro ($25.15 in chips) 
Seat 4: Alameda22 ($25 in chips) 
Seat 5: LittleORK ($16.95 in chips) 
Seat 7: pdk01 ($21.90 in chips) 
Seat 8: w4444x ($36.55 in chips) 
Seat 9: wasserss ($5 in chips) 
w4444x: posts small blind $0.10
wasserss: posts big blind $0.25
*** HOLE CARDS ***
Dealt to Alameda22 [8d 9h]
ricecooka972: folds 
Menrath: folds 
fioro: folds 
Alameda22: folds 
LittleORK: folds 
pdk01: folds 
w4444x: folds 
Uncalled bet ($0.15) returned to wasserss
wasserss collected $0.20 from pot
wasserss: doesn't show hand 
*** SUMMARY ***
Total pot $0.20 | Rake $0 
Seat 1: ricecooka972 folded before Flop (didn't bet)
Seat 2: Menrath folded before Flop (didn't bet)
Seat 3: fioro folded before Flop (didn't bet)
Seat 4: Alameda22 folded before Flop (didn't bet)
Seat 5: LittleORK folded before Flop (didn't bet)
Seat 7: pdk01 (button) folded before Flop (didn't bet)
Seat 8: w4444x (small blind) folded before Flop
Seat 9: wasserss (big blind) collected ($0.20)



PokerStars Game #19570098468:  Hold'em No Limit ($0.10/$0.25) - 2008/08/12 - 18:38:16 (ET)
Table 'Pallas III' 9-max Seat #8 is the button
Seat 2: Menrath ($20.25 in chips) 
Seat 3: fioro ($25.15 in chips) 
Seat 4: Alameda22 ($25 in chips) 
Seat 5: LittleORK ($16.95 in chips) 
Seat 7: pdk01 ($21.90 in chips) 
Seat 8: w4444x ($36.45 in chips) 
Seat 9: wasserss ($5.10 in chips) 
wasserss: posts small blind $0.10
ricecooka972: is sitting out 
Menrath: posts big blind $0.25
*** HOLE CARDS ***
Dealt to Alameda22 [As 3s]
fioro: folds 
ricecooka972 leaves the table
Alameda22: folds 
LittleORK: folds 
pdk01: folds 
w4444x: folds 
wasserss: folds 
Uncalled bet ($0.15) returned to Menrath
Menrath collected $0.20 from pot
*** SUMMARY ***
Total pot $0.20 | Rake $0 
Seat 2: Menrath (big blind) collected ($0.20)
Seat 3: fioro folded before Flop (didn't bet)
Seat 4: Alameda22 folded before Flop (didn't bet)
Seat 5: LittleORK folded before Flop (didn't bet)
Seat 7: pdk01 folded before Flop (didn't bet)
Seat 8: w4444x (button) folded before Flop (didn't bet)
Seat 9: wasserss (small blind) folded before Flop



PokerStars Game #19570106968:  Hold'em No Limit ($0.10/$0.25) - 2008/08/12 - 18:38:38 (ET)
Table 'Pallas III' 9-max Seat #9 is the button
Seat 2: Menrath ($20.35 in chips) 
Seat 3: fioro ($25.15 in chips) 
Seat 4: Alameda22 ($25 in chips) 
Seat 5: LittleORK ($16.95 in chips) 
Seat 7: pdk01 ($21.90 in chips) 
Seat 8: w4444x ($36.45 in chips) 
Seat 9: wasserss ($5 in chips) 
Menrath: posts small blind $0.10
fioro: posts big blind $0.25
*** HOLE CARDS ***
Dealt to Alameda22 [Kh Th]
Alameda22: folds 
LittleORK: folds 
pdk01: folds 
w4444x: folds 
wasserss: folds 
Menrath: calls $0.15
fioro: checks 
*** FLOP *** [4d Ts Tc]
Menrath: checks 
fioro: checks 
*** TURN *** [4d Ts Tc] [4h]
Menrath: checks 
OneArm4u joins the table at seat #1 
fioro: checks 
*** RIVER *** [4d Ts Tc 4h] [2s]
Menrath: checks 
fioro: checks 
*** SHOW DOWN ***
Menrath: shows [7c Js] (two pair, Tens and Fours)
fioro: mucks hand 
Menrath collected $0.50 from pot
*** SUMMARY ***
Total pot $0.50 | Rake $0 
Board [4d Ts Tc 4h 2s]
Seat 2: Menrath (small blind) showed [7c Js] and won ($0.50) with two pair, Tens and Fours
Seat 3: fioro (big blind) mucked [5h 7s]
Seat 4: Alameda22 folded before Flop (didn't bet)
Seat 5: LittleORK folded before Flop (didn't bet)
Seat 7: pdk01 folded before Flop (didn't bet)
Seat 8: w4444x folded before Flop (didn't bet)
Seat 9: wasserss (button) folded before Flop (didn't bet)



PokerStars Game #19570127542:  Hold'em No Limit ($0.10/$0.25) - 2008/08/12 - 18:39:30 (ET)
Table 'Pallas III' 9-max Seat #2 is the button
Seat 1: OneArm4u ($15 in chips) 
Seat 2: Menrath ($20.60 in chips) 
Seat 3: fioro ($24.90 in chips) 
Seat 4: Alameda22 ($25 in chips) 
Seat 5: LittleORK ($16.95 in chips) 
Seat 7: pdk01 ($21.90 in chips) 
Seat 8: w4444x ($36.45 in chips) 
Seat 9: wasserss ($5 in chips) 
fioro: posts small blind $0.10
Alameda22: posts big blind $0.25
OneArm4u: posts big blind $0.25
*** HOLE CARDS ***
Dealt to Alameda22 [Jd 3h]
LittleORK: folds 
pdk01: raises $0.75 to $1
w4444x: folds 
wasserss: folds 
OneArm4u: calls $0.75
Menrath: calls $1
fioro: folds 
Alameda22: folds 
*** FLOP *** [2d 2h 8c]
pdk01: bets $1.50
OneArm4u: folds 
Menrath: raises $3 to $4.50
pdk01: calls $3
*** TURN *** [2d 2h 8c] [5d]
pdk01: checks 
Menrath: bets $5.50
pdk01: calls $5.50
*** RIVER *** [2d 2h 8c 5d] [8h]
pdk01: checks 
Menrath: bets $7
pdk01: folds 
Uncalled bet ($7) returned to Menrath
Menrath collected $22.25 from pot
Menrath: doesn't show hand 
*** SUMMARY ***
Total pot $23.35 | Rake $1.10 
Board [2d 2h 8c 5d 8h]
Seat 1: OneArm4u folded on the Flop
Seat 2: Menrath (button) collected ($22.25)
Seat 3: fioro (small blind) folded before Flop
Seat 4: Alameda22 (big blind) folded before Flop
Seat 5: LittleORK folded before Flop (didn't bet)
Seat 7: pdk01 folded on the River
Seat 8: w4444x folded before Flop (didn't bet)
Seat 9: wasserss folded before Flop (didn't bet)



PokerStars Game #19570169993:  Hold'em No Limit ($0.10/$0.25) - 2008/08/12 - 18:41:17 (ET)
Table 'Pallas III' 9-max Seat #3 is the button
Seat 1: OneArm4u ($14 in chips) 
Seat 2: Menrath ($31.85 in chips) 
Seat 3: fioro ($24.80 in chips) 
Seat 4: Alameda22 ($24.75 in chips) 
Seat 5: LittleORK ($16.95 in chips) 
Seat 7: pdk01 ($10.90 in chips) 
Seat 8: w4444x ($36.45 in chips) 
Seat 9: wasserss ($5 in chips) 
Alameda22: posts small blind $0.10
LittleORK: posts big blind $0.25
*** HOLE CARDS ***
Dealt to Alameda22 [Jh 9s]
pdk01: folds 
w4444x: folds 
wasserss: folds 
OneArm4u: raises $0.75 to $1
Menrath: folds 
fioro: folds 
Alameda22: folds 
LittleORK: folds 
Uncalled bet ($0.75) returned to OneArm4u
OneArm4u collected $0.60 from pot
OneArm4u: doesn't show hand 
*** SUMMARY ***
Total pot $0.60 | Rake $0 
Seat 1: OneArm4u collected ($0.60)
Seat 2: Menrath folded before Flop (didn't bet)
Seat 3: fioro (button) folded before Flop (didn't bet)
Seat 4: Alameda22 (small blind) folded before Flop
Seat 5: LittleORK (big blind) folded before Flop
Seat 7: pdk01 folded before Flop (didn't bet)
Seat 8: w4444x folded before Flop (didn't bet)
Seat 9: wasserss folded before Flop (didn't bet)



PokerStars Game #19570181562:  Hold'em No Limit ($0.10/$0.25) - 2008/08/12 - 18:41:46 (ET)
Table 'Pallas III' 9-max Seat #4 is the button
Seat 1: OneArm4u ($14.35 in chips) 
Seat 2: Menrath ($31.85 in chips) 
Seat 3: fioro ($24.80 in chips) 
Seat 4: Alameda22 ($24.65 in chips) 
Seat 5: LittleORK ($16.70 in chips) 
Seat 7: pdk01 ($25 in chips) 
Seat 8: w4444x ($36.45 in chips) 
Seat 9: wasserss ($5 in chips) 
LittleORK: posts small blind $0.10
pdk01: posts big blind $0.25
*** HOLE CARDS ***
Dealt to Alameda22 [4c Ks]
w4444x: folds 
wasserss: folds 
OneArm4u: calls $0.25
Menrath: raises $0.75 to $1
fioro: folds 
Alameda22: folds 
LittleORK: folds 
pdk01: folds 
OneArm4u: calls $0.75
*** FLOP *** [3c 9c 6c]
OneArm4u: checks 
Menrath: bets $1
OneArm4u: calls $1
*** TURN *** [3c 9c 6c] [5h]
OneArm4u: checks 
Menrath: bets $1
OneArm4u: calls $1
*** RIVER *** [3c 9c 6c 5h] [8h]
OneArm4u: bets $2
Menrath: calls $2
*** SHOW DOWN ***
OneArm4u: shows [Qc 5c] (a flush, Queen high)
Menrath: mucks hand 
OneArm4u collected $9.85 from pot
*** SUMMARY ***
Total pot $10.35 | Rake $0.50 
Board [3c 9c 6c 5h 8h]
Seat 1: OneArm4u showed [Qc 5c] and won ($9.85) with a flush, Queen high
Seat 2: Menrath mucked [Qd As]
Seat 3: fioro folded before Flop (didn't bet)
Seat 4: Alameda22 (button) folded before Flop (didn't bet)
Seat 5: LittleORK (small blind) folded before Flop
Seat 7: pdk01 (big blind) folded before Flop
Seat 8: w4444x folded before Flop (didn't bet)
Seat 9: wasserss folded before Flop (didn't bet)



PokerStars Game #19570209881:  Hold'em No Limit ($0.10/$0.25) - 2008/08/12 - 18:42:58 (ET)
Table 'Pallas III' 9-max Seat #5 is the button
Seat 1: OneArm4u ($19.20 in chips) 
Seat 2: Menrath ($26.85 in chips) 
Seat 3: fioro ($24.80 in chips) 
Seat 4: Alameda22 ($24.65 in chips) 
Seat 5: LittleORK ($16.60 in chips) 
Seat 7: pdk01 ($24.75 in chips) 
Seat 8: w4444x ($36.45 in chips) 
Seat 9: wasserss ($5 in chips) 
pdk01: posts small blind $0.10
w4444x: posts big blind $0.25
*** HOLE CARDS ***
Dealt to Alameda22 [6d 2c]
wasserss: folds 
OneArm4u: folds 
Menrath: raises $0.50 to $0.75
fioro: folds 
Alameda22: folds 
LittleORK: folds 
pdk01: folds 
w4444x: folds 
Uncalled bet ($0.50) returned to Menrath
Menrath collected $0.60 from pot
*** SUMMARY ***
Total pot $0.60 | Rake $0 
Seat 1: OneArm4u folded before Flop (didn't bet)
Seat 2: Menrath collected ($0.60)
Seat 3: fioro folded before Flop (didn't bet)
Seat 4: Alameda22 folded before Flop (didn't bet)
Seat 5: LittleORK (button) folded before Flop (didn't bet)
Seat 7: pdk01 (small blind) folded before Flop
Seat 8: w4444x (big blind) folded before Flop
Seat 9: wasserss folded before Flop (didn't bet)



PokerStars Game #19570222129:  Hold'em No Limit ($0.10/$0.25) - 2008/08/12 - 18:43:30 (ET)
Table 'Pallas III' 9-max Seat #7 is the button
Seat 1: OneArm4u ($19.20 in chips) 
Seat 2: Menrath ($27.20 in chips) 
Seat 3: fioro ($24.80 in chips) 
Seat 4: Alameda22 ($24.65 in chips) 
Seat 5: LittleORK ($16.60 in chips) 
Seat 7: pdk01 ($24.65 in chips) 
Seat 8: w4444x ($36.20 in chips) 
Seat 9: wasserss ($5 in chips) 
w4444x: posts small blind $0.10
wasserss: posts big blind $0.25
*** HOLE CARDS ***
Dealt to Alameda22 [7h 2h]
OneArm4u: raises $0.25 to $0.50
Menrath: folds 
fioro: folds 
Alameda22: folds 
LittleORK: folds 
pdk01: folds 
w4444x: folds 
wasserss: folds 
Uncalled bet ($0.25) returned to OneArm4u
OneArm4u collected $0.60 from pot
OneArm4u: doesn't show hand 
*** SUMMARY ***
Total pot $0.60 | Rake $0 
Seat 1: OneArm4u collected ($0.60)
Seat 2: Menrath folded before Flop (didn't bet)
Seat 3: fioro folded before Flop (didn't bet)
Seat 4: Alameda22 folded before Flop (didn't bet)
Seat 5: LittleORK folded before Flop (didn't bet)
Seat 7: pdk01 (button) folded before Flop (didn't bet)
Seat 8: w4444x (small blind) folded before Flop
Seat 9: wasserss (big blind) folded before Flop



PokerStars Game #19570237479:  Hold'em No Limit ($0.10/$0.25) - 2008/08/12 - 18:44:09 (ET)
Table 'Pallas III' 9-max Seat #8 is the button
Seat 1: OneArm4u ($19.55 in chips) 
Seat 2: Menrath ($27.20 in chips) 
Seat 3: fioro ($24.80 in chips) 
Seat 4: Alameda22 ($24.65 in chips) 
Seat 5: LittleORK ($16.60 in chips) 
Seat 7: pdk01 ($24.65 in chips) 
Seat 8: w4444x ($36.10 in chips) 
Seat 9: wasserss ($4.75 in chips) 
wasserss: posts small blind $0.10
OneArm4u: posts big blind $0.25
*** HOLE CARDS ***
Dealt to Alameda22 [Qd 8c]
Menrath: folds 
fioro: folds 
Alameda22: folds 
LittleORK: calls $0.25
pdk01: folds 
w4444x: folds 
wasserss: folds 
peace4poker has returned
OneArm4u: checks 
*** FLOP *** [2d 4s Ts]
OneArm4u: checks 
LittleORK: checks 
*** TURN *** [2d 4s Ts] [6s]
OneArm4u: checks 
LittleORK: checks 
*** RIVER *** [2d 4s Ts 6s] [2s]
OneArm4u: checks 
LittleORK: checks 
*** SHOW DOWN ***
OneArm4u: shows [Jc 7s] (a flush, Ten high)
LittleORK: mucks hand 
OneArm4u collected $0.60 from pot
*** SUMMARY ***
Total pot $0.60 | Rake $0 
Board [2d 4s Ts 6s 2s]
Seat 1: OneArm4u (big blind) showed [Jc 7s] and won ($0.60) with a flush, Ten high
Seat 2: Menrath folded before Flop (didn't bet)
Seat 3: fioro folded before Flop (didn't bet)
Seat 4: Alameda22 folded before Flop (didn't bet)
Seat 5: LittleORK mucked [Qh Kd]
Seat 7: pdk01 folded before Flop (didn't bet)
Seat 8: w4444x (button) folded before Flop (didn't bet)
Seat 9: wasserss (small blind) folded before Flop



PokerStars Game #19570259430:  Hold'em No Limit ($0.10/$0.25) - 2008/08/12 - 18:45:05 (ET)
Table 'Pallas III' 9-max Seat #9 is the button
Seat 1: OneArm4u ($19.90 in chips) 
Seat 2: Menrath ($27.20 in chips) 
Seat 3: fioro ($24.80 in chips) 
Seat 4: Alameda22 ($24.65 in chips) 
Seat 5: LittleORK ($16.35 in chips) 
Seat 7: pdk01 ($24.65 in chips) 
Seat 8: w4444x ($36.10 in chips) 
Seat 9: wasserss ($4.65 in chips) 
OneArm4u: posts small blind $0.10
Menrath: posts big blind $0.25
peace4poker: sits out 
*** HOLE CARDS ***
Dealt to Alameda22 [9h Td]
fioro: folds 
Alameda22: folds 
LittleORK: folds 
pdk01: folds 
w4444x: folds 
wasserss: folds 
OneArm4u: calls $0.15
Menrath: raises $0.50 to $0.75
OneArm4u: folds 
Uncalled bet ($0.50) returned to Menrath
Menrath collected $0.50 from pot
Menrath: doesn't show hand 
*** SUMMARY ***
Total pot $0.50 | Rake $0 
Seat 1: OneArm4u (small blind) folded before Flop
Seat 2: Menrath (big blind) collected ($0.50)
Seat 3: fioro folded before Flop (didn't bet)
Seat 4: Alameda22 folded before Flop (didn't bet)
Seat 5: LittleORK folded before Flop (didn't bet)
Seat 7: pdk01 folded before Flop (didn't bet)
Seat 8: w4444x folded before Flop (didn't bet)
Seat 9: wasserss (button) folded before Flop (didn't bet)



PokerStars Game #19570276200:  Hold'em No Limit ($0.10/$0.25) - 2008/08/12 - 18:45:48 (ET)
Table 'Pallas III' 9-max Seat #1 is the button
Seat 1: OneArm4u ($19.65 in chips) 
Seat 2: Menrath ($27.45 in chips) 
Seat 3: fioro ($24.80 in chips) 
Seat 4: Alameda22 ($24.65 in chips) 
Seat 5: LittleORK ($16.35 in chips) 
Seat 7: pdk01 ($24.65 in chips) 
Seat 8: w4444x ($36.10 in chips) 
Seat 9: wasserss ($4.65 in chips) 
Menrath: posts small blind $0.10
fioro: posts big blind $0.25
peace4poker: sits out 
*** HOLE CARDS ***
Dealt to Alameda22 [6s 8d]
Alameda22: folds 
LittleORK: folds 
pdk01: folds 
w4444x: folds 
wasserss: folds 
OneArm4u: folds 
OneArm4u leaves the table
Menrath: calls $0.15
fioro: checks 
*** FLOP *** [4s 8s 9h]
Menrath: checks 
fioro: bets $1
Menrath: folds 
Uncalled bet ($1) returned to fioro
fioro collected $0.50 from pot
fioro: doesn't show hand 
*** SUMMARY ***
Total pot $0.50 | Rake $0 
Board [4s 8s 9h]
Seat 1: OneArm4u (button) folded before Flop (didn't bet)
Seat 2: Menrath (small blind) folded on the Flop
Seat 3: fioro (big blind) collected ($0.50)
Seat 4: Alameda22 folded before Flop (didn't bet)
Seat 5: LittleORK folded before Flop (didn't bet)
Seat 7: pdk01 folded before Flop (didn't bet)
Seat 8: w4444x folded before Flop (didn't bet)
Seat 9: wasserss folded before Flop (didn't bet)



PokerStars Game #19570295856:  Hold'em No Limit ($0.10/$0.25) - 2008/08/12 - 18:46:38 (ET)
Table 'Pallas III' 9-max Seat #2 is the button
Seat 2: Menrath ($27.20 in chips) 
Seat 3: fioro ($25.05 in chips) 
Seat 4: Alameda22 ($24.65 in chips) 
Seat 5: LittleORK ($16.35 in chips) 
Seat 7: pdk01 ($24.65 in chips) 
Seat 8: w4444x ($36.10 in chips) 
Seat 9: wasserss ($4.65 in chips) 
fioro: posts small blind $0.10
Alameda22: posts big blind $0.25
peace4poker: sits out 
*** HOLE CARDS ***
Dealt to Alameda22 [Tc 8c]
LittleORK: folds 
pdk01: folds 
w4444x: folds 
wasserss: raises $0.75 to $1
Menrath: folds 
fioro: folds 
Alameda22: folds 
Uncalled bet ($0.75) returned to wasserss
wasserss collected $0.60 from pot
wasserss: doesn't show hand 
*** SUMMARY ***
Total pot $0.60 | Rake $0 
Seat 2: Menrath (button) folded before Flop (didn't bet)
Seat 3: fioro (small blind) folded before Flop
Seat 4: Alameda22 (big blind) folded before Flop
Seat 5: LittleORK folded before Flop (didn't bet)
Seat 7: pdk01 folded before Flop (didn't bet)
Seat 8: w4444x folded before Flop (didn't bet)
Seat 9: wasserss collected ($0.60)



PokerStars Game #19570308109:  Hold'em No Limit ($0.10/$0.25) - 2008/08/12 - 18:47:09 (ET)
Table 'Pallas III' 9-max Seat #3 is the button
Seat 2: Menrath ($27.20 in chips) 
Seat 3: fioro ($24.95 in chips) 
Seat 4: Alameda22 ($24.40 in chips) 
Seat 5: LittleORK ($16.35 in chips) 
Seat 7: pdk01 ($24.65 in chips) 
Seat 8: w4444x ($36.10 in chips) 
Seat 9: wasserss ($5 in chips) 
Alameda22: posts small blind $0.10
LittleORK: posts big blind $0.25
peace4poker: sits out 
*** HOLE CARDS ***
Dealt to Alameda22 [5c 4h]
pdk01: folds 
w4444x: folds 
wasserss: folds 
Menrath: raises $0.75 to $1
fioro: calls $1
Alameda22: folds 
LittleORK: folds 
*** FLOP *** [5d Ac 2h]
Menrath: checks 
fioro: bets $2
Menrath: calls $2
*** TURN *** [5d Ac 2h] [3d]
Menrath: checks 
fioro: bets $8.25
Menrath: raises $15.95 to $24.20 and is all-in
fioro: calls $13.70 and is all-in
Uncalled bet ($2.25) returned to Menrath
*** RIVER *** [5d Ac 2h 3d] [Jd]
*** SHOW DOWN ***
Menrath: shows [Ad Qc] (a pair of Aces)
fioro: shows [4c Ah] (a straight, Ace to Five)
fioro collected $47.80 from pot
*** SUMMARY ***
Total pot $50.25 | Rake $2.45 
Board [5d Ac 2h 3d Jd]
Seat 2: Menrath showed [Ad Qc] and lost with a pair of Aces
Seat 3: fioro (button) showed [4c Ah] and won ($47.80) with a straight, Ace to Five
Seat 4: Alameda22 (small blind) folded before Flop
Seat 5: LittleORK (big blind) folded before Flop
Seat 7: pdk01 folded before Flop (didn't bet)
Seat 8: w4444x folded before Flop (didn't bet)
Seat 9: wasserss folded before Flop (didn't bet)



PokerStars Game #19570332160:  Hold'em No Limit ($0.10/$0.25) - 2008/08/12 - 18:48:10 (ET)
Table 'Pallas III' 9-max Seat #4 is the button
Seat 2: Menrath ($2.25 in chips) 
Seat 3: fioro ($47.80 in chips) 
Seat 4: Alameda22 ($24.30 in chips) 
Seat 5: LittleORK ($16.10 in chips) 
Seat 6: peace4poker ($20.20 in chips) 
Seat 7: pdk01 ($24.65 in chips) 
Seat 8: w4444x ($36.10 in chips) 
Seat 9: wasserss ($5 in chips) 
LittleORK: posts small blind $0.10
peace4poker: posts big blind $0.25
*** HOLE CARDS ***
Dealt to Alameda22 [9s Ts]
pdk01: folds 
w4444x: folds 
wasserss: folds 
GoBucksIndy joins the table at seat #1 
Menrath: raises $0.75 to $1
fioro: folds 
Alameda22: folds 
LittleORK: folds 
peace4poker: folds 
Uncalled bet ($0.75) returned to Menrath
Menrath collected $0.60 from pot
Menrath: doesn't show hand 
*** SUMMARY ***
Total pot $0.60 | Rake $0 
Seat 2: Menrath collected ($0.60)
Seat 3: fioro folded before Flop (didn't bet)
Seat 4: Alameda22 (button) folded before Flop (didn't bet)
Seat 5: LittleORK (small blind) folded before Flop
Seat 6: peace4poker (big blind) folded before Flop
Seat 7: pdk01 folded before Flop (didn't bet)
Seat 8: w4444x folded before Flop (didn't bet)
Seat 9: wasserss folded before Flop (didn't bet)



PokerStars Game #19570342196:  Hold'em No Limit ($0.10/$0.25) - 2008/08/12 - 18:48:36 (ET)
Table 'Pallas III' 9-max Seat #5 is the button
Seat 2: Menrath ($2.60 in chips) 
Seat 3: fioro ($47.80 in chips) 
Seat 4: Alameda22 ($24.30 in chips) 
Seat 5: LittleORK ($16 in chips) 
Seat 6: peace4poker ($19.95 in chips) 
Seat 7: pdk01 ($24.65 in chips) 
Seat 8: w4444x ($36.10 in chips) 
Seat 9: wasserss ($5 in chips) 
peace4poker: posts small blind $0.10
pdk01: posts big blind $0.25
GoBucksIndy: sits out 
*** HOLE CARDS ***
Dealt to Alameda22 [2c Js]
w4444x: folds 
wasserss: folds 
Menrath: folds 
fioro: folds 
Alameda22: folds 
LittleORK: folds 
peace4poker: folds 
Uncalled bet ($0.15) returned to pdk01
pdk01 collected $0.20 from pot
*** SUMMARY ***
Total pot $0.20 | Rake $0 
Seat 2: Menrath folded before Flop (didn't bet)
Seat 3: fioro folded before Flop (didn't bet)
Seat 4: Alameda22 folded before Flop (didn't bet)
Seat 5: LittleORK (button) folded before Flop (didn't bet)
Seat 6: peace4poker (small blind) folded before Flop
Seat 7: pdk01 (big blind) collected ($0.20)
Seat 8: w4444x folded before Flop (didn't bet)
Seat 9: wasserss folded before Flop (didn't bet)



PokerStars Game #19570350403:  Hold'em No Limit ($0.10/$0.25) - 2008/08/12 - 18:48:57 (ET)
Table 'Pallas III' 9-max Seat #6 is the button
Seat 2: Menrath ($2.60 in chips) 
Seat 3: fioro ($47.80 in chips) 
Seat 4: Alameda22 ($24.30 in chips) 
Seat 5: LittleORK ($16 in chips) 
Seat 6: peace4poker ($19.85 in chips) 
Seat 7: pdk01 ($24.75 in chips) 
Seat 8: w4444x ($36.10 in chips) 
Seat 9: wasserss ($5 in chips) 
pdk01: posts small blind $0.10
w4444x: posts big blind $0.25
GoBucksIndy: sits out 
*** HOLE CARDS ***
Dealt to Alameda22 [Td 6s]
wasserss: folds 
Menrath: folds 
fioro: folds 
Alameda22: folds 
LittleORK: folds 
peace4poker: raises $0.50 to $0.75
pdk01: folds 
w4444x: folds 
Uncalled bet ($0.50) returned to peace4poker
peace4poker collected $0.60 from pot
*** SUMMARY ***
Total pot $0.60 | Rake $0 
Seat 2: Menrath folded before Flop (didn't bet)
Seat 3: fioro folded before Flop (didn't bet)
Seat 4: Alameda22 folded before Flop (didn't bet)
Seat 5: LittleORK folded before Flop (didn't bet)
Seat 6: peace4poker (button) collected ($0.60)
Seat 7: pdk01 (small blind) folded before Flop
Seat 8: w4444x (big blind) folded before Flop
Seat 9: wasserss folded before Flop (didn't bet)



PokerStars Game #19570359829:  Hold'em No Limit ($0.10/$0.25) - 2008/08/12 - 18:49:22 (ET)
Table 'Pallas III' 9-max Seat #7 is the button
Seat 2: Menrath ($2.60 in chips) 
Seat 3: fioro ($47.80 in chips) 
Seat 4: Alameda22 ($24.30 in chips) 
Seat 5: LittleORK ($16 in chips) 
Seat 6: peace4poker ($20.20 in chips) 
Seat 7: pdk01 ($24.65 in chips) 
Seat 8: w4444x ($35.85 in chips) 
Seat 9: wasserss ($5 in chips) 
w4444x: posts small blind $0.10
wasserss: posts big blind $0.25
GoBucksIndy: sits out 
*** HOLE CARDS ***
Dealt to Alameda22 [Jc 3h]
Menrath: folds 
fioro: raises $0.75 to $1
Alameda22: folds 
LittleORK: folds 
peace4poker: folds 
pdk01: folds 
w4444x: calls $0.90
wasserss: folds 
*** FLOP *** [Kd 4h 2d]
w4444x: checks 
fioro: bets $2
w4444x: folds 
Uncalled bet ($2) returned to fioro
fioro collected $2.15 from pot
fioro: doesn't show hand 
*** SUMMARY ***
Total pot $2.25 | Rake $0.10 
Board [Kd 4h 2d]
Seat 2: Menrath folded before Flop (didn't bet)
Seat 3: fioro collected ($2.15)
Seat 4: Alameda22 folded before Flop (didn't bet)
Seat 5: LittleORK folded before Flop (didn't bet)
Seat 6: peace4poker folded before Flop (didn't bet)
Seat 7: pdk01 (button) folded before Flop (didn't bet)
Seat 8: w4444x (small blind) folded on the Flop
Seat 9: wasserss (big blind) folded before Flop



PokerStars Game #19570376559:  Hold'em No Limit ($0.10/$0.25) - 2008/08/12 - 18:50:04 (ET)
Table 'Pallas III' 9-max Seat #8 is the button
Seat 1: GoBucksIndy ($25 in chips) 
Seat 2: Menrath ($2.60 in chips) 
Seat 3: fioro ($48.95 in chips) 
Seat 4: Alameda22 ($24.30 in chips) 
Seat 5: LittleORK ($16 in chips) 
Seat 6: peace4poker ($20.20 in chips) 
Seat 7: pdk01 ($24.65 in chips) 
Seat 8: w4444x ($34.85 in chips) 
Seat 9: wasserss ($4.75 in chips) 
wasserss: posts small blind $0.10
GoBucksIndy: posts big blind $0.25
*** HOLE CARDS ***
Dealt to Alameda22 [8h 3d]
Menrath: folds 
fioro: folds 
Alameda22: folds 
LittleORK: folds 
peace4poker: calls $0.25
pdk01: folds 
w4444x: folds 
wasserss: folds 
GoBucksIndy: raises $1 to $1.25
peace4poker: folds 
Uncalled bet ($1) returned to GoBucksIndy
GoBucksIndy collected $0.60 from pot
GoBucksIndy: doesn't show hand 
*** SUMMARY ***
Total pot $0.60 | Rake $0 
Seat 1: GoBucksIndy (big blind) collected ($0.60)
Seat 2: Menrath folded before Flop (didn't bet)
Seat 3: fioro folded before Flop (didn't bet)
Seat 4: Alameda22 folded before Flop (didn't bet)
Seat 5: LittleORK folded before Flop (didn't bet)
Seat 6: peace4poker folded before Flop
Seat 7: pdk01 folded before Flop (didn't bet)
Seat 8: w4444x (button) folded before Flop (didn't bet)
Seat 9: wasserss (small blind) folded before Flop



PokerStars Game #19570389986:  Hold'em No Limit ($0.10/$0.25) - 2008/08/12 - 18:50:39 (ET)
Table 'Pallas III' 9-max Seat #9 is the button
Seat 1: GoBucksIndy ($25.35 in chips) 
Seat 2: Menrath ($2.60 in chips) 
Seat 3: fioro ($48.95 in chips) 
Seat 4: Alameda22 ($24.30 in chips) 
Seat 5: LittleORK ($16 in chips) 
Seat 6: peace4poker ($19.95 in chips) 
Seat 7: pdk01 ($24.65 in chips) 
Seat 8: w4444x ($34.85 in chips) 
Seat 9: wasserss ($4.65 in chips) 
GoBucksIndy: posts small blind $0.10
Menrath: posts big blind $0.25
*** HOLE CARDS ***
Dealt to Alameda22 [5s 6c]
fioro: folds 
Alameda22: folds 
LittleORK: calls $0.25
peace4poker: folds 
pdk01: folds 
w4444x: folds 
wasserss: folds 
GoBucksIndy: folds 
Menrath: raises $0.50 to $0.75
LittleORK: folds 
Uncalled bet ($0.50) returned to Menrath
Menrath collected $0.60 from pot
Menrath: doesn't show hand 
*** SUMMARY ***
Total pot $0.60 | Rake $0 
Seat 1: GoBucksIndy (small blind) folded before Flop
Seat 2: Menrath (big blind) collected ($0.60)
Seat 3: fioro folded before Flop (didn't bet)
Seat 4: Alameda22 folded before Flop (didn't bet)
Seat 5: LittleORK folded before Flop
Seat 6: peace4poker folded before Flop (didn't bet)
Seat 7: pdk01 folded before Flop (didn't bet)
Seat 8: w4444x folded before Flop (didn't bet)
Seat 9: wasserss (button) folded before Flop (didn't bet)



PokerStars Game #19570408519:  Hold'em No Limit ($0.10/$0.25) - 2008/08/12 - 18:51:27 (ET)
Table 'Pallas III' 9-max Seat #1 is the button
Seat 1: GoBucksIndy ($25.25 in chips) 
Seat 2: Menrath ($2.95 in chips) 
Seat 3: fioro ($48.95 in chips) 
Seat 4: Alameda22 ($24.30 in chips) 
Seat 5: LittleORK ($15.75 in chips) 
Seat 6: peace4poker ($19.95 in chips) 
Seat 7: pdk01 ($24.65 in chips) 
Seat 8: w4444x ($34.85 in chips) 
Seat 9: wasserss ($4.65 in chips) 
Menrath: posts small blind $0.10
fioro: posts big blind $0.25
*** HOLE CARDS ***
Dealt to Alameda22 [Ah Qh]
Alameda22: raises $0.50 to $0.75
LittleORK: folds 
peace4poker: folds 
pdk01: folds 
w4444x: calls $0.75
wasserss: folds 
GoBucksIndy: folds 
Menrath: folds 
fioro: folds 
*** FLOP *** [3d 3s Kc]
Alameda22: bets $1.25
w4444x: folds 
Uncalled bet ($1.25) returned to Alameda22
Alameda22 collected $1.80 from pot
Alameda22: doesn't show hand 
*** SUMMARY ***
Total pot $1.85 | Rake $0.05 
Board [3d 3s Kc]
Seat 1: GoBucksIndy (button) folded before Flop (didn't bet)
Seat 2: Menrath (small blind) folded before Flop
Seat 3: fioro (big blind) folded before Flop
Seat 4: Alameda22 collected ($1.80)
Seat 5: LittleORK folded before Flop (didn't bet)
Seat 6: peace4poker folded before Flop (didn't bet)
Seat 7: pdk01 folded before Flop (didn't bet)
Seat 8: w4444x folded on the Flop
Seat 9: wasserss folded before Flop (didn't bet)



PokerStars Game #19570425596:  Hold'em No Limit ($0.10/$0.25) - 2008/08/12 - 18:52:11 (ET)
Table 'Pallas III' 9-max Seat #2 is the button
Seat 1: GoBucksIndy ($25.25 in chips) 
Seat 2: Menrath ($2.85 in chips) 
Seat 3: fioro ($48.70 in chips) 
Seat 4: Alameda22 ($25.35 in chips) 
Seat 5: LittleORK ($15.75 in chips) 
Seat 6: peace4poker ($19.95 in chips) 
Seat 7: pdk01 ($24.65 in chips) 
Seat 8: w4444x ($34.10 in chips) 
Seat 9: wasserss ($4.65 in chips) 
fioro: posts small blind $0.10
Alameda22: posts big blind $0.25
*** HOLE CARDS ***
Dealt to Alameda22 [9h 4h]
LittleORK: folds 
peace4poker: folds 
pdk01: raises $0.50 to $0.75
w4444x: folds 
wasserss: folds 
GoBucksIndy: folds 
Menrath: folds 
fioro: calls $0.65
Alameda22: folds 
*** FLOP *** [9s Jd 7d]
fioro: checks 
pdk01: bets $1
fioro: folds 
Uncalled bet ($1) returned to pdk01
pdk01 collected $1.70 from pot
*** SUMMARY ***
Total pot $1.75 | Rake $0.05 
Board [9s Jd 7d]
Seat 1: GoBucksIndy folded before Flop (didn't bet)
Seat 2: Menrath (button) folded before Flop (didn't bet)
Seat 3: fioro (small blind) folded on the Flop
Seat 4: Alameda22 (big blind) folded before Flop
Seat 5: LittleORK folded before Flop (didn't bet)
Seat 6: peace4poker folded before Flop (didn't bet)
Seat 7: pdk01 collected ($1.70)
Seat 8: w4444x folded before Flop (didn't bet)
Seat 9: wasserss folded before Flop (didn't bet)



PokerStars Game #19570444457:  Hold'em No Limit ($0.10/$0.25) - 2008/08/12 - 18:52:59 (ET)
Table 'Pallas III' 9-max Seat #3 is the button
Seat 1: GoBucksIndy ($25.25 in chips) 
Seat 2: Menrath ($2.85 in chips) 
Seat 3: fioro ($47.95 in chips) 
Seat 4: Alameda22 ($25.10 in chips) 
Seat 5: LittleORK ($15.75 in chips) 
Seat 6: peace4poker ($19.95 in chips) 
Seat 7: pdk01 ($25.60 in chips) 
Seat 8: w4444x ($34.10 in chips) 
Seat 9: wasserss ($4.65 in chips) 
Alameda22: posts small blind $0.10
LittleORK: posts big blind $0.25
*** HOLE CARDS ***
Dealt to Alameda22 [8h 9c]
peace4poker: folds 
pdk01: folds 
w4444x: folds 
wasserss: folds 
GoBucksIndy: raises $0.75 to $1
Menrath: raises $1.85 to $2.85 and is all-in
fioro: raises $2.40 to $5.25
Alameda22: folds 
LittleORK: folds 
GoBucksIndy: calls $4.25
*** FLOP *** [7c Th 8s]
GoBucksIndy: checks 
fioro: bets $12.75
GoBucksIndy: raises $7.25 to $20 and is all-in
fioro: calls $7.25
*** TURN *** [7c Th 8s] [As]
*** RIVER *** [7c Th 8s As] [Td]
*** SHOW DOWN ***
GoBucksIndy: shows [Qh Qc] (two pair, Queens and Tens)
fioro: shows [Kh Kd] (two pair, Kings and Tens)
fioro collected $42.55 from side pot
Menrath: shows [9s Jh] (a straight, Seven to Jack)
Menrath collected $8.50 from main pot
*** SUMMARY ***
Total pot $53.70 Main pot $8.50. Side pot $42.55. | Rake $2.65 
Board [7c Th 8s As Td]
Seat 1: GoBucksIndy showed [Qh Qc] and lost with two pair, Queens and Tens
Seat 2: Menrath showed [9s Jh] and won ($8.50) with a straight, Seven to Jack
Seat 3: fioro (button) showed [Kh Kd] and won ($42.55) with two pair, Kings and Tens
Seat 4: Alameda22 (small blind) folded before Flop
Seat 5: LittleORK (big blind) folded before Flop
Seat 6: peace4poker folded before Flop (didn't bet)
Seat 7: pdk01 folded before Flop (didn't bet)
Seat 8: w4444x folded before Flop (didn't bet)
Seat 9: wasserss folded before Flop (didn't bet)



PokerStars Game #19570467101:  Hold'em No Limit ($0.10/$0.25) - 2008/08/12 - 18:53:58 (ET)
Table 'Pallas III' 9-max Seat #4 is the button
Seat 2: Menrath ($8.50 in chips) 
Seat 3: fioro ($65.25 in chips) 
Seat 4: Alameda22 ($25 in chips) 
Seat 5: LittleORK ($15.50 in chips) 
Seat 6: peace4poker ($19.95 in chips) 
Seat 7: pdk01 ($25.60 in chips) 
Seat 8: w4444x ($34.10 in chips) 
Seat 9: wasserss ($4.65 in chips) 
LittleORK: posts small blind $0.10
peace4poker: posts big blind $0.25
*** HOLE CARDS ***
Dealt to Alameda22 [5s 9h]
pdk01: folds 
GoBucksIndy has returned
w4444x: folds 
wasserss: folds 
Menrath: folds 
fioro has timed out
fioro: folds 
fioro is sitting out
Alameda22: folds 
LittleORK: calls $0.15
peace4poker: checks 
*** FLOP *** [Ts 4h 9d]
LittleORK: checks 
peace4poker: checks 
*** TURN *** [Ts 4h 9d] [3c]
LittleORK: checks 
peace4poker: bets $0.25
LittleORK: folds 
Uncalled bet ($0.25) returned to peace4poker
peace4poker collected $0.50 from pot
*** SUMMARY ***
Total pot $0.50 | Rake $0 
Board [Ts 4h 9d 3c]
Seat 2: Menrath folded before Flop (didn't bet)
Seat 3: fioro folded before Flop (didn't bet)
Seat 4: Alameda22 (button) folded before Flop (didn't bet)
Seat 5: LittleORK (small blind) folded on the Turn
Seat 6: peace4poker (big blind) collected ($0.50)
Seat 7: pdk01 folded before Flop (didn't bet)
Seat 8: w4444x folded before Flop (didn't bet)
Seat 9: wasserss folded before Flop (didn't bet)



PokerStars Game #19570494778:  Hold'em No Limit ($0.10/$0.25) - 2008/08/12 - 18:55:10 (ET)
Table 'Pallas III' 9-max Seat #5 is the button
Seat 1: GoBucksIndy ($25 in chips) 
Seat 2: Menrath ($8.50 in chips) 
Seat 4: Alameda22 ($25 in chips) 
Seat 5: LittleORK ($15.25 in chips) 
Seat 6: peace4poker ($20.20 in chips) 
Seat 7: pdk01 ($25.60 in chips) 
Seat 8: w4444x ($34.10 in chips) 
Seat 9: wasserss ($4.65 in chips) 
peace4poker: posts small blind $0.10
pdk01: posts big blind $0.25
*** HOLE CARDS ***
Dealt to Alameda22 [7d 8s]
w4444x: folds 
wasserss: folds 
GoBucksIndy: folds 
Menrath: folds 
Alameda22: folds 
LittleORK: folds 
peace4poker: calls $0.15
pdk01: checks 
*** FLOP *** [9d 7s 4s]
peace4poker: checks 
pdk01: checks 
*** TURN *** [9d 7s 4s] [Td]
peace4poker: checks 
fioro has returned
pdk01: checks 
*** RIVER *** [9d 7s 4s Td] [9s]
peace4poker: checks 
pdk01: checks 
*** SHOW DOWN ***
peace4poker: shows [4c 8c] (two pair, Nines and Fours)
pdk01: mucks hand 
peace4poker collected $0.50 from pot
*** SUMMARY ***
Total pot $0.50 | Rake $0 
Board [9d 7s 4s Td 9s]
Seat 1: GoBucksIndy folded before Flop (didn't bet)
Seat 2: Menrath folded before Flop (didn't bet)
Seat 4: Alameda22 folded before Flop (didn't bet)
Seat 5: LittleORK (button) folded before Flop (didn't bet)
Seat 6: peace4poker (small blind) showed [4c 8c] and won ($0.50) with two pair, Nines and Fours
Seat 7: pdk01 (big blind) mucked [5h Kc]
Seat 8: w4444x folded before Flop (didn't bet)
Seat 9: wasserss folded before Flop (didn't bet)



PokerStars Game #19570517592:  Hold'em No Limit ($0.10/$0.25) - 2008/08/12 - 18:56:09 (ET)
Table 'Pallas III' 9-max Seat #6 is the button
Seat 1: GoBucksIndy ($25 in chips) 
Seat 2: Menrath ($8.50 in chips) 
Seat 3: fioro ($65.25 in chips) 
Seat 4: Alameda22 ($25 in chips) 
Seat 5: LittleORK ($15.25 in chips) 
Seat 6: peace4poker ($20.45 in chips) 
Seat 7: pdk01 ($25.35 in chips) 
Seat 8: w4444x ($34.10 in chips) 
Seat 9: wasserss ($4.65 in chips) 
pdk01: posts small blind $0.10
w4444x: posts big blind $0.25
*** HOLE CARDS ***
Dealt to Alameda22 [2d Ah]
wasserss: folds 
GoBucksIndy: folds 
Menrath: raises $0.75 to $1
fioro: folds 
Alameda22: folds 
LittleORK: folds 
peace4poker: folds 
pdk01: folds 
w4444x: folds 
Uncalled bet ($0.75) returned to Menrath
Menrath collected $0.60 from pot
Menrath: doesn't show hand 
*** SUMMARY ***
Total pot $0.60 | Rake $0 
Seat 1: GoBucksIndy folded before Flop (didn't bet)
Seat 2: Menrath collected ($0.60)
Seat 3: fioro folded before Flop (didn't bet)
Seat 4: Alameda22 folded before Flop (didn't bet)
Seat 5: LittleORK folded before Flop (didn't bet)
Seat 6: peace4poker (button) folded before Flop (didn't bet)
Seat 7: pdk01 (small blind) folded before Flop
Seat 8: w4444x (big blind) folded before Flop
Seat 9: wasserss folded before Flop (didn't bet)



PokerStars Game #19570527412:  Hold'em No Limit ($0.10/$0.25) - 2008/08/12 - 18:56:34 (ET)
Table 'Pallas III' 9-max Seat #7 is the button
Seat 1: GoBucksIndy ($25 in chips) 
Seat 2: Menrath ($8.85 in chips) 
Seat 3: fioro ($65.25 in chips) 
Seat 4: Alameda22 ($25 in chips) 
Seat 5: LittleORK ($15.25 in chips) 
Seat 6: peace4poker ($20.45 in chips) 
Seat 7: pdk01 ($25.25 in chips) 
Seat 8: w4444x ($33.85 in chips) 
Seat 9: wasserss ($4.65 in chips) 
w4444x: posts small blind $0.10
wasserss: posts big blind $0.25
*** HOLE CARDS ***
Dealt to Alameda22 [Kh 7c]
GoBucksIndy: folds 
Menrath: folds 
fioro: folds 
Alameda22: folds 
LittleORK: folds 
peace4poker: raises $0.50 to $0.75
pdk01: folds 
w4444x: folds 
wasserss: folds 
Uncalled bet ($0.50) returned to peace4poker
peace4poker collected $0.60 from pot
*** SUMMARY ***
Total pot $0.60 | Rake $0 
Seat 1: GoBucksIndy folded before Flop (didn't bet)
Seat 2: Menrath folded before Flop (didn't bet)
Seat 3: fioro folded before Flop (didn't bet)
Seat 4: Alameda22 folded before Flop (didn't bet)
Seat 5: LittleORK folded before Flop (didn't bet)
Seat 6: peace4poker collected ($0.60)
Seat 7: pdk01 (button) folded before Flop (didn't bet)
Seat 8: w4444x (small blind) folded before Flop
Seat 9: wasserss (big blind) folded before Flop



PokerStars Game #19570540730:  Hold'em No Limit ($0.10/$0.25) - 2008/08/12 - 18:57:09 (ET)
Table 'Pallas III' 9-max Seat #8 is the button
Seat 1: GoBucksIndy ($25 in chips) 
Seat 2: Menrath ($8.85 in chips) 
Seat 3: fioro ($65.25 in chips) 
Seat 4: Alameda22 ($25 in chips) 
Seat 5: LittleORK ($15.25 in chips) 
Seat 6: peace4poker ($20.80 in chips) 
Seat 7: pdk01 ($25.25 in chips) 
Seat 8: w4444x ($33.75 in chips) 
Seat 9: wasserss ($4.40 in chips) 
wasserss: posts small blind $0.10
GoBucksIndy: posts big blind $0.25
*** HOLE CARDS ***
Dealt to Alameda22 [8s 2c]
Menrath: folds 
fioro: folds 
Alameda22: folds 
LittleORK: folds 
peace4poker: folds 
pdk01: folds 
w4444x: folds 
wasserss: folds 
Uncalled bet ($0.15) returned to GoBucksIndy
GoBucksIndy collected $0.20 from pot
GoBucksIndy: doesn't show hand 
*** SUMMARY ***
Total pot $0.20 | Rake $0 
Seat 1: GoBucksIndy (big blind) collected ($0.20)
Seat 2: Menrath folded before Flop (didn't bet)
Seat 3: fioro folded before Flop (didn't bet)
Seat 4: Alameda22 folded before Flop (didn't bet)
Seat 5: LittleORK folded before Flop (didn't bet)
Seat 6: peace4poker folded before Flop (didn't bet)
Seat 7: pdk01 folded before Flop (didn't bet)
Seat 8: w4444x (button) folded before Flop (didn't bet)
Seat 9: wasserss (small blind) folded before Flop



PokerStars Game #19570554065:  Hold'em No Limit ($0.10/$0.25) - 2008/08/12 - 18:57:44 (ET)
Table 'Pallas III' 9-max Seat #9 is the button
Seat 1: GoBucksIndy ($25.10 in chips) 
Seat 2: Menrath ($8.85 in chips) 
Seat 3: fioro ($65.25 in chips) 
Seat 4: Alameda22 ($25 in chips) 
Seat 5: LittleORK ($15.25 in chips) 
Seat 6: peace4poker ($20.80 in chips) 
Seat 7: pdk01 ($25.25 in chips) 
Seat 8: w4444x ($33.75 in chips) 
Seat 9: wasserss ($4.30 in chips) 
GoBucksIndy: posts small blind $0.10
Menrath: posts big blind $0.25
*** HOLE CARDS ***
Dealt to Alameda22 [8h 7d]
fioro: folds 
Alameda22: folds 
LittleORK: folds 
peace4poker: folds 
pdk01: folds 
w4444x: raises $0.75 to $1
wasserss: folds 
GoBucksIndy: folds 
Menrath: folds 
Uncalled bet ($0.75) returned to w4444x
w4444x collected $0.60 from pot
w4444x: doesn't show hand 
*** SUMMARY ***
Total pot $0.60 | Rake $0 
Seat 1: GoBucksIndy (small blind) folded before Flop
Seat 2: Menrath (big blind) folded before Flop
Seat 3: fioro folded before Flop (didn't bet)
Seat 4: Alameda22 folded before Flop (didn't bet)
Seat 5: LittleORK folded before Flop (didn't bet)
Seat 6: peace4poker folded before Flop (didn't bet)
Seat 7: pdk01 folded before Flop (didn't bet)
Seat 8: w4444x collected ($0.60)
Seat 9: wasserss (button) folded before Flop (didn't bet)



PokerStars Game #19570565482:  Hold'em No Limit ($0.10/$0.25) - 2008/08/12 - 18:58:14 (ET)
Table 'Pallas III' 9-max Seat #1 is the button
Seat 1: GoBucksIndy ($25 in chips) 
Seat 2: Menrath ($8.60 in chips) 
Seat 3: fioro ($65.25 in chips) 
Seat 4: Alameda22 ($25 in chips) 
Seat 5: LittleORK ($15.25 in chips) 
Seat 6: peace4poker ($20.80 in chips) 
Seat 7: pdk01 ($25.25 in chips) 
Seat 8: w4444x ($34.10 in chips) 
Seat 9: wasserss ($4.30 in chips) 
Menrath: posts small blind $0.10
fioro: posts big blind $0.25
*** HOLE CARDS ***
Dealt to Alameda22 [Qh Ks]
Alameda22: folds 
LittleORK: folds 
peace4poker: folds 
pdk01: folds 
w4444x: folds 
wasserss: folds 
GoBucksIndy: raises $0.75 to $1
Menrath: calls $0.90
fioro: folds 
*** FLOP *** [7d Ac 6d]
Menrath: bets $1.25
GoBucksIndy: calls $1.25
*** TURN *** [7d Ac 6d] [2d]
Menrath: bets $1.25
GoBucksIndy: raises $2.75 to $4
Menrath: folds 
Uncalled bet ($2.75) returned to GoBucksIndy
GoBucksIndy collected $6.90 from pot
GoBucksIndy: doesn't show hand 
*** SUMMARY ***
Total pot $7.25 | Rake $0.35 
Board [7d Ac 6d 2d]
Seat 1: GoBucksIndy (button) collected ($6.90)
Seat 2: Menrath (small blind) folded on the Turn
Seat 3: fioro (big blind) folded before Flop
Seat 4: Alameda22 folded before Flop (didn't bet)
Seat 5: LittleORK folded before Flop (didn't bet)
Seat 6: peace4poker folded before Flop (didn't bet)
Seat 7: pdk01 folded before Flop (didn't bet)
Seat 8: w4444x folded before Flop (didn't bet)
Seat 9: wasserss folded before Flop (didn't bet)



PokerStars Game #19570581753:  Hold'em No Limit ($0.10/$0.25) - 2008/08/12 - 18:58:57 (ET)
Table 'Pallas III' 9-max Seat #2 is the button
Seat 1: GoBucksIndy ($28.40 in chips) 
Seat 2: Menrath ($5.10 in chips) 
Seat 3: fioro ($65 in chips) 
Seat 4: Alameda22 ($25 in chips) 
Seat 5: LittleORK ($15.25 in chips) 
Seat 6: peace4poker ($20.80 in chips) 
Seat 7: pdk01 ($25.25 in chips) 
Seat 8: w4444x ($34.10 in chips) 
Seat 9: wasserss ($4.30 in chips) 
fioro: posts small blind $0.10
Alameda22: posts big blind $0.25
*** HOLE CARDS ***
Dealt to Alameda22 [5d Ad]
LittleORK: folds 
peace4poker: folds 
pdk01: folds 
w4444x: folds 
wasserss: folds 
GoBucksIndy: folds 
Menrath: raises $0.75 to $1
fioro: folds 
Alameda22: folds 
Uncalled bet ($0.75) returned to Menrath
Menrath collected $0.60 from pot
Menrath: doesn't show hand 
*** SUMMARY ***
Total pot $0.60 | Rake $0 
Seat 1: GoBucksIndy folded before Flop (didn't bet)
Seat 2: Menrath (button) collected ($0.60)
Seat 3: fioro (small blind) folded before Flop
Seat 4: Alameda22 (big blind) folded before Flop
Seat 5: LittleORK folded before Flop (didn't bet)
Seat 6: peace4poker folded before Flop (didn't bet)
Seat 7: pdk01 folded before Flop (didn't bet)
Seat 8: w4444x folded before Flop (didn't bet)
Seat 9: wasserss folded before Flop (didn't bet)



PokerStars Game #19570600426:  Hold'em No Limit ($0.10/$0.25) - 2008/08/12 - 18:59:46 (ET)
Table 'Pallas III' 9-max Seat #3 is the button
Seat 1: GoBucksIndy ($28.40 in chips) 
Seat 2: Menrath ($5.45 in chips) 
Seat 3: fioro ($64.90 in chips) 
Seat 4: Alameda22 ($24.75 in chips) 
Seat 5: LittleORK ($15.25 in chips) 
Seat 6: peace4poker ($20.80 in chips) 
Seat 7: pdk01 ($25.25 in chips) 
Seat 8: w4444x ($34.10 in chips) 
Seat 9: wasserss ($4.30 in chips) 
Alameda22: posts small blind $0.10
LittleORK: posts big blind $0.25
*** HOLE CARDS ***
Dealt to Alameda22 [3h Qh]
peace4poker: folds 
pdk01: folds 
w4444x: folds 
wasserss: folds 
GoBucksIndy: folds 
Menrath: calls $0.25
fioro: folds 
Alameda22: folds 
LittleORK: checks 
*** FLOP *** [Td As 7h]
LittleORK: bets $0.50
Menrath: calls $0.50
*** TURN *** [Td As 7h] [5d]
LittleORK: bets $1.50
Menrath: folds 
Uncalled bet ($1.50) returned to LittleORK
LittleORK collected $1.55 from pot
*** SUMMARY ***
Total pot $1.60 | Rake $0.05 
Board [Td As 7h 5d]
Seat 1: GoBucksIndy folded before Flop (didn't bet)
Seat 2: Menrath folded on the Turn
Seat 3: fioro (button) folded before Flop (didn't bet)
Seat 4: Alameda22 (small blind) folded before Flop
Seat 5: LittleORK (big blind) collected ($1.55)
Seat 6: peace4poker folded before Flop (didn't bet)
Seat 7: pdk01 folded before Flop (didn't bet)
Seat 8: w4444x folded before Flop (didn't bet)
Seat 9: wasserss folded before Flop (didn't bet)



PokerStars Game #19570620380:  Hold'em No Limit ($0.10/$0.25) - 2008/08/12 - 19:00:37 (ET)
Table 'Pallas III' 9-max Seat #4 is the button
Seat 1: GoBucksIndy ($28.40 in chips) 
Seat 2: Menrath ($4.70 in chips) 
Seat 3: fioro ($64.90 in chips) 
Seat 4: Alameda22 ($24.65 in chips) 
Seat 5: LittleORK ($16.05 in chips) 
Seat 6: peace4poker ($20.80 in chips) 
Seat 7: pdk01 ($25.25 in chips) 
Seat 8: w4444x ($34.10 in chips) 
Seat 9: wasserss ($4.30 in chips) 
LittleORK: posts small blind $0.10
peace4poker: posts big blind $0.25
*** HOLE CARDS ***
Dealt to Alameda22 [9h 9c]
pdk01: folds 
w4444x: folds 
wasserss: folds 
GoBucksIndy: folds 
Menrath: raises $0.75 to $1
fioro: folds 
Alameda22: folds 
LittleORK: folds 
peace4poker: folds 
Uncalled bet ($0.75) returned to Menrath
Menrath collected $0.60 from pot
Menrath: doesn't show hand 
*** SUMMARY ***
Total pot $0.60 | Rake $0 
Seat 1: GoBucksIndy folded before Flop (didn't bet)
Seat 2: Menrath collected ($0.60)
Seat 3: fioro folded before Flop (didn't bet)
Seat 4: Alameda22 (button) folded before Flop (didn't bet)
Seat 5: LittleORK (small blind) folded before Flop
Seat 6: peace4poker (big blind) folded before Flop
Seat 7: pdk01 folded before Flop (didn't bet)
Seat 8: w4444x folded before Flop (didn't bet)
Seat 9: wasserss folded before Flop (didn't bet)



PokerStars Game #19570650034:  Hold'em No Limit ($0.10/$0.25) - 2008/08/12 - 19:01:53 (ET)
Table 'Pallas III' 9-max Seat #5 is the button
Seat 1: GoBucksIndy ($28.40 in chips) 
Seat 2: Menrath ($5.05 in chips) 
Seat 3: fioro ($64.90 in chips) 
Seat 4: Alameda22 ($24.65 in chips) 
Seat 5: LittleORK ($15.95 in chips) 
Seat 6: peace4poker ($20.55 in chips) 
Seat 8: w4444x ($34.10 in chips) 
Seat 9: wasserss ($4.30 in chips) 
peace4poker: posts small blind $0.10
pdk01: is sitting out 
w4444x: posts big blind $0.25
*** HOLE CARDS ***
Dealt to Alameda22 [Ks 2c]
wasserss: folds 
GoBucksIndy: folds 
Menrath: raises $0.75 to $1
fioro: folds 
Alameda22: folds 
LittleORK: calls $1
peace4poker: folds 
w4444x: folds 
*** FLOP *** [4h 6d 3s]
Menrath: checks 
LittleORK: checks 
*** TURN *** [4h 6d 3s] [8d]
Menrath: bets $1.75
LittleORK: folds 
Uncalled bet ($1.75) returned to Menrath
Menrath collected $2.25 from pot
Menrath: doesn't show hand 
*** SUMMARY ***
Total pot $2.35 | Rake $0.10 
Board [4h 6d 3s 8d]
Seat 1: GoBucksIndy folded before Flop (didn't bet)
Seat 2: Menrath collected ($2.25)
Seat 3: fioro folded before Flop (didn't bet)
Seat 4: Alameda22 folded before Flop (didn't bet)
Seat 5: LittleORK (button) folded on the Turn
Seat 6: peace4poker (small blind) folded before Flop
Seat 8: w4444x (big blind) folded before Flop
Seat 9: wasserss folded before Flop (didn't bet)



PokerStars Game #19570668159:  Hold'em No Limit ($0.10/$0.25) - 2008/08/12 - 19:02:40 (ET)
Table 'Pallas III' 9-max Seat #6 is the button
Seat 1: GoBucksIndy ($28.40 in chips) 
Seat 2: Menrath ($6.30 in chips) 
Seat 3: fioro ($64.90 in chips) 
Seat 4: Alameda22 ($24.65 in chips) 
Seat 5: LittleORK ($14.95 in chips) 
Seat 6: peace4poker ($20.45 in chips) 
Seat 8: w4444x ($33.85 in chips) 
w4444x: posts small blind $0.10
wasserss: is sitting out 
GoBucksIndy: posts big blind $0.25
*** HOLE CARDS ***
Dealt to Alameda22 [Qc Ts]
wasserss leaves the table
Menrath: folds 
fioro: folds 
Alameda22: folds 
LittleORK: calls $0.25
peace4poker: folds 
w4444x: folds 
GoBucksIndy: raises $1.25 to $1.50
LittleORK: folds 
Uncalled bet ($1.25) returned to GoBucksIndy
GoBucksIndy collected $0.60 from pot
GoBucksIndy: doesn't show hand 
*** SUMMARY ***
Total pot $0.60 | Rake $0 
Seat 1: GoBucksIndy (big blind) collected ($0.60)
Seat 2: Menrath folded before Flop (didn't bet)
Seat 3: fioro folded before Flop (didn't bet)
Seat 4: Alameda22 folded before Flop (didn't bet)
Seat 5: LittleORK folded before Flop
Seat 6: peace4poker (button) folded before Flop (didn't bet)
Seat 8: w4444x (small blind) folded before Flop



PokerStars Game #19570678565:  Hold'em No Limit ($0.10/$0.25) - 2008/08/12 - 19:03:07 (ET)
Table 'Pallas III' 9-max Seat #8 is the button
Seat 1: GoBucksIndy ($28.75 in chips) 
Seat 2: Menrath ($6.30 in chips) 
Seat 3: fioro ($64.90 in chips) 
Seat 4: Alameda22 ($24.65 in chips) 
Seat 5: LittleORK ($14.70 in chips) 
Seat 6: peace4poker ($20.45 in chips) 
Seat 8: w4444x ($33.75 in chips) 
GoBucksIndy: posts small blind $0.10
Menrath: posts big blind $0.25
*** HOLE CARDS ***
Dealt to Alameda22 [2h 8d]
fioro: folds 
Alameda22: folds 
LittleORK: folds 
peace4poker: folds 
w4444x: raises $0.75 to $1
GoBucksIndy: folds 
Menrath: calls $0.75
*** FLOP *** [3c Kh 7s]
Menrath: checks 
h0b0man joins the table at seat #9 
w4444x: bets $1.75
Menrath: folds 
Uncalled bet ($1.75) returned to w4444x
w4444x collected $2 from pot
w4444x: doesn't show hand 
*** SUMMARY ***
Total pot $2.10 | Rake $0.10 
Board [3c Kh 7s]
Seat 1: GoBucksIndy (small blind) folded before Flop
Seat 2: Menrath (big blind) folded on the Flop
Seat 3: fioro folded before Flop (didn't bet)
Seat 4: Alameda22 folded before Flop (didn't bet)
Seat 5: LittleORK folded before Flop (didn't bet)
Seat 6: peace4poker folded before Flop (didn't bet)
Seat 8: w4444x (button) collected ($2)



PokerStars Game #19570694496:  Hold'em No Limit ($0.10/$0.25) - 2008/08/12 - 19:03:48 (ET)
Table 'Pallas III' 9-max Seat #1 is the button
Seat 1: GoBucksIndy ($28.65 in chips) 
Seat 2: Menrath ($5.30 in chips) 
Seat 3: fioro ($64.90 in chips) 
Seat 4: Alameda22 ($24.65 in chips) 
Seat 5: LittleORK ($14.70 in chips) 
Seat 6: peace4poker ($20.45 in chips) 
Seat 8: w4444x ($34.75 in chips) 
Seat 9: h0b0man ($14 in chips) 
Menrath: posts small blind $0.10
fioro: posts big blind $0.25
h0b0man: posts big blind $0.25
*** HOLE CARDS ***
Dealt to Alameda22 [7d Ks]
Alameda22: folds 
LittleORK: folds 
peace4poker: folds 
w4444x: folds 
h0b0man: checks 
GoBucksIndy: folds 
Menrath: calls $0.15
fioro: checks 
*** FLOP *** [Ad 4d 3h]
Menrath: bets $0.50
fioro: folds 
h0b0man: calls $0.50
*** TURN *** [Ad 4d 3h] [8d]
Menrath: bets $0.50
h0b0man: raises $1.50 to $2
Menrath: folds 
Uncalled bet ($1.50) returned to h0b0man
h0b0man collected $2.65 from pot
*** SUMMARY ***
Total pot $2.75 | Rake $0.10 
Board [Ad 4d 3h 8d]
Seat 1: GoBucksIndy (button) folded before Flop (didn't bet)
Seat 2: Menrath (small blind) folded on the Turn
Seat 3: fioro (big blind) folded on the Flop
Seat 4: Alameda22 folded before Flop (didn't bet)
Seat 5: LittleORK folded before Flop (didn't bet)
Seat 6: peace4poker folded before Flop (didn't bet)
Seat 8: w4444x folded before Flop (didn't bet)
Seat 9: h0b0man collected ($2.65)



PokerStars Game #19570714527:  Hold'em No Limit ($0.10/$0.25) - 2008/08/12 - 19:04:39 (ET)
Table 'Pallas III' 9-max Seat #2 is the button
Seat 1: GoBucksIndy ($28.65 in chips) 
Seat 2: Menrath ($4.05 in chips) 
Seat 3: fioro ($64.65 in chips) 
Seat 4: Alameda22 ($24.65 in chips) 
Seat 5: LittleORK ($14.70 in chips) 
Seat 6: peace4poker ($20.45 in chips) 
Seat 8: w4444x ($34.75 in chips) 
Seat 9: h0b0man ($15.40 in chips) 
fioro: posts small blind $0.10
Alameda22: posts big blind $0.25
*** HOLE CARDS ***
Dealt to Alameda22 [8c Kc]
LittleORK: raises $0.50 to $0.75
peace4poker: calls $0.75
w4444x: folds 
h0b0man: folds 
GoBucksIndy: folds 
Menrath: folds 
fioro: folds 
Alameda22: folds 
*** FLOP *** [Jc 3c 9h]
LittleORK: bets $0.75
peace4poker: calls $0.75
*** TURN *** [Jc 3c 9h] [Kh]
LittleORK: checks 
peace4poker: checks 
*** RIVER *** [Jc 3c 9h Kh] [8h]
LittleORK: checks 
peace4poker: checks 
*** SHOW DOWN ***
LittleORK: shows [As Qh] (high card Ace)
peace4poker: shows [Ad Qc] (high card Ace)
LittleORK collected $1.60 from pot
peace4poker collected $1.60 from pot
*** SUMMARY ***
Total pot $3.35 | Rake $0.15 
Board [Jc 3c 9h Kh 8h]
Seat 1: GoBucksIndy folded before Flop (didn't bet)
Seat 2: Menrath (button) folded before Flop (didn't bet)
Seat 3: fioro (small blind) folded before Flop
Seat 4: Alameda22 (big blind) folded before Flop
Seat 5: LittleORK showed [As Qh] and won ($1.60) with high card Ace
Seat 6: peace4poker showed [Ad Qc] and won ($1.60) with high card Ace
Seat 8: w4444x folded before Flop (didn't bet)
Seat 9: h0b0man folded before Flop (didn't bet)



PokerStars Game #19570733428:  Hold'em No Limit ($0.10/$0.25) - 2008/08/12 - 19:05:27 (ET)
Table 'Pallas III' 9-max Seat #3 is the button
Seat 1: GoBucksIndy ($28.65 in chips) 
Seat 2: Menrath ($4.05 in chips) 
Seat 3: fioro ($64.55 in chips) 
Seat 4: Alameda22 ($24.40 in chips) 
Seat 5: LittleORK ($14.80 in chips) 
Seat 6: peace4poker ($20.55 in chips) 
Seat 8: w4444x ($34.75 in chips) 
Seat 9: h0b0man ($15.40 in chips) 
Alameda22: posts small blind $0.10
LittleORK: posts big blind $0.25
*** HOLE CARDS ***
Dealt to Alameda22 [Js 5h]
peace4poker: folds 
w4444x: folds 
h0b0man: raises $0.25 to $0.50
GoBucksIndy: raises $1.75 to $2.25
Menrath: folds 
fioro: folds 
Alameda22: folds 
LittleORK: folds 
h0b0man: calls $1.75
*** FLOP *** [3s Ts 4d]
h0b0man: bets $1.75
GoBucksIndy: calls $1.75
*** TURN *** [3s Ts 4d] [7h]
pdk01 leaves the table
h0b0man: bets $3.25
GoBucksIndy: calls $3.25
*** RIVER *** [3s Ts 4d 7h] [8d]
h0b0man: bets $8.15 and is all-in
GoBucksIndy: folds 
Uncalled bet ($8.15) returned to h0b0man
h0b0man collected $14.15 from pot
h0b0man: doesn't show hand 
*** SUMMARY ***
Total pot $14.85 | Rake $0.70 
Board [3s Ts 4d 7h 8d]
Seat 1: GoBucksIndy folded on the River
Seat 2: Menrath folded before Flop (didn't bet)
Seat 3: fioro (button) folded before Flop (didn't bet)
Seat 4: Alameda22 (small blind) folded before Flop
Seat 5: LittleORK (big blind) folded before Flop
Seat 6: peace4poker folded before Flop (didn't bet)
Seat 8: w4444x folded before Flop (didn't bet)
Seat 9: h0b0man collected ($14.15)



PokerStars Game #19570762598:  Hold'em No Limit ($0.10/$0.25) - 2008/08/12 - 19:06:43 (ET)
Table 'Pallas III' 9-max Seat #4 is the button
Seat 1: GoBucksIndy ($25 in chips) 
Seat 2: Menrath ($4.05 in chips) 
Seat 3: fioro ($64.55 in chips) 
Seat 4: Alameda22 ($24.30 in chips) 
Seat 5: LittleORK ($14.55 in chips) 
Seat 6: peace4poker ($20.55 in chips) 
Seat 8: w4444x ($34.75 in chips) 
Seat 9: h0b0man ($22.30 in chips) 
LittleORK: posts small blind $0.10
peace4poker: posts big blind $0.25
*** HOLE CARDS ***
Dealt to Alameda22 [2s 4s]
w4444x: raises $0.75 to $1
h0b0man: folds 
GoBucksIndy: folds 
Menrath: folds 
fioro: folds 
Alameda22: folds 
LittleORK: folds 
peace4poker: folds 
Uncalled bet ($0.75) returned to w4444x
w4444x collected $0.60 from pot
w4444x: doesn't show hand 
*** SUMMARY ***
Total pot $0.60 | Rake $0 
Seat 1: GoBucksIndy folded before Flop (didn't bet)
Seat 2: Menrath folded before Flop (didn't bet)
Seat 3: fioro folded before Flop (didn't bet)
Seat 4: Alameda22 (button) folded before Flop (didn't bet)
Seat 5: LittleORK (small blind) folded before Flop
Seat 6: peace4poker (big blind) folded before Flop
Seat 8: w4444x collected ($0.60)
Seat 9: h0b0man folded before Flop (didn't bet)



PokerStars Game #19570778924:  Hold'em No Limit ($0.10/$0.25) - 2008/08/12 - 19:07:25 (ET)
Table 'Pallas III' 9-max Seat #5 is the button
Seat 1: GoBucksIndy ($25 in chips) 
Seat 2: Menrath ($4.05 in chips) 
Seat 3: fioro ($64.55 in chips) 
Seat 4: Alameda22 ($24.30 in chips) 
Seat 5: LittleORK ($14.45 in chips) 
Seat 6: peace4poker ($20.30 in chips) 
Seat 8: w4444x ($35.10 in chips) 
Seat 9: h0b0man ($22.30 in chips) 
peace4poker: posts small blind $0.10
w4444x: posts big blind $0.25
*** HOLE CARDS ***
Dealt to Alameda22 [Jc Ad]
h0b0man: calls $0.25
GoBucksIndy: raises $1 to $1.25
Menrath: folds 
fioro: folds 
Alameda22: folds 
LittleORK: calls $1.25
peace4poker: folds 
w4444x: folds 
h0b0man: calls $1
*** FLOP *** [9h 5s Kd]
h0b0man: checks 
GoBucksIndy: bets $2.25
LittleORK: folds 
h0b0man: calls $2.25
*** TURN *** [9h 5s Kd] [5d]
h0b0man: checks 
GoBucksIndy: checks 
*** RIVER *** [9h 5s Kd 5d] [7d]
h0b0man: bets $4.25
GoBucksIndy: calls $4.25
*** SHOW DOWN ***
h0b0man: shows [5h Kh] (a full house, Fives full of Kings)
GoBucksIndy: shows [7c 7s] (a full house, Sevens full of Fives)
GoBucksIndy collected $16.30 from pot
*** SUMMARY ***
Total pot $17.10 | Rake $0.80 
Board [9h 5s Kd 5d 7d]
Seat 1: GoBucksIndy showed [7c 7s] and won ($16.30) with a full house, Sevens full of Fives
Seat 2: Menrath folded before Flop (didn't bet)
Seat 3: fioro folded before Flop (didn't bet)
Seat 4: Alameda22 folded before Flop (didn't bet)
Seat 5: LittleORK (button) folded on the Flop
Seat 6: peace4poker (small blind) folded before Flop
Seat 8: w4444x (big blind) folded before Flop
Seat 9: h0b0man showed [5h Kh] and lost with a full house, Fives full of Kings



PokerStars Game #19570815014:  Hold'em No Limit ($0.10/$0.25) - 2008/08/12 - 19:08:58 (ET)
Table 'Pallas III' 9-max Seat #6 is the button
Seat 1: GoBucksIndy ($33.55 in chips) 
Seat 2: Menrath ($4.05 in chips) 
Seat 3: fioro ($64.55 in chips) 
Seat 4: Alameda22 ($24.30 in chips) 
Seat 5: LittleORK ($13.20 in chips) 
Seat 6: peace4poker ($20.20 in chips) 
Seat 8: w4444x ($34.85 in chips) 
Seat 9: h0b0man ($14.55 in chips) 
w4444x: posts small blind $0.10
h0b0man: posts big blind $0.25
*** HOLE CARDS ***
Dealt to Alameda22 [9c Qh]
GoBucksIndy: folds 
Menrath: raises $3.80 to $4.05 and is all-in
fioro: folds 
Alameda22: folds 
LittleORK: folds 
peace4poker: folds 
MrCoffee88 joins the table at seat #7 
w4444x: folds 
h0b0man: folds 
Uncalled bet ($3.80) returned to Menrath
Menrath collected $0.60 from pot
*** SUMMARY ***
Total pot $0.60 | Rake $0 
Seat 1: GoBucksIndy folded before Flop (didn't bet)
Seat 2: Menrath collected ($0.60)
Seat 3: fioro folded before Flop (didn't bet)
Seat 4: Alameda22 folded before Flop (didn't bet)
Seat 5: LittleORK folded before Flop (didn't bet)
Seat 6: peace4poker (button) folded before Flop (didn't bet)
Seat 8: w4444x (small blind) folded before Flop
Seat 9: h0b0man (big blind) folded before Flop



PokerStars Game #19570838985:  Hold'em No Limit ($0.10/$0.25) - 2008/08/12 - 19:09:59 (ET)
Table 'Pallas III' 9-max Seat #8 is the button
Seat 1: GoBucksIndy ($33.55 in chips) 
Seat 2: Menrath ($4.40 in chips) 
Seat 3: fioro ($64.55 in chips) 
Seat 4: Alameda22 ($24.30 in chips) 
Seat 5: LittleORK ($13.20 in chips) 
Seat 6: peace4poker ($20.20 in chips) 
Seat 7: MrCoffee88 ($25 in chips) 
Seat 8: w4444x ($34.75 in chips) 
Seat 9: h0b0man ($14.30 in chips) 
h0b0man: posts small blind $0.10
GoBucksIndy: posts big blind $0.25
MrCoffee88: posts big blind $0.25
*** HOLE CARDS ***
Dealt to Alameda22 [3c 7d]
Menrath: raises $4.15 to $4.40 and is all-in
fioro: folds 
Alameda22 has timed out
Alameda22: folds 
Alameda22 is sitting out
LittleORK: folds 
Alameda22 has returned
peace4poker: folds 
MrCoffee88: folds 
w4444x: folds 
h0b0man: folds 
GoBucksIndy: calls $4.15
*** FLOP *** [Js 7s 3h]
*** TURN *** [Js 7s 3h] [5s]
*** RIVER *** [Js 7s 3h 5s] [2d]
*** SHOW DOWN ***
GoBucksIndy: shows [Qd Kh] (high card King)
Menrath: shows [5d Ac] (a pair of Fives)
Menrath collected $8.70 from pot
*** SUMMARY ***
Total pot $9.15 | Rake $0.45 
Board [Js 7s 3h 5s 2d]
Seat 1: GoBucksIndy (big blind) showed [Qd Kh] and lost with high card King
Seat 2: Menrath showed [5d Ac] and won ($8.70) with a pair of Fives
Seat 3: fioro folded before Flop (didn't bet)
Seat 4: Alameda22 folded before Flop (didn't bet)
Seat 5: LittleORK folded before Flop (didn't bet)
Seat 6: peace4poker folded before Flop (didn't bet)
Seat 7: MrCoffee88 folded before Flop
Seat 8: w4444x (button) folded before Flop (didn't bet)
Seat 9: h0b0man (small blind) folded before Flop



PokerStars Game #19570861440:  Hold'em No Limit ($0.10/$0.25) - 2008/08/12 - 19:10:57 (ET)
Table 'Pallas III' 9-max Seat #9 is the button
Seat 1: GoBucksIndy ($29.15 in chips) 
Seat 2: Menrath ($8.70 in chips) 
Seat 3: fioro ($64.55 in chips) 
Seat 4: Alameda22 ($24.30 in chips) 
Seat 5: LittleORK ($13.20 in chips) 
Seat 6: peace4poker ($20.20 in chips) 
Seat 7: MrCoffee88 ($24.75 in chips) 
Seat 8: w4444x ($34.75 in chips) 
Seat 9: h0b0man ($14.20 in chips) 
GoBucksIndy: posts small blind $0.10
Menrath: posts big blind $0.25
*** HOLE CARDS ***
Dealt to Alameda22 [Ah 4s]
fioro: folds 
Alameda22: folds 
LittleORK: calls $0.25
peace4poker: folds 
MrCoffee88: folds 
w4444x: folds 
h0b0man: calls $0.25
GoBucksIndy: calls $0.15
Menrath: checks 
*** FLOP *** [9h Ad 2d]
GoBucksIndy: checks 
Menrath: checks 
LittleORK: checks 
h0b0man: checks 
*** TURN *** [9h Ad 2d] [Ac]
GoBucksIndy: checks 
Menrath: checks 
LittleORK: checks 
h0b0man: checks 
*** RIVER *** [9h Ad 2d Ac] [3d]
GoBucksIndy: checks 
Menrath: checks 
LittleORK: checks 
h0b0man: checks 
*** SHOW DOWN ***
GoBucksIndy: shows [Jh Qs] (a pair of Aces)
Menrath: mucks hand 
LittleORK: shows [8c 8d] (two pair, Aces and Eights)
h0b0man: mucks hand 
LittleORK collected $0.95 from pot
*** SUMMARY ***
Total pot $1 | Rake $0.05 
Board [9h Ad 2d Ac 3d]
Seat 1: GoBucksIndy (small blind) showed [Jh Qs] and lost with a pair of Aces
Seat 2: Menrath (big blind) mucked [7c 5c]
Seat 3: fioro folded before Flop (didn't bet)
Seat 4: Alameda22 folded before Flop (didn't bet)
Seat 5: LittleORK showed [8c 8d] and won ($0.95) with two pair, Aces and Eights
Seat 6: peace4poker folded before Flop (didn't bet)
Seat 7: MrCoffee88 folded before Flop (didn't bet)
Seat 8: w4444x folded before Flop (didn't bet)
Seat 9: h0b0man (button) mucked [Ts 7h]



PokerStars Game #19570889575:  Hold'em No Limit ($0.10/$0.25) - 2008/08/12 - 19:12:10 (ET)
Table 'Pallas III' 9-max Seat #1 is the button
Seat 1: GoBucksIndy ($28.90 in chips) 
Seat 2: Menrath ($8.45 in chips) 
Seat 3: fioro ($64.55 in chips) 
Seat 4: Alameda22 ($24.30 in chips) 
Seat 5: LittleORK ($13.90 in chips) 
Seat 6: peace4poker ($20.20 in chips) 
Seat 7: MrCoffee88 ($24.75 in chips) 
Seat 8: w4444x ($34.75 in chips) 
Seat 9: h0b0man ($13.95 in chips) 
Menrath: posts small blind $0.10
fioro: posts big blind $0.25
*** HOLE CARDS ***
Dealt to Alameda22 [Qc 7d]
Alameda22: folds 
LittleORK: folds 
peace4poker: folds 
MrCoffee88: calls $0.25
w4444x: folds 
h0b0man: folds 
GoBucksIndy: folds 
Menrath: raises $0.75 to $1
fioro: folds 
MrCoffee88: calls $0.75
*** FLOP *** [9h Th As]
Menrath: checks 
MrCoffee88: bets $0.50
Menrath: calls $0.50
*** TURN *** [9h Th As] [2c]
peace4poker is disconnected 
Menrath: checks 
MrCoffee88: bets $0.75
Menrath: raises $1.75 to $2.50
MrCoffee88: folds 
Uncalled bet ($1.75) returned to Menrath
Menrath collected $4.55 from pot
Menrath: doesn't show hand 
*** SUMMARY ***
Total pot $4.75 | Rake $0.20 
Board [9h Th As 2c]
Seat 1: GoBucksIndy (button) folded before Flop (didn't bet)
Seat 2: Menrath (small blind) collected ($4.55)
Seat 3: fioro (big blind) folded before Flop
Seat 4: Alameda22 folded before Flop (didn't bet)
Seat 5: LittleORK folded before Flop (didn't bet)
Seat 6: peace4poker folded before Flop (didn't bet)
Seat 7: MrCoffee88 folded on the Turn
Seat 8: w4444x folded before Flop (didn't bet)
Seat 9: h0b0man folded before Flop (didn't bet)



PokerStars Game #19570918779:  Hold'em No Limit ($0.10/$0.25) - 2008/08/12 - 19:13:28 (ET)
Table 'Pallas III' 9-max Seat #2 is the button
Seat 1: GoBucksIndy ($28.90 in chips) 
Seat 2: Menrath ($10.75 in chips) 
Seat 3: fioro ($64.30 in chips) 
Seat 4: Alameda22 ($24.30 in chips) 
Seat 5: LittleORK ($13.90 in chips) 
Seat 6: peace4poker ($20.20 in chips) 
Seat 7: MrCoffee88 ($22.50 in chips) 
Seat 8: w4444x ($34.75 in chips) 
Seat 9: h0b0man ($13.95 in chips) 
fioro: posts small blind $0.10
Alameda22: posts big blind $0.25
*** HOLE CARDS ***
Dealt to Alameda22 [7s 2d]
LittleORK: calls $0.25
peace4poker has timed out while disconnected
peace4poker: folds 
peace4poker is sitting out
MrCoffee88: folds 
w4444x: folds 
h0b0man: folds 
GoBucksIndy: folds 
Menrath: folds 
fioro: folds 
Alameda22: checks 
*** FLOP *** [9d 8c Tc]
Alameda22: checks 
LittleORK: bets $0.75
Alameda22: folds 
Uncalled bet ($0.75) returned to LittleORK
LittleORK collected $0.60 from pot
*** SUMMARY ***
Total pot $0.60 | Rake $0 
Board [9d 8c Tc]
Seat 1: GoBucksIndy folded before Flop (didn't bet)
Seat 2: Menrath (button) folded before Flop (didn't bet)
Seat 3: fioro (small blind) folded before Flop
Seat 4: Alameda22 (big blind) folded on the Flop
Seat 5: LittleORK collected ($0.60)
Seat 6: peace4poker folded before Flop (didn't bet)
Seat 7: MrCoffee88 folded before Flop (didn't bet)
Seat 8: w4444x folded before Flop (didn't bet)
Seat 9: h0b0man folded before Flop (didn't bet)



PokerStars Game #19570944634:  Hold'em No Limit ($0.10/$0.25) - 2008/08/12 - 19:14:37 (ET)
Table 'Pallas III' 9-max Seat #3 is the button
Seat 1: GoBucksIndy ($28.90 in chips) 
Seat 2: Menrath ($10.75 in chips) 
Seat 3: fioro ($64.20 in chips) 
Seat 4: Alameda22 ($24.05 in chips) 
Seat 5: LittleORK ($14.25 in chips) 
Seat 7: MrCoffee88 ($22.50 in chips) 
Seat 8: w4444x ($34.75 in chips) 
Seat 9: h0b0man ($13.95 in chips) 
Alameda22: posts small blind $0.10
LittleORK: posts big blind $0.25
*** HOLE CARDS ***
Dealt to Alameda22 [5d 3s]
MrCoffee88: calls $0.25
w4444x: folds 
h0b0man: folds 
GoBucksIndy: raises $1 to $1.25
Menrath: calls $1.25
fioro: folds 
Alameda22: folds 
peace4poker is connected 
LittleORK: folds 
MrCoffee88: folds 
*** FLOP *** [Kh 5h Jc]
GoBucksIndy: bets $2.25
peace4poker has returned
Menrath: raises $7.25 to $9.50 and is all-in
GoBucksIndy: folds 
Uncalled bet ($7.25) returned to Menrath
Menrath collected $7.25 from pot
Menrath: doesn't show hand 
*** SUMMARY ***
Total pot $7.60 | Rake $0.35 
Board [Kh 5h Jc]
Seat 1: GoBucksIndy folded on the Flop
Seat 2: Menrath collected ($7.25)
Seat 3: fioro (button) folded before Flop (didn't bet)
Seat 4: Alameda22 (small blind) folded before Flop
Seat 5: LittleORK (big blind) folded before Flop
Seat 7: MrCoffee88 folded before Flop
Seat 8: w4444x folded before Flop (didn't bet)
Seat 9: h0b0man folded before Flop (didn't bet)



PokerStars Game #19570959724:  Hold'em No Limit ($0.10/$0.25) - 2008/08/12 - 19:15:16 (ET)
Table 'Pallas III' 9-max Seat #4 is the button
Seat 1: GoBucksIndy ($25.40 in chips) 
Seat 2: Menrath ($14.50 in chips) 
Seat 3: fioro ($64.20 in chips) 
Seat 4: Alameda22 ($23.95 in chips) 
Seat 5: LittleORK ($14 in chips) 
Seat 6: peace4poker ($20.20 in chips) 
Seat 7: MrCoffee88 ($22.25 in chips) 
Seat 8: w4444x ($34.75 in chips) 
Seat 9: h0b0man ($13.95 in chips) 
LittleORK: posts small blind $0.10
peace4poker: posts big blind $0.25
*** HOLE CARDS ***
Dealt to Alameda22 [8s 6d]
MrCoffee88 has timed out
MrCoffee88: folds 
MrCoffee88 is sitting out
MrCoffee88 has returned
w4444x: folds 
h0b0man: folds 
GoBucksIndy: raises $0.75 to $1
Menrath: folds 
fioro: calls $1
Alameda22: folds 
LittleORK: folds 
peace4poker: folds 
*** FLOP *** [2d 6h Qs]
GoBucksIndy: bets $1.75
fioro: calls $1.75
*** TURN *** [2d 6h Qs] [Td]
GoBucksIndy: bets $4.25
fioro: folds 
Uncalled bet ($4.25) returned to GoBucksIndy
GoBucksIndy collected $5.60 from pot
GoBucksIndy: doesn't show hand 
*** SUMMARY ***
Total pot $5.85 | Rake $0.25 
Board [2d 6h Qs Td]
Seat 1: GoBucksIndy collected ($5.60)
Seat 2: Menrath folded before Flop (didn't bet)
Seat 3: fioro folded on the Turn
Seat 4: Alameda22 (button) folded before Flop (didn't bet)
Seat 5: LittleORK (small blind) folded before Flop
Seat 6: peace4poker (big blind) folded before Flop
Seat 7: MrCoffee88 folded before Flop (didn't bet)
Seat 8: w4444x folded before Flop (didn't bet)
Seat 9: h0b0man folded before Flop (didn't bet)



PokerStars Game #19570986569:  Hold'em No Limit ($0.10/$0.25) - 2008/08/12 - 19:16:26 (ET)
Table 'Pallas III' 9-max Seat #5 is the button
Seat 1: GoBucksIndy ($28.25 in chips) 
Seat 2: Menrath ($14.50 in chips) 
Seat 3: fioro ($61.45 in chips) 
Seat 4: Alameda22 ($23.95 in chips) 
Seat 5: LittleORK ($13.90 in chips) 
Seat 6: peace4poker ($19.95 in chips) 
Seat 7: MrCoffee88 ($22.25 in chips) 
Seat 8: w4444x ($34.75 in chips) 
Seat 9: h0b0man ($13.95 in chips) 
peace4poker: posts small blind $0.10
MrCoffee88: posts big blind $0.25
*** HOLE CARDS ***
Dealt to Alameda22 [3d Jh]
w4444x: folds 
h0b0man: folds 
GoBucksIndy: folds 
Menrath: folds 
fioro: folds 
Alameda22: folds 
LittleORK: folds 
peace4poker: calls $0.15
MrCoffee88: checks 
*** FLOP *** [9d Qd Ts]
peace4poker: checks 
MrCoffee88: checks 
*** TURN *** [9d Qd Ts] [8s]
peace4poker: checks 
MrCoffee88: checks 
*** RIVER *** [9d Qd Ts 8s] [Jd]
peace4poker: checks 
MrCoffee88: bets $0.50
peace4poker: calls $0.50
*** SHOW DOWN ***
MrCoffee88: shows [2d 4d] (a flush, Queen high)
peace4poker: mucks hand 
MrCoffee88 collected $1.45 from pot
*** SUMMARY ***
Total pot $1.50 | Rake $0.05 
Board [9d Qd Ts 8s Jd]
Seat 1: GoBucksIndy folded before Flop (didn't bet)
Seat 2: Menrath folded before Flop (didn't bet)
Seat 3: fioro folded before Flop (didn't bet)
Seat 4: Alameda22 folded before Flop (didn't bet)
Seat 5: LittleORK (button) folded before Flop (didn't bet)
Seat 6: peace4poker (small blind) mucked [Th As]
Seat 7: MrCoffee88 (big blind) showed [2d 4d] and won ($1.45) with a flush, Queen high
Seat 8: w4444x folded before Flop (didn't bet)
Seat 9: h0b0man folded before Flop (didn't bet)



PokerStars Game #19571007426:  Hold'em No Limit ($0.10/$0.25) - 2008/08/12 - 19:17:21 (ET)
Table 'Pallas III' 9-max Seat #6 is the button
Seat 1: GoBucksIndy ($28.25 in chips) 
Seat 2: Menrath ($14.50 in chips) 
Seat 3: fioro ($61.45 in chips) 
Seat 4: Alameda22 ($23.95 in chips) 
Seat 5: LittleORK ($13.90 in chips) 
Seat 6: peace4poker ($19.20 in chips) 
Seat 7: MrCoffee88 ($22.95 in chips) 
Seat 8: w4444x ($34.75 in chips) 
Seat 9: h0b0man ($13.95 in chips) 
MrCoffee88: posts small blind $0.10
w4444x: posts big blind $0.25
*** HOLE CARDS ***
Dealt to Alameda22 [4s 5h]
h0b0man: calls $0.25
GoBucksIndy: folds 
Menrath: raises $0.75 to $1
fioro: raises $2.25 to $3.25
Alameda22: folds 
LittleORK: folds 
peace4poker: folds 
MrCoffee88: folds 
w4444x: folds 
h0b0man: folds 
Menrath: calls $2.25
*** FLOP *** [3h 7c 9s]
Menrath: checks 
fioro: bets $58.20 and is all-in
Menrath: folds 
Uncalled bet ($58.20) returned to fioro
fioro collected $6.75 from pot
fioro: doesn't show hand 
*** SUMMARY ***
Total pot $7.10 | Rake $0.35 
Board [3h 7c 9s]
Seat 1: GoBucksIndy folded before Flop (didn't bet)
Seat 2: Menrath folded on the Flop
Seat 3: fioro collected ($6.75)
Seat 4: Alameda22 folded before Flop (didn't bet)
Seat 5: LittleORK folded before Flop (didn't bet)
Seat 6: peace4poker (button) folded before Flop (didn't bet)
Seat 7: MrCoffee88 (small blind) folded before Flop
Seat 8: w4444x (big blind) folded before Flop
Seat 9: h0b0man folded before Flop



PokerStars Game #19571029255:  Hold'em No Limit ($0.10/$0.25) - 2008/08/12 - 19:18:19 (ET)
Table 'Pallas III' 9-max Seat #7 is the button
Seat 1: GoBucksIndy ($28.25 in chips) 
Seat 2: Menrath ($11.25 in chips) 
Seat 3: fioro ($64.95 in chips) 
Seat 4: Alameda22 ($23.95 in chips) 
Seat 5: LittleORK ($13.90 in chips) 
Seat 6: peace4poker ($19.20 in chips) 
Seat 7: MrCoffee88 ($22.85 in chips) 
Seat 8: w4444x ($34.50 in chips) 
Seat 9: h0b0man ($13.70 in chips) 
w4444x: posts small blind $0.10
h0b0man: posts big blind $0.25
*** HOLE CARDS ***
Dealt to Alameda22 [Qc 5s]
GoBucksIndy: raises $0.75 to $1
Menrath: calls $1
fioro: calls $1
Alameda22: folds 
LittleORK: folds 
peace4poker: folds 
MrCoffee88: folds 
w4444x: folds 
h0b0man: folds 
*** FLOP *** [Jd 7h Kh]
GoBucksIndy: bets $2.25
Menrath: folds 
fioro: folds 
Uncalled bet ($2.25) returned to GoBucksIndy
GoBucksIndy collected $3.20 from pot
GoBucksIndy: doesn't show hand 
*** SUMMARY ***
Total pot $3.35 | Rake $0.15 
Board [Jd 7h Kh]
Seat 1: GoBucksIndy collected ($3.20)
Seat 2: Menrath folded on the Flop
Seat 3: fioro folded on the Flop
Seat 4: Alameda22 folded before Flop (didn't bet)
Seat 5: LittleORK folded before Flop (didn't bet)
Seat 6: peace4poker folded before Flop (didn't bet)
Seat 7: MrCoffee88 (button) folded before Flop (didn't bet)
Seat 8: w4444x (small blind) folded before Flop
Seat 9: h0b0man (big blind) folded before Flop



PokerStars Game #19571042514:  Hold'em No Limit ($0.10/$0.25) - 2008/08/12 - 19:18:53 (ET)
Table 'Pallas III' 9-max Seat #8 is the button
Seat 1: GoBucksIndy ($30.45 in chips) 
Seat 2: Menrath ($10.25 in chips) 
Seat 3: fioro ($63.95 in chips) 
Seat 4: Alameda22 ($23.95 in chips) 
Seat 5: LittleORK ($13.90 in chips) 
Seat 6: peace4poker ($19.20 in chips) 
Seat 7: MrCoffee88 ($22.85 in chips) 
Seat 8: w4444x ($34.40 in chips) 
Seat 9: h0b0man ($13.45 in chips) 
h0b0man: posts small blind $0.10
GoBucksIndy: posts big blind $0.25
*** HOLE CARDS ***
Dealt to Alameda22 [Kc Ad]
Menrath: folds 
fioro: folds 
Alameda22: raises $0.50 to $0.75
LittleORK: folds 
peace4poker: folds 
MrCoffee88: folds 
w4444x: folds 
h0b0man: folds 
GoBucksIndy: folds 
Uncalled bet ($0.50) returned to Alameda22
Alameda22 collected $0.60 from pot
Alameda22: doesn't show hand 
*** SUMMARY ***
Total pot $0.60 | Rake $0 
Seat 1: GoBucksIndy (big blind) folded before Flop
Seat 2: Menrath folded before Flop (didn't bet)
Seat 3: fioro folded before Flop (didn't bet)
Seat 4: Alameda22 collected ($0.60)
Seat 5: LittleORK folded before Flop (didn't bet)
Seat 6: peace4poker folded before Flop (didn't bet)
Seat 7: MrCoffee88 folded before Flop (didn't bet)
Seat 8: w4444x (button) folded before Flop (didn't bet)
Seat 9: h0b0man (small blind) folded before Flop



PokerStars Game #19571052932:  Hold'em No Limit ($0.10/$0.25) - 2008/08/12 - 19:19:20 (ET)
Table 'Pallas III' 9-max Seat #9 is the button
Seat 1: GoBucksIndy ($30.20 in chips) 
Seat 2: Menrath ($10.25 in chips) 
Seat 3: fioro ($63.95 in chips) 
Seat 4: Alameda22 ($24.30 in chips) 
Seat 5: LittleORK ($13.90 in chips) 
Seat 6: peace4poker ($19.20 in chips) 
Seat 7: MrCoffee88 ($22.85 in chips) 
Seat 8: w4444x ($34.40 in chips) 
Seat 9: h0b0man ($13.35 in chips) 
GoBucksIndy: posts small blind $0.10
Menrath: posts big blind $0.25
*** HOLE CARDS ***
Dealt to Alameda22 [Ts 5s]
fioro: folds 
Alameda22: folds 
LittleORK: raises $0.75 to $1
peace4poker: folds 
MrCoffee88: folds 
w4444x: folds 
h0b0man: folds 
GoBucksIndy: folds 
Menrath: folds 
Uncalled bet ($0.75) returned to LittleORK
LittleORK collected $0.60 from pot
*** SUMMARY ***
Total pot $0.60 | Rake $0 
Seat 1: GoBucksIndy (small blind) folded before Flop
Seat 2: Menrath (big blind) folded before Flop
Seat 3: fioro folded before Flop (didn't bet)
Seat 4: Alameda22 folded before Flop (didn't bet)
Seat 5: LittleORK collected ($0.60)
Seat 6: peace4poker folded before Flop (didn't bet)
Seat 7: MrCoffee88 folded before Flop (didn't bet)
Seat 8: w4444x folded before Flop (didn't bet)
Seat 9: h0b0man (button) folded before Flop (didn't bet)



PokerStars Game #19571061835:  Hold'em No Limit ($0.10/$0.25) - 2008/08/12 - 19:19:44 (ET)
Table 'Pallas III' 9-max Seat #1 is the button
Seat 1: GoBucksIndy ($30.10 in chips) 
Seat 2: Menrath ($10 in chips) 
Seat 3: fioro ($63.95 in chips) 
Seat 4: Alameda22 ($24.30 in chips) 
Seat 5: LittleORK ($14.25 in chips) 
Seat 6: peace4poker ($19.20 in chips) 
Seat 7: MrCoffee88 ($22.85 in chips) 
Seat 8: w4444x ($34.40 in chips) 
Seat 9: h0b0man ($13.35 in chips) 
Menrath: posts small blind $0.10
fioro: posts big blind $0.25
*** HOLE CARDS ***
Dealt to Alameda22 [Jd Ac]
Alameda22: folds 
LittleORK: calls $0.25
peace4poker: folds 
MrCoffee88: folds 
w4444x: folds 
h0b0man: folds 
GoBucksIndy: folds 
Menrath: calls $0.15
fioro: checks 
*** FLOP *** [8d 3h 5h]
Menrath: checks 
fioro: checks 
LittleORK: checks 
*** TURN *** [8d 3h 5h] [5c]
Menrath: checks 
fioro: bets $3
LittleORK: folds 
Menrath: folds 
Uncalled bet ($3) returned to fioro
fioro collected $0.75 from pot
fioro: doesn't show hand 
*** SUMMARY ***
Total pot $0.75 | Rake $0 
Board [8d 3h 5h 5c]
Seat 1: GoBucksIndy (button) folded before Flop (didn't bet)
Seat 2: Menrath (small blind) folded on the Turn
Seat 3: fioro (big blind) collected ($0.75)
Seat 4: Alameda22 folded before Flop (didn't bet)
Seat 5: LittleORK folded on the Turn
Seat 6: peace4poker folded before Flop (didn't bet)
Seat 7: MrCoffee88 folded before Flop (didn't bet)
Seat 8: w4444x folded before Flop (didn't bet)
Seat 9: h0b0man folded before Flop (didn't bet)



PokerStars Game #19571082003:  Hold'em No Limit ($0.10/$0.25) - 2008/08/12 - 19:20:36 (ET)
Table 'Pallas III' 9-max Seat #2 is the button
Seat 1: GoBucksIndy ($30.10 in chips) 
Seat 2: Menrath ($9.75 in chips) 
Seat 3: fioro ($64.45 in chips) 
Seat 4: Alameda22 ($24.30 in chips) 
Seat 5: LittleORK ($14 in chips) 
Seat 6: peace4poker ($19.20 in chips) 
Seat 7: MrCoffee88 ($22.85 in chips) 
Seat 8: w4444x ($34.40 in chips) 
Seat 9: h0b0man ($13.35 in chips) 
fioro: posts small blind $0.10
Alameda22: posts big blind $0.25
*** HOLE CARDS ***
Dealt to Alameda22 [Ks 9h]
LittleORK: folds 
peace4poker: folds 
MrCoffee88: folds 
w4444x: folds 
h0b0man: raises $0.25 to $0.50
GoBucksIndy: raises $1.75 to $2.25
Menrath: folds 
fioro: folds 
Alameda22: folds 
h0b0man: raises $1.75 to $4
GoBucksIndy: calls $1.75
*** FLOP *** [7s Tc 9s]
h0b0man: bets $9.35 and is all-in
GoBucksIndy: folds 
Uncalled bet ($9.35) returned to h0b0man
h0b0man collected $7.95 from pot
*** SUMMARY ***
Total pot $8.35 | Rake $0.40 
Board [7s Tc 9s]
Seat 1: GoBucksIndy folded on the Flop
Seat 2: Menrath (button) folded before Flop (didn't bet)
Seat 3: fioro (small blind) folded before Flop
Seat 4: Alameda22 (big blind) folded before Flop
Seat 5: LittleORK folded before Flop (didn't bet)
Seat 6: peace4poker folded before Flop (didn't bet)
Seat 7: MrCoffee88 folded before Flop (didn't bet)
Seat 8: w4444x folded before Flop (didn't bet)
Seat 9: h0b0man collected ($7.95)



PokerStars Game #19571101444:  Hold'em No Limit ($0.10/$0.25) - 2008/08/12 - 19:21:27 (ET)
Table 'Pallas III' 9-max Seat #3 is the button
Seat 1: GoBucksIndy ($26.10 in chips) 
Seat 2: Menrath ($9.75 in chips) 
Seat 3: fioro ($64.35 in chips) 
Seat 4: Alameda22 ($24.05 in chips) 
Seat 5: LittleORK ($14 in chips) 
Seat 6: peace4poker ($19.20 in chips) 
Seat 7: MrCoffee88 ($22.85 in chips) 
Seat 8: w4444x ($34.40 in chips) 
Seat 9: h0b0man ($17.30 in chips) 
Alameda22: posts small blind $0.10
LittleORK: posts big blind $0.25
*** HOLE CARDS ***
Dealt to Alameda22 [8s 7d]
peace4poker: folds 
MrCoffee88: folds 
w4444x: folds 
h0b0man: calls $0.25
GoBucksIndy: raises $1.25 to $1.50
Menrath: folds 
fioro: calls $1.50
Alameda22: folds 
LittleORK: folds 
h0b0man: folds 
*** FLOP *** [9c 5s 5h]
GoBucksIndy: bets $2.25
fioro: calls $2.25
*** TURN *** [9c 5s 5h] [7h]
GoBucksIndy: bets $5.25
fioro: folds 
Uncalled bet ($5.25) returned to GoBucksIndy
GoBucksIndy collected $7.75 from pot
GoBucksIndy: doesn't show hand 
*** SUMMARY ***
Total pot $8.10 | Rake $0.35 
Board [9c 5s 5h 7h]
Seat 1: GoBucksIndy collected ($7.75)
Seat 2: Menrath folded before Flop (didn't bet)
Seat 3: fioro (button) folded on the Turn
Seat 4: Alameda22 (small blind) folded before Flop
Seat 5: LittleORK (big blind) folded before Flop
Seat 6: peace4poker folded before Flop (didn't bet)
Seat 7: MrCoffee88 folded before Flop (didn't bet)
Seat 8: w4444x folded before Flop (didn't bet)
Seat 9: h0b0man folded before Flop



PokerStars Game #19571122267:  Hold'em No Limit ($0.10/$0.25) - 2008/08/12 - 19:22:22 (ET)
Table 'Pallas III' 9-max Seat #4 is the button
Seat 1: GoBucksIndy ($30.10 in chips) 
Seat 2: Menrath ($9.75 in chips) 
Seat 3: fioro ($60.60 in chips) 
Seat 4: Alameda22 ($23.95 in chips) 
Seat 5: LittleORK ($13.75 in chips) 
Seat 6: peace4poker ($19.20 in chips) 
Seat 7: MrCoffee88 ($22.85 in chips) 
Seat 8: w4444x ($34.40 in chips) 
Seat 9: h0b0man ($17.05 in chips) 
LittleORK: posts small blind $0.10
peace4poker: posts big blind $0.25
*** HOLE CARDS ***
Dealt to Alameda22 [Ks Th]
MrCoffee88: folds 
w4444x: folds 
h0b0man: folds 
GoBucksIndy: folds 
Menrath: folds 
fioro: folds 
Alameda22: raises $0.50 to $0.75
LittleORK: folds 
peace4poker: folds 
Uncalled bet ($0.50) returned to Alameda22
Alameda22 collected $0.60 from pot
Alameda22: doesn't show hand 
*** SUMMARY ***
Total pot $0.60 | Rake $0 
Seat 1: GoBucksIndy folded before Flop (didn't bet)
Seat 2: Menrath folded before Flop (didn't bet)
Seat 3: fioro folded before Flop (didn't bet)
Seat 4: Alameda22 (button) collected ($0.60)
Seat 5: LittleORK (small blind) folded before Flop
Seat 6: peace4poker (big blind) folded before Flop
Seat 7: MrCoffee88 folded before Flop (didn't bet)
Seat 8: w4444x folded before Flop (didn't bet)
Seat 9: h0b0man folded before Flop (didn't bet)



PokerStars Game #19571135632:  Hold'em No Limit ($0.10/$0.25) - 2008/08/12 - 19:22:57 (ET)
Table 'Pallas III' 9-max Seat #5 is the button
Seat 1: GoBucksIndy ($30.10 in chips) 
Seat 2: Menrath ($9.75 in chips) 
Seat 3: fioro ($60.60 in chips) 
Seat 4: Alameda22 ($24.30 in chips) 
Seat 5: LittleORK ($13.65 in chips) 
Seat 6: peace4poker ($18.95 in chips) 
Seat 7: MrCoffee88 ($22.85 in chips) 
Seat 8: w4444x ($34.40 in chips) 
Seat 9: h0b0man ($17.05 in chips) 
peace4poker: posts small blind $0.10
MrCoffee88: posts big blind $0.25
*** HOLE CARDS ***
Dealt to Alameda22 [Th Td]
w4444x: folds 
h0b0man: folds 
GoBucksIndy: folds 
Menrath: raises $0.75 to $1
fioro: folds 
Alameda22: calls $1
LittleORK: folds 
peace4poker: folds 
MrCoffee88: folds 
*** FLOP *** [9s 9h 3d]
Menrath: bets $1.75
Alameda22: raises $3.75 to $5.50
Menrath: folds 
Uncalled bet ($3.75) returned to Alameda22
Alameda22 collected $5.60 from pot
Alameda22: doesn't show hand 
*** SUMMARY ***
Total pot $5.85 | Rake $0.25 
Board [9s 9h 3d]
Seat 1: GoBucksIndy folded before Flop (didn't bet)
Seat 2: Menrath folded on the Flop
Seat 3: fioro folded before Flop (didn't bet)
Seat 4: Alameda22 collected ($5.60)
Seat 5: LittleORK (button) folded before Flop (didn't bet)
Seat 6: peace4poker (small blind) folded before Flop
Seat 7: MrCoffee88 (big blind) folded before Flop
Seat 8: w4444x folded before Flop (didn't bet)
Seat 9: h0b0man folded before Flop (didn't bet)



PokerStars Game #19571158433:  Hold'em No Limit ($0.10/$0.25) - 2008/08/12 - 19:23:57 (ET)
Table 'Pallas III' 9-max Seat #6 is the button
Seat 1: GoBucksIndy ($30.10 in chips) 
Seat 2: Menrath ($7 in chips) 
Seat 3: fioro ($60.60 in chips) 
Seat 4: Alameda22 ($27.15 in chips) 
Seat 5: LittleORK ($13.65 in chips) 
Seat 6: peace4poker ($18.85 in chips) 
Seat 7: MrCoffee88 ($22.60 in chips) 
Seat 8: w4444x ($34.40 in chips) 
Seat 9: h0b0man ($17.05 in chips) 
MrCoffee88: posts small blind $0.10
w4444x: posts big blind $0.25
*** HOLE CARDS ***
Dealt to Alameda22 [Tc 9s]
h0b0man: raises $0.50 to $0.75
GoBucksIndy: calls $0.75
Menrath: calls $0.75
fioro: folds 
fioro leaves the table
Alameda22: folds 
LittleORK: folds 
peace4poker: folds 
MrCoffee88: folds 
bigmama27 joins the table at seat #3 
w4444x: folds 
*** FLOP *** [7d Jh 3h]
h0b0man: checks 
GoBucksIndy: checks 
Menrath: bets $1
h0b0man: folds 
GoBucksIndy: calls $1
*** TURN *** [7d Jh 3h] [Ad]
GoBucksIndy: checks 
Menrath: bets $1
GoBucksIndy: calls $1
*** RIVER *** [7d Jh 3h Ad] [Js]
GoBucksIndy: checks 
Menrath: checks 
*** SHOW DOWN ***
GoBucksIndy: shows [4d 4s] (two pair, Jacks and Fours)
Menrath: mucks hand 
GoBucksIndy collected $6.30 from pot
*** SUMMARY ***
Total pot $6.60 | Rake $0.30 
Board [7d Jh 3h Ad Js]
Seat 1: GoBucksIndy showed [4d 4s] and won ($6.30) with two pair, Jacks and Fours
Seat 2: Menrath mucked [9c Td]
Seat 3: fioro folded before Flop (didn't bet)
Seat 4: Alameda22 folded before Flop (didn't bet)
Seat 5: LittleORK folded before Flop (didn't bet)
Seat 6: peace4poker (button) folded before Flop (didn't bet)
Seat 7: MrCoffee88 (small blind) folded before Flop
Seat 8: w4444x (big blind) folded before Flop
Seat 9: h0b0man folded on the Flop



PokerStars Game #19571188095:  Hold'em No Limit ($0.10/$0.25) - 2008/08/12 - 19:25:15 (ET)
Table 'Pallas III' 9-max Seat #7 is the button
Seat 1: GoBucksIndy ($33.65 in chips) 
Seat 2: Menrath ($4.25 in chips) 
Seat 3: bigmama27 ($8.10 in chips) 
Seat 4: Alameda22 ($27.15 in chips) 
Seat 5: LittleORK ($13.65 in chips) 
Seat 6: peace4poker ($18.85 in chips) 
Seat 7: MrCoffee88 ($22.50 in chips) 
Seat 8: w4444x ($34.15 in chips) 
Seat 9: h0b0man ($16.30 in chips) 
w4444x: posts small blind $0.10
h0b0man: posts big blind $0.25
bigmama27: posts big blind $0.25
*** HOLE CARDS ***
Dealt to Alameda22 [5s Kh]
GoBucksIndy: folds 
Menrath: folds 
bigmama27: checks 
Alameda22: folds 
LittleORK: folds 
peace4poker: folds 
MrCoffee88: folds 
w4444x: folds 
h0b0man: checks 
*** FLOP *** [9s Ac 4s]
h0b0man: bets $0.25
bigmama27: calls $0.25
*** TURN *** [9s Ac 4s] [8s]
h0b0man: bets $1
bigmama27: calls $1
*** RIVER *** [9s Ac 4s 8s] [5h]
h0b0man: checks 
bigmama27: checks 
*** SHOW DOWN ***
h0b0man: shows [Th 6s] (high card Ace)
bigmama27: shows [9h Kd] (a pair of Nines)
bigmama27 collected $2.95 from pot
*** SUMMARY ***
Total pot $3.10 | Rake $0.15 
Board [9s Ac 4s 8s 5h]
Seat 1: GoBucksIndy folded before Flop (didn't bet)
Seat 2: Menrath folded before Flop (didn't bet)
Seat 3: bigmama27 showed [9h Kd] and won ($2.95) with a pair of Nines
Seat 4: Alameda22 folded before Flop (didn't bet)
Seat 5: LittleORK folded before Flop (didn't bet)
Seat 6: peace4poker folded before Flop (didn't bet)
Seat 7: MrCoffee88 (button) folded before Flop (didn't bet)
Seat 8: w4444x (small blind) folded before Flop
Seat 9: h0b0man (big blind) showed [Th 6s] and lost with high card Ace



PokerStars Game #19571208425:  Hold'em No Limit ($0.10/$0.25) - 2008/08/12 - 19:26:08 (ET)
Table 'Pallas III' 9-max Seat #8 is the button
Seat 1: GoBucksIndy ($33.65 in chips) 
Seat 2: Menrath ($4.25 in chips) 
Seat 3: bigmama27 ($9.55 in chips) 
Seat 4: Alameda22 ($27.15 in chips) 
Seat 5: LittleORK ($13.65 in chips) 
Seat 6: peace4poker ($18.85 in chips) 
Seat 7: MrCoffee88 ($22.50 in chips) 
Seat 8: w4444x ($34.05 in chips) 
Seat 9: h0b0man ($14.80 in chips) 
h0b0man: posts small blind $0.10
GoBucksIndy: posts big blind $0.25
*** HOLE CARDS ***
Dealt to Alameda22 [3d 2h]
Menrath: folds 
bigmama27: calls $0.25
Alameda22: folds 
LittleORK: folds 
peace4poker: folds 
MrCoffee88: folds 
w4444x: folds 
h0b0man: calls $0.15
GoBucksIndy: checks 
*** FLOP *** [Th 5c 3c]
h0b0man: checks 
GoBucksIndy: checks 
bigmama27: checks 
*** TURN *** [Th 5c 3c] [Ad]
h0b0man: checks 
GoBucksIndy: checks 
bigmama27: bets $0.50
h0b0man: folds 
GoBucksIndy: folds 
Uncalled bet ($0.50) returned to bigmama27
bigmama27 collected $0.75 from pot
*** SUMMARY ***
Total pot $0.75 | Rake $0 
Board [Th 5c 3c Ad]
Seat 1: GoBucksIndy (big blind) folded on the Turn
Seat 2: Menrath folded before Flop (didn't bet)
Seat 3: bigmama27 collected ($0.75)
Seat 4: Alameda22 folded before Flop (didn't bet)
Seat 5: LittleORK folded before Flop (didn't bet)
Seat 6: peace4poker folded before Flop (didn't bet)
Seat 7: MrCoffee88 folded before Flop (didn't bet)
Seat 8: w4444x (button) folded before Flop (didn't bet)
Seat 9: h0b0man (small blind) folded on the Turn



PokerStars Game #19571228846:  Hold'em No Limit ($0.10/$0.25) - 2008/08/12 - 19:27:03 (ET)
Table 'Pallas III' 9-max Seat #9 is the button
Seat 1: GoBucksIndy ($33.40 in chips) 
Seat 2: Menrath ($4.25 in chips) 
Seat 3: bigmama27 ($10.05 in chips) 
Seat 4: Alameda22 ($27.15 in chips) 
Seat 5: LittleORK ($13.65 in chips) 
Seat 6: peace4poker ($18.85 in chips) 
Seat 7: MrCoffee88 ($22.50 in chips) 
Seat 8: w4444x ($34.05 in chips) 
Seat 9: h0b0man ($14.55 in chips) 
GoBucksIndy: posts small blind $0.10
Menrath: posts big blind $0.25
*** HOLE CARDS ***
Dealt to Alameda22 [9d Ad]
bigmama27: folds 
Alameda22: folds 
LittleORK: folds 
peace4poker: folds 
MrCoffee88: calls $0.25
w4444x: folds 
h0b0man: calls $0.25
GoBucksIndy: calls $0.15
Menrath: checks 
*** FLOP *** [Qd Kc Tc]
GoBucksIndy: checks 
Menrath: checks 
MrCoffee88: bets $0.25
h0b0man: calls $0.25
GoBucksIndy: folds 
Menrath: calls $0.25
*** TURN *** [Qd Kc Tc] [6c]
Menrath: checks 
MrCoffee88: checks 
h0b0man: checks 
*** RIVER *** [Qd Kc Tc 6c] [7h]
Menrath: bets $0.50
MrCoffee88: calls $0.50
h0b0man: folds 
*** SHOW DOWN ***
Menrath: shows [Ac 7s] (a pair of Sevens)
MrCoffee88: shows [Kd Td] (two pair, Kings and Tens)
MrCoffee88 collected $2.65 from pot
*** SUMMARY ***
Total pot $2.75 | Rake $0.10 
Board [Qd Kc Tc 6c 7h]
Seat 1: GoBucksIndy (small blind) folded on the Flop
Seat 2: Menrath (big blind) showed [Ac 7s] and lost with a pair of Sevens
Seat 3: bigmama27 folded before Flop (didn't bet)
Seat 4: Alameda22 folded before Flop (didn't bet)
Seat 5: LittleORK folded before Flop (didn't bet)
Seat 6: peace4poker folded before Flop (didn't bet)
Seat 7: MrCoffee88 showed [Kd Td] and won ($2.65) with two pair, Kings and Tens
Seat 8: w4444x folded before Flop (didn't bet)
Seat 9: h0b0man (button) folded on the River



PokerStars Game #19571256105:  Hold'em No Limit ($0.10/$0.25) - 2008/08/12 - 19:28:14 (ET)
Table 'Pallas III' 9-max Seat #1 is the button
Seat 1: GoBucksIndy ($33.15 in chips) 
Seat 2: Menrath ($3.25 in chips) 
Seat 3: bigmama27 ($10.05 in chips) 
Seat 4: Alameda22 ($27.15 in chips) 
Seat 5: LittleORK ($13.65 in chips) 
Seat 6: peace4poker ($18.85 in chips) 
Seat 7: MrCoffee88 ($24.15 in chips) 
Seat 8: w4444x ($34.05 in chips) 
Seat 9: h0b0man ($14.05 in chips) 
Menrath: posts small blind $0.10
bigmama27: posts big blind $0.25
*** HOLE CARDS ***
Dealt to Alameda22 [8d Tc]
Alameda22: folds 
LittleORK: folds 
peace4poker: folds 
MrCoffee88: folds 
w4444x: raises $0.75 to $1
h0b0man: folds 
GoBucksIndy: folds 
Menrath: folds 
bigmama27: folds 
Uncalled bet ($0.75) returned to w4444x
w4444x collected $0.60 from pot
w4444x: doesn't show hand 
*** SUMMARY ***
Total pot $0.60 | Rake $0 
Seat 1: GoBucksIndy (button) folded before Flop (didn't bet)
Seat 2: Menrath (small blind) folded before Flop
Seat 3: bigmama27 (big blind) folded before Flop
Seat 4: Alameda22 folded before Flop (didn't bet)
Seat 5: LittleORK folded before Flop (didn't bet)
Seat 6: peace4poker folded before Flop (didn't bet)
Seat 7: MrCoffee88 folded before Flop (didn't bet)
Seat 8: w4444x collected ($0.60)
Seat 9: h0b0man folded before Flop (didn't bet)



PokerStars Game #19571269625:  Hold'em No Limit ($0.10/$0.25) - 2008/08/12 - 19:28:50 (ET)
Table 'Pallas III' 9-max Seat #2 is the button
Seat 1: GoBucksIndy ($33.15 in chips) 
Seat 2: Menrath ($3.15 in chips) 
Seat 3: bigmama27 ($9.80 in chips) 
Seat 4: Alameda22 ($27.15 in chips) 
Seat 5: LittleORK ($13.65 in chips) 
Seat 6: peace4poker ($18.85 in chips) 
Seat 7: MrCoffee88 ($24.15 in chips) 
Seat 8: w4444x ($34.40 in chips) 
Seat 9: h0b0man ($14.05 in chips) 
bigmama27: posts small blind $0.10
Alameda22: posts big blind $0.25
*** HOLE CARDS ***
Dealt to Alameda22 [7c 3h]
LittleORK: folds 
peace4poker: calls $0.25
MrCoffee88: calls $0.25
w4444x: folds 
h0b0man: folds 
GoBucksIndy: folds 
Menrath: folds 
bigmama27: folds 
Alameda22: checks 
*** FLOP *** [Qh Ks 8s]
Alameda22: checks 
peace4poker: checks 
MrCoffee88: bets $0.25
Alameda22: folds 
peace4poker: calls $0.25
*** TURN *** [Qh Ks 8s] [5c]
peace4poker: checks 
MrCoffee88: bets $0.50
peace4poker: folds 
Uncalled bet ($0.50) returned to MrCoffee88
MrCoffee88 collected $1.30 from pot
*** SUMMARY ***
Total pot $1.35 | Rake $0.05 
Board [Qh Ks 8s 5c]
Seat 1: GoBucksIndy folded before Flop (didn't bet)
Seat 2: Menrath (button) folded before Flop (didn't bet)
Seat 3: bigmama27 (small blind) folded before Flop
Seat 4: Alameda22 (big blind) folded on the Flop
Seat 5: LittleORK folded before Flop (didn't bet)
Seat 6: peace4poker folded on the Turn
Seat 7: MrCoffee88 collected ($1.30)
Seat 8: w4444x folded before Flop (didn't bet)
Seat 9: h0b0man folded before Flop (didn't bet)



PokerStars Game #19571288737:  Hold'em No Limit ($0.10/$0.25) - 2008/08/12 - 19:29:40 (ET)
Table 'Pallas III' 9-max Seat #3 is the button
Seat 1: GoBucksIndy ($33.15 in chips) 
Seat 2: Menrath ($3.15 in chips) 
Seat 3: bigmama27 ($9.70 in chips) 
Seat 4: Alameda22 ($26.90 in chips) 
Seat 5: LittleORK ($13.65 in chips) 
Seat 6: peace4poker ($18.35 in chips) 
Seat 7: MrCoffee88 ($24.95 in chips) 
Seat 8: w4444x ($34.40 in chips) 
Seat 9: h0b0man ($14.05 in chips) 
Alameda22: posts small blind $0.10
LittleORK: posts big blind $0.25
*** HOLE CARDS ***
Dealt to Alameda22 [Kh 6c]
peace4poker: folds 
MrCoffee88: folds 
w4444x: folds 
h0b0man: calls $0.25
GoBucksIndy: folds 
Menrath: folds 
bigmama27: folds 
Alameda22: folds 
LittleORK: checks 
*** FLOP *** [7h 3d Th]
LittleORK: checks 
h0b0man: checks 
*** TURN *** [7h 3d Th] [8h]
LittleORK: bets $0.50
h0b0man: folds 
Uncalled bet ($0.50) returned to LittleORK
LittleORK collected $0.60 from pot
*** SUMMARY ***
Total pot $0.60 | Rake $0 
Board [7h 3d Th 8h]
Seat 1: GoBucksIndy folded before Flop (didn't bet)
Seat 2: Menrath folded before Flop (didn't bet)
Seat 3: bigmama27 (button) folded before Flop (didn't bet)
Seat 4: Alameda22 (small blind) folded before Flop
Seat 5: LittleORK (big blind) collected ($0.60)
Seat 6: peace4poker folded before Flop (didn't bet)
Seat 7: MrCoffee88 folded before Flop (didn't bet)
Seat 8: w4444x folded before Flop (didn't bet)
Seat 9: h0b0man folded on the Turn



PokerStars Game #19571303650:  Hold'em No Limit ($0.10/$0.25) - 2008/08/12 - 19:30:19 (ET)
Table 'Pallas III' 9-max Seat #4 is the button
Seat 1: GoBucksIndy ($33.15 in chips) 
Seat 2: Menrath ($3.15 in chips) 
Seat 3: bigmama27 ($9.70 in chips) 
Seat 4: Alameda22 ($26.80 in chips) 
Seat 5: LittleORK ($14 in chips) 
Seat 6: peace4poker ($18.35 in chips) 
Seat 7: MrCoffee88 ($24.95 in chips) 
Seat 8: w4444x ($34.40 in chips) 
Seat 9: h0b0man ($13.80 in chips) 
LittleORK: posts small blind $0.10
peace4poker: posts big blind $0.25
*** HOLE CARDS ***
Dealt to Alameda22 [Jc Kd]
MrCoffee88: folds 
w4444x: folds 
h0b0man: calls $0.25
GoBucksIndy: raises $1 to $1.25
Menrath: raises $1.90 to $3.15 and is all-in
bigmama27: folds 
Alameda22: folds 
LittleORK: folds 
peace4poker: folds 
h0b0man: folds 
GoBucksIndy: calls $1.90
*** FLOP *** [Qh 5c 8d]
*** TURN *** [Qh 5c 8d] [4c]
*** RIVER *** [Qh 5c 8d 4c] [5h]
*** SHOW DOWN ***
GoBucksIndy: shows [Ah 6h] (a pair of Fives)
Menrath: shows [7s Ad] (a pair of Fives)
GoBucksIndy collected $3.30 from pot
Menrath collected $3.30 from pot
*** SUMMARY ***
Total pot $6.90 | Rake $0.30 
Board [Qh 5c 8d 4c 5h]
Seat 1: GoBucksIndy showed [Ah 6h] and won ($3.30) with a pair of Fives
Seat 2: Menrath showed [7s Ad] and won ($3.30) with a pair of Fives
Seat 3: bigmama27 folded before Flop (didn't bet)
Seat 4: Alameda22 (button) folded before Flop (didn't bet)
Seat 5: LittleORK (small blind) folded before Flop
Seat 6: peace4poker (big blind) folded before Flop
Seat 7: MrCoffee88 folded before Flop (didn't bet)
Seat 8: w4444x folded before Flop (didn't bet)
Seat 9: h0b0man folded before Flop



PokerStars Game #19571320953:  Hold'em No Limit ($0.10/$0.25) - 2008/08/12 - 19:31:05 (ET)
Table 'Pallas III' 9-max Seat #5 is the button
Seat 1: GoBucksIndy ($33.30 in chips) 
Seat 2: Menrath ($3.30 in chips) 
Seat 3: bigmama27 ($9.70 in chips) 
Seat 4: Alameda22 ($26.80 in chips) 
Seat 5: LittleORK ($13.90 in chips) 
Seat 6: peace4poker ($18.10 in chips) 
Seat 7: MrCoffee88 ($24.95 in chips) 
Seat 8: w4444x ($34.40 in chips) 
Seat 9: h0b0man ($13.55 in chips) 
peace4poker: posts small blind $0.10
MrCoffee88: posts big blind $0.25
*** HOLE CARDS ***
Dealt to Alameda22 [6h Js]
w4444x: folds 
h0b0man: folds 
GoBucksIndy: folds 
Menrath: folds 
bigmama27: folds 
Alameda22: folds 
LittleORK: calls $0.25
peace4poker has timed out
peace4poker: folds 
peace4poker is sitting out
MrCoffee88: raises $1.25 to $1.50
LittleORK: folds 
Uncalled bet ($1.25) returned to MrCoffee88
MrCoffee88 collected $0.60 from pot
*** SUMMARY ***
Total pot $0.60 | Rake $0 
Seat 1: GoBucksIndy folded before Flop (didn't bet)
Seat 2: Menrath folded before Flop (didn't bet)
Seat 3: bigmama27 folded before Flop (didn't bet)
Seat 4: Alameda22 folded before Flop (didn't bet)
Seat 5: LittleORK (button) folded before Flop
Seat 6: peace4poker (small blind) folded before Flop
Seat 7: MrCoffee88 (big blind) collected ($0.60)
Seat 8: w4444x folded before Flop (didn't bet)
Seat 9: h0b0man folded before Flop (didn't bet)



PokerStars Game #19571353995:  Hold'em No Limit ($0.10/$0.25) - 2008/08/12 - 19:32:30 (ET)
Table 'Pallas III' 9-max Seat #7 is the button
Seat 1: GoBucksIndy ($33.30 in chips) 
Seat 2: Menrath ($3.30 in chips) 
Seat 3: bigmama27 ($9.70 in chips) 
Seat 4: Alameda22 ($26.80 in chips) 
Seat 5: LittleORK ($13.65 in chips) 
Seat 7: MrCoffee88 ($25.30 in chips) 
Seat 8: w4444x ($34.40 in chips) 
Seat 9: h0b0man ($13.55 in chips) 
w4444x: posts small blind $0.10
h0b0man: posts big blind $0.25
*** HOLE CARDS ***
Dealt to Alameda22 [9c 9d]
GoBucksIndy: folds 
Menrath: raises $3.05 to $3.30 and is all-in
bigmama27: folds 
Alameda22: folds 
LittleORK: folds 
MrCoffee88: folds 
w4444x: folds 
h0b0man: calls $3.05
*** FLOP *** [Kd 5d Kh]
*** TURN *** [Kd 5d Kh] [Tc]
*** RIVER *** [Kd 5d Kh Tc] [9h]
*** SHOW DOWN ***
h0b0man: shows [Kc 3s] (three of a kind, Kings)
Menrath: mucks hand 
h0b0man collected $6.40 from pot
*** SUMMARY ***
Total pot $6.70 | Rake $0.30 
Board [Kd 5d Kh Tc 9h]
Seat 1: GoBucksIndy folded before Flop (didn't bet)
Seat 2: Menrath mucked [Jc Ad]
Seat 3: bigmama27 folded before Flop (didn't bet)
Seat 4: Alameda22 folded before Flop (didn't bet)
Seat 5: LittleORK folded before Flop (didn't bet)
Seat 7: MrCoffee88 (button) folded before Flop (didn't bet)
Seat 8: w4444x (small blind) folded before Flop
Seat 9: h0b0man (big blind) showed [Kc 3s] and won ($6.40) with three of a kind, Kings



PokerStars Game #19571367932:  Hold'em No Limit ($0.10/$0.25) - 2008/08/12 - 19:33:07 (ET)
Table 'Pallas III' 9-max Seat #8 is the button
Seat 1: GoBucksIndy ($33.30 in chips) 
Seat 3: bigmama27 ($9.70 in chips) 
Seat 4: Alameda22 ($26.80 in chips) 
Seat 5: LittleORK ($13.65 in chips) 
Seat 7: MrCoffee88 ($25.30 in chips) 
Seat 8: w4444x ($34.30 in chips) 
Seat 9: h0b0man ($16.65 in chips) 
h0b0man: posts small blind $0.10
peace4poker has returned
GoBucksIndy: posts big blind $0.25
*** HOLE CARDS ***
Dealt to Alameda22 [6s Th]
Menrath leaves the table
bigmama27: folds 
Alameda22: folds 
LittleORK: raises $0.50 to $0.75
MrCoffee88: folds 
w4444x: folds 
h0b0man: calls $0.65
GoBucksIndy: calls $0.50
*** FLOP *** [4h 3s Ah]
h0b0man: bets $2.25
GoBucksIndy: calls $2.25
LittleORK: calls $2.25
*** TURN *** [4h 3s Ah] [6c]
h0b0man: bets $13.65 and is all-in
GoBucksIndy: folds 
LittleORK: calls $10.65 and is all-in
Uncalled bet ($3) returned to h0b0man
*** RIVER *** [4h 3s Ah 6c] [7d]
*** SHOW DOWN ***
h0b0man: shows [9d Ad] (a pair of Aces)
LittleORK: shows [Kd Ac] (a pair of Aces - King kicker)
LittleORK collected $28.85 from pot
*** SUMMARY ***
Total pot $30.30 | Rake $1.45 
Board [4h 3s Ah 6c 7d]
Seat 1: GoBucksIndy (big blind) folded on the Turn
Seat 3: bigmama27 folded before Flop (didn't bet)
Seat 4: Alameda22 folded before Flop (didn't bet)
Seat 5: LittleORK showed [Kd Ac] and won ($28.85) with a pair of Aces
Seat 7: MrCoffee88 folded before Flop (didn't bet)
Seat 8: w4444x (button) folded before Flop (didn't bet)
Seat 9: h0b0man (small blind) showed [9d Ad] and lost with a pair of Aces



PokerStars Game #19571393569:  Hold'em No Limit ($0.10/$0.25) - 2008/08/12 - 19:34:13 (ET)
Table 'Pallas III' 9-max Seat #9 is the button
Seat 1: GoBucksIndy ($30.30 in chips) 
Seat 3: bigmama27 ($9.70 in chips) 
Seat 4: Alameda22 ($26.80 in chips) 
Seat 5: LittleORK ($28.85 in chips) 
Seat 6: peace4poker ($18 in chips) 
Seat 7: MrCoffee88 ($25.30 in chips) 
Seat 8: w4444x ($34.30 in chips) 
Seat 9: h0b0man ($3 in chips) 
GoBucksIndy: posts small blind $0.10
bigmama27: posts big blind $0.25
*** HOLE CARDS ***
Dealt to Alameda22 [8c 7c]
Alameda22: folds 
LittleORK: folds 
peace4poker: folds 
MrCoffee88: folds 
w4444x: folds 
h0b0man: folds 
h0b0man leaves the table
daviddakid joins the table at seat #2 
GoBucksIndy: raises $0.75 to $1
bigmama27: calls $0.75
*** FLOP *** [5h Qd 4h]
GoBucksIndy: checks 
bigmama27: bets $1
GoBucksIndy: folds 
Uncalled bet ($1) returned to bigmama27
bigmama27 collected $1.90 from pot
bigmama27: doesn't show hand 
*** SUMMARY ***
Total pot $2 | Rake $0.10 
Board [5h Qd 4h]
Seat 1: GoBucksIndy (small blind) folded on the Flop
Seat 3: bigmama27 (big blind) collected ($1.90)
Seat 4: Alameda22 folded before Flop (didn't bet)
Seat 5: LittleORK folded before Flop (didn't bet)
Seat 6: peace4poker folded before Flop (didn't bet)
Seat 7: MrCoffee88 folded before Flop (didn't bet)
Seat 8: w4444x folded before Flop (didn't bet)
Seat 9: h0b0man (button) folded before Flop (didn't bet)



PokerStars Game #19571410658:  Hold'em No Limit ($0.10/$0.25) - 2008/08/12 - 19:34:57 (ET)
Table 'Pallas III' 9-max Seat #1 is the button
Seat 1: GoBucksIndy ($29.30 in chips) 
Seat 3: bigmama27 ($10.60 in chips) 
Seat 4: Alameda22 ($26.80 in chips) 
Seat 5: LittleORK ($28.85 in chips) 
Seat 6: peace4poker ($18 in chips) 
Seat 7: MrCoffee88 ($25.30 in chips) 
Seat 8: w4444x ($34.30 in chips) 
daviddakid will be allowed to play after the button
bigmama27: posts small blind $0.10
Alameda22: posts big blind $0.25
*** HOLE CARDS ***
Dealt to Alameda22 [Qh Ks]
LittleORK: calls $0.25
peace4poker: folds 
2schnauzies joins the table at seat #9 
MrCoffee88: calls $0.25
w4444x: raises $1.25 to $1.50
GoBucksIndy: folds 
bigmama27: folds 
bigmama27 is sitting out
Alameda22: folds 
LittleORK: calls $1.25
MrCoffee88: folds 
*** FLOP *** [Qd 3h 9d]
LittleORK: checks 
w4444x: bets $2
LittleORK: folds 
Uncalled bet ($2) returned to w4444x
w4444x collected $3.45 from pot
w4444x: doesn't show hand 
*** SUMMARY ***
Total pot $3.60 | Rake $0.15 
Board [Qd 3h 9d]
Seat 1: GoBucksIndy (button) folded before Flop (didn't bet)
Seat 3: bigmama27 (small blind) folded before Flop
Seat 4: Alameda22 (big blind) folded before Flop
Seat 5: LittleORK folded on the Flop
Seat 6: peace4poker folded before Flop (didn't bet)
Seat 7: MrCoffee88 folded before Flop
Seat 8: w4444x collected ($3.45)



PokerStars Game #19571429050:  Hold'em No Limit ($0.10/$0.25) - 2008/08/12 - 19:35:45 (ET)
Table 'Pallas III' 9-max Seat #4 is the button
Seat 1: GoBucksIndy ($29.30 in chips) 
Seat 2: daviddakid ($15 in chips) 
Seat 4: Alameda22 ($26.55 in chips) 
Seat 5: LittleORK ($27.35 in chips) 
Seat 6: peace4poker ($18 in chips) 
Seat 7: MrCoffee88 ($25.05 in chips) 
Seat 8: w4444x ($36.25 in chips) 
LittleORK: posts small blind $0.10
peace4poker: posts big blind $0.25
2schnauzies: sits out 
daviddakid: posts big blind $0.25
*** HOLE CARDS ***
Dealt to Alameda22 [5c 9s]
MrCoffee88: calls $0.25
w4444x: folds 
GoBucksIndy: folds 
daviddakid: checks 
Alameda22: folds 
LittleORK: folds 
peace4poker: checks 
*** FLOP *** [Kc Kh 3c]
peace4poker: checks 
MrCoffee88: checks 
daviddakid: checks 
*** TURN *** [Kc Kh 3c] [2s]
peace4poker: checks 
MrCoffee88: bets $0.25
daviddakid: folds 
bigmama27 has returned
peace4poker: folds 
Uncalled bet ($0.25) returned to MrCoffee88
MrCoffee88 collected $0.85 from pot
*** SUMMARY ***
Total pot $0.85 | Rake $0 
Board [Kc Kh 3c 2s]
Seat 1: GoBucksIndy folded before Flop (didn't bet)
Seat 2: daviddakid folded on the Turn
Seat 4: Alameda22 (button) folded before Flop (didn't bet)
Seat 5: LittleORK (small blind) folded before Flop
Seat 6: peace4poker (big blind) folded on the Turn
Seat 7: MrCoffee88 collected ($0.85)
Seat 8: w4444x folded before Flop (didn't bet)



PokerStars Game #19571448908:  Hold'em No Limit ($0.10/$0.25) - 2008/08/12 - 19:36:37 (ET)
Table 'Pallas III' 9-max Seat #5 is the button
Seat 1: GoBucksIndy ($29.30 in chips) 
Seat 2: daviddakid ($14.75 in chips) 
Seat 3: bigmama27 ($10.50 in chips) 
Seat 4: Alameda22 ($26.55 in chips) 
Seat 5: LittleORK ($27.25 in chips) 
Seat 6: peace4poker ($17.75 in chips) 
Seat 7: MrCoffee88 ($25.65 in chips) 
Seat 8: w4444x ($36.25 in chips) 
peace4poker: posts small blind $0.10
MrCoffee88: posts big blind $0.25
2schnauzies: sits out 
*** HOLE CARDS ***
Dealt to Alameda22 [Qs 8s]
w4444x: folds 
GoBucksIndy: folds 
daviddakid: calls $0.25
bigmama27: folds 
Alameda22: folds 
LittleORK: folds 
peace4poker: calls $0.15
MrCoffee88: checks 
*** FLOP *** [8c Jd 4d]
peace4poker: checks 
MrCoffee88: checks 
daviddakid: checks 
*** TURN *** [8c Jd 4d] [Qd]
peace4poker: checks 
MrCoffee88: checks 
daviddakid: checks 
*** RIVER *** [8c Jd 4d Qd] [7h]
peace4poker: checks 
MrCoffee88: bets $0.25
daviddakid: folds 
peace4poker: folds 
Uncalled bet ($0.25) returned to MrCoffee88
MrCoffee88 collected $0.75 from pot
*** SUMMARY ***
Total pot $0.75 | Rake $0 
Board [8c Jd 4d Qd 7h]
Seat 1: GoBucksIndy folded before Flop (didn't bet)
Seat 2: daviddakid folded on the River
Seat 3: bigmama27 folded before Flop (didn't bet)
Seat 4: Alameda22 folded before Flop (didn't bet)
Seat 5: LittleORK (button) folded before Flop (didn't bet)
Seat 6: peace4poker (small blind) folded on the River
Seat 7: MrCoffee88 (big blind) collected ($0.75)
Seat 8: w4444x folded before Flop (didn't bet)



PokerStars Game #19571472137:  Hold'em No Limit ($0.10/$0.25) - 2008/08/12 - 19:37:38 (ET)
Table 'Pallas III' 9-max Seat #6 is the button
Seat 1: GoBucksIndy ($29.30 in chips) 
Seat 2: daviddakid ($14.50 in chips) 
Seat 3: bigmama27 ($10.50 in chips) 
Seat 4: Alameda22 ($26.55 in chips) 
Seat 5: LittleORK ($27.25 in chips) 
Seat 6: peace4poker ($17.50 in chips) 
Seat 7: MrCoffee88 ($26.15 in chips) 
Seat 8: w4444x ($36.25 in chips) 
MrCoffee88: posts small blind $0.10
w4444x: posts big blind $0.25
2schnauzies: sits out 
*** HOLE CARDS ***
Dealt to Alameda22 [7h 2d]
GoBucksIndy: folds 
daviddakid: folds 
bigmama27: calls $0.25
Alameda22: folds 
LittleORK: folds 
peace4poker: folds 
MrCoffee88: folds 
w4444x: checks 
*** FLOP *** [3h Qc 2h]
w4444x: bets $0.50
bigmama27: calls $0.50
*** TURN *** [3h Qc 2h] [3s]
w4444x: bets $0.75
bigmama27: calls $0.75
*** RIVER *** [3h Qc 2h 3s] [Ac]
w4444x: bets $1.50
bigmama27: folds 
Uncalled bet ($1.50) returned to w4444x
w4444x collected $2.95 from pot
w4444x: doesn't show hand 
*** SUMMARY ***
Total pot $3.10 | Rake $0.15 
Board [3h Qc 2h 3s Ac]
Seat 1: GoBucksIndy folded before Flop (didn't bet)
Seat 2: daviddakid folded before Flop (didn't bet)
Seat 3: bigmama27 folded on the River
Seat 4: Alameda22 folded before Flop (didn't bet)
Seat 5: LittleORK folded before Flop (didn't bet)
Seat 6: peace4poker (button) folded before Flop (didn't bet)
Seat 7: MrCoffee88 (small blind) folded before Flop
Seat 8: w4444x (big blind) collected ($2.95)



PokerStars Game #19571490942:  Hold'em No Limit ($0.10/$0.25) - 2008/08/12 - 19:38:28 (ET)
Table 'Pallas III' 9-max Seat #7 is the button
Seat 1: GoBucksIndy ($29.30 in chips) 
Seat 2: daviddakid ($14.50 in chips) 
Seat 3: bigmama27 ($9 in chips) 
Seat 4: Alameda22 ($26.55 in chips) 
Seat 5: LittleORK ($27.25 in chips) 
Seat 6: peace4poker ($17.50 in chips) 
Seat 7: MrCoffee88 ($26.05 in chips) 
Seat 8: w4444x ($37.70 in chips) 
Seat 9: 2schnauzies ($5 in chips) 
w4444x: posts small blind $0.10
2schnauzies: posts big blind $0.25
*** HOLE CARDS ***
Dealt to Alameda22 [8h 5s]
GoBucksIndy: folds 
daviddakid: folds 
bigmama27: raises $0.75 to $1
Alameda22: folds 
LittleORK: folds 
peace4poker: folds 
MrCoffee88: folds 
w4444x: folds 
MrCoffee88 leaves the table
2schnauzies: folds 
Uncalled bet ($0.75) returned to bigmama27
bigmama27 collected $0.60 from pot
*** SUMMARY ***
Total pot $0.60 | Rake $0 
Seat 1: GoBucksIndy folded before Flop (didn't bet)
Seat 2: daviddakid folded before Flop (didn't bet)
Seat 3: bigmama27 collected ($0.60)
Seat 4: Alameda22 folded before Flop (didn't bet)
Seat 5: LittleORK folded before Flop (didn't bet)
Seat 6: peace4poker folded before Flop (didn't bet)
Seat 7: MrCoffee88 (button) folded before Flop (didn't bet)
Seat 8: w4444x (small blind) folded before Flop
Seat 9: 2schnauzies (big blind) folded before Flop



PokerStars Game #19571499660:  Hold'em No Limit ($0.10/$0.25) - 2008/08/12 - 19:38:51 (ET)
Table 'Pallas III' 9-max Seat #8 is the button
Seat 1: GoBucksIndy ($29.30 in chips) 
Seat 2: daviddakid ($14.50 in chips) 
Seat 3: bigmama27 ($9.35 in chips) 
Seat 4: Alameda22 ($26.55 in chips) 
Seat 5: LittleORK ($27.25 in chips) 
Seat 6: peace4poker ($17.50 in chips) 
Seat 8: w4444x ($37.60 in chips) 
Seat 9: 2schnauzies ($4.75 in chips) 
2schnauzies: posts small blind $0.10
GoBucksIndy: posts big blind $0.25
*** HOLE CARDS ***
Dealt to Alameda22 [6c 8s]
daviddakid: folds 
bigmama27: folds 
Alameda22: folds 
LittleORK: folds 
peace4poker: folds 
w4444x: folds 
2schnauzies: calls $0.15
GoBucksIndy: checks 
*** FLOP *** [Ah 2c Qd]
fishkarma joins the table at seat #7 
2schnauzies: checks 
GoBucksIndy: checks 
*** TURN *** [Ah 2c Qd] [9h]
2schnauzies: checks 
GoBucksIndy: checks 
*** RIVER *** [Ah 2c Qd 9h] [Jd]
2schnauzies: checks 
GoBucksIndy: checks 
*** SHOW DOWN ***
2schnauzies: shows [5s 5c] (a pair of Fives)
GoBucksIndy: mucks hand 
2schnauzies collected $0.50 from pot
*** SUMMARY ***
Total pot $0.50 | Rake $0 
Board [Ah 2c Qd 9h Jd]
Seat 1: GoBucksIndy (big blind) mucked [4h Th]
Seat 2: daviddakid folded before Flop (didn't bet)
Seat 3: bigmama27 folded before Flop (didn't bet)
Seat 4: Alameda22 folded before Flop (didn't bet)
Seat 5: LittleORK folded before Flop (didn't bet)
Seat 6: peace4poker folded before Flop (didn't bet)
Seat 8: w4444x (button) folded before Flop (didn't bet)
Seat 9: 2schnauzies (small blind) showed [5s 5c] and won ($0.50) with a pair of Fives



PokerStars Game #19571528891:  Hold'em No Limit ($0.10/$0.25) - 2008/08/12 - 19:40:06 (ET)
Table 'Pallas III' 9-max Seat #9 is the button
Seat 1: GoBucksIndy ($29.05 in chips) 
Seat 2: daviddakid ($14.50 in chips) 
Seat 3: bigmama27 ($9.35 in chips) 
Seat 4: Alameda22 ($26.55 in chips) 
Seat 5: LittleORK ($27.25 in chips) 
Seat 6: peace4poker ($17.50 in chips) 
Seat 8: w4444x ($37.60 in chips) 
Seat 9: 2schnauzies ($5 in chips) 
GoBucksIndy: posts small blind $0.10
daviddakid: posts big blind $0.25
fishkarma: sits out 
*** HOLE CARDS ***
Dealt to Alameda22 [2c 7h]
bigmama27: calls $0.25
Alameda22: folds 
LittleORK: folds 
LittleORK is sitting out
peace4poker: folds 
w4444x: folds 
2schnauzies: folds 
GoBucksIndy: calls $0.15
daviddakid: checks 
*** FLOP *** [5h 6s 9s]
GoBucksIndy: checks 
daviddakid: bets $0.50
bigmama27: calls $0.50
GoBucksIndy: calls $0.50
*** TURN *** [5h 6s 9s] [4h]
GoBucksIndy: checks 
daviddakid: bets $1
bigmama27: folds 
GoBucksIndy: calls $1
*** RIVER *** [5h 6s 9s 4h] [Ah]
GoBucksIndy: checks 
daviddakid: checks 
*** SHOW DOWN ***
GoBucksIndy: shows [6c 7s] (a pair of Sixes)
daviddakid: shows [9d Js] (a pair of Nines)
daviddakid collected $4.05 from pot
*** SUMMARY ***
Total pot $4.25 | Rake $0.20 
Board [5h 6s 9s 4h Ah]
Seat 1: GoBucksIndy (small blind) showed [6c 7s] and lost with a pair of Sixes
Seat 2: daviddakid (big blind) showed [9d Js] and won ($4.05) with a pair of Nines
Seat 3: bigmama27 folded on the Turn
Seat 4: Alameda22 folded before Flop (didn't bet)
Seat 5: LittleORK folded before Flop (didn't bet)
Seat 6: peace4poker folded before Flop (didn't bet)
Seat 8: w4444x folded before Flop (didn't bet)
Seat 9: 2schnauzies (button) folded before Flop (didn't bet)



PokerStars Game #19571548029:  Hold'em No Limit ($0.10/$0.25) - 2008/08/12 - 19:40:56 (ET)
Table 'Pallas III' 9-max Seat #1 is the button
Seat 1: GoBucksIndy ($27.30 in chips) 
Seat 2: daviddakid ($16.80 in chips) 
Seat 3: bigmama27 ($8.60 in chips) 
Seat 4: Alameda22 ($26.55 in chips) 
Seat 6: peace4poker ($17.50 in chips) 
Seat 8: w4444x ($37.60 in chips) 
Seat 9: 2schnauzies ($5 in chips) 
daviddakid: posts small blind $0.10
bigmama27: posts big blind $0.25
fishkarma: sits out 
*** HOLE CARDS ***
Dealt to Alameda22 [7s Td]
Alameda22: folds 
peace4poker: folds 
w4444x: folds 
2schnauzies: raises $0.50 to $0.75
GoBucksIndy: folds 
daviddakid: folds 
bigmama27: calls $0.50
*** FLOP *** [4h 6c 2c]
bigmama27: checks 
2schnauzies: bets $1
bigmama27: folds 
Uncalled bet ($1) returned to 2schnauzies
2schnauzies collected $1.55 from pot
*** SUMMARY ***
Total pot $1.60 | Rake $0.05 
Board [4h 6c 2c]
Seat 1: GoBucksIndy (button) folded before Flop (didn't bet)
Seat 2: daviddakid (small blind) folded before Flop
Seat 3: bigmama27 (big blind) folded on the Flop
Seat 4: Alameda22 folded before Flop (didn't bet)
Seat 6: peace4poker folded before Flop (didn't bet)
Seat 8: w4444x folded before Flop (didn't bet)
Seat 9: 2schnauzies collected ($1.55)



PokerStars Game #19571562458:  Hold'em No Limit ($0.10/$0.25) - 2008/08/12 - 19:41:34 (ET)
Table 'Pallas III' 9-max Seat #2 is the button
Seat 1: GoBucksIndy ($27.30 in chips) 
Seat 2: daviddakid ($16.70 in chips) 
Seat 3: bigmama27 ($7.85 in chips) 
Seat 4: Alameda22 ($26.55 in chips) 
Seat 6: peace4poker ($17.50 in chips) 
Seat 8: w4444x ($37.60 in chips) 
Seat 9: 2schnauzies ($5.80 in chips) 
bigmama27: posts small blind $0.10
Alameda22: posts big blind $0.25
fishkarma: sits out 
*** HOLE CARDS ***
Dealt to Alameda22 [9s 6s]
peace4poker: folds 
w4444x: folds 
2schnauzies: folds 
GoBucksIndy: folds 
daviddakid: folds 
bigmama27: folds 
Uncalled bet ($0.15) returned to Alameda22
Alameda22 collected $0.20 from pot
Alameda22: doesn't show hand 
*** SUMMARY ***
Total pot $0.20 | Rake $0 
Seat 1: GoBucksIndy folded before Flop (didn't bet)
Seat 2: daviddakid (button) folded before Flop (didn't bet)
Seat 3: bigmama27 (small blind) folded before Flop
Seat 4: Alameda22 (big blind) collected ($0.20)
Seat 6: peace4poker folded before Flop (didn't bet)
Seat 8: w4444x folded before Flop (didn't bet)
Seat 9: 2schnauzies folded before Flop (didn't bet)



PokerStars Game #19571571576:  Hold'em No Limit ($0.10/$0.25) - 2008/08/12 - 19:41:57 (ET)
Table 'Pallas III' 9-max Seat #3 is the button
Seat 1: GoBucksIndy ($27.30 in chips) 
Seat 2: daviddakid ($16.70 in chips) 
Seat 3: bigmama27 ($7.75 in chips) 
Seat 4: Alameda22 ($26.65 in chips) 
Seat 6: peace4poker ($17.50 in chips) 
Seat 8: w4444x ($37.60 in chips) 
Seat 9: 2schnauzies ($5.80 in chips) 
Alameda22: posts small blind $0.10
peace4poker: posts big blind $0.25
fishkarma: sits out 
*** HOLE CARDS ***
Dealt to Alameda22 [4c Jd]
w4444x: raises $0.75 to $1
2schnauzies: folds 
GoBucksIndy: folds 
daviddakid: folds 
bigmama27: folds 
Alameda22: folds 
peace4poker has timed out
peace4poker: folds 
Uncalled bet ($0.75) returned to w4444x
peace4poker is sitting out
w4444x collected $0.60 from pot
w4444x: doesn't show hand 
*** SUMMARY ***
Total pot $0.60 | Rake $0 
Seat 1: GoBucksIndy folded before Flop (didn't bet)
Seat 2: daviddakid folded before Flop (didn't bet)
Seat 3: bigmama27 (button) folded before Flop (didn't bet)
Seat 4: Alameda22 (small blind) folded before Flop
Seat 6: peace4poker (big blind) folded before Flop
Seat 8: w4444x collected ($0.60)
Seat 9: 2schnauzies folded before Flop (didn't bet)



PokerStars Game #19571588400:  Hold'em No Limit ($0.10/$0.25) - 2008/08/12 - 19:42:41 (ET)
Table 'Pallas III' 9-max Seat #4 is the button
Seat 1: GoBucksIndy ($27.30 in chips) 
Seat 2: daviddakid ($16.70 in chips) 
Seat 3: bigmama27 ($7.75 in chips) 
Seat 4: Alameda22 ($26.55 in chips) 
Seat 8: w4444x ($37.95 in chips) 
Seat 9: 2schnauzies ($5.80 in chips) 
fishkarma will be allowed to play after the button
w4444x: posts small blind $0.10
2schnauzies: posts big blind $0.25
*** HOLE CARDS ***
Dealt to Alameda22 [3c 5c]
GoBucksIndy: folds 
daviddakid: folds 
bigmama27: folds 
Alameda22: folds 
w4444x: folds 
Uncalled bet ($0.15) returned to 2schnauzies
2schnauzies collected $0.20 from pot
*** SUMMARY ***
Total pot $0.20 | Rake $0 
Seat 1: GoBucksIndy folded before Flop (didn't bet)
Seat 2: daviddakid folded before Flop (didn't bet)
Seat 3: bigmama27 folded before Flop (didn't bet)
Seat 4: Alameda22 (button) folded before Flop (didn't bet)
Seat 8: w4444x (small blind) folded before Flop
Seat 9: 2schnauzies (big blind) collected ($0.20)



PokerStars Game #19571594835:  Hold'em No Limit ($0.10/$0.25) - 2008/08/12 - 19:42:58 (ET)
Table 'Pallas III' 9-max Seat #8 is the button
Seat 1: GoBucksIndy ($27.30 in chips) 
Seat 2: daviddakid ($16.70 in chips) 
Seat 3: bigmama27 ($7.75 in chips) 
Seat 4: Alameda22 ($26.55 in chips) 
Seat 8: w4444x ($37.85 in chips) 
Seat 9: 2schnauzies ($5.90 in chips) 
2schnauzies: posts small blind $0.10
GoBucksIndy: posts big blind $0.25
fishkarma: sits out 
*** HOLE CARDS ***
Dealt to Alameda22 [7h 4c]
daviddakid: folds 
bigmama27: folds 
daviddakid leaves the table
Alameda22: folds 
w4444x: folds 
2schnauzies: calls $0.15
GoBucksIndy: checks 
*** FLOP *** [Jh 9c 6h]
2schnauzies: bets $0.75
GoBucksIndy: folds 
Uncalled bet ($0.75) returned to 2schnauzies
2schnauzies collected $0.50 from pot
*** SUMMARY ***
Total pot $0.50 | Rake $0 
Board [Jh 9c 6h]
Seat 1: GoBucksIndy (big blind) folded on the Flop
Seat 2: daviddakid folded before Flop (didn't bet)
Seat 3: bigmama27 folded before Flop (didn't bet)
Seat 4: Alameda22 folded before Flop (didn't bet)
Seat 8: w4444x (button) folded before Flop (didn't bet)
Seat 9: 2schnauzies (small blind) collected ($0.50)



PokerStars Game #19571607710:  Hold'em No Limit ($0.10/$0.25) - 2008/08/12 - 19:43:31 (ET)
Table 'Pallas III' 9-max Seat #9 is the button
Seat 1: GoBucksIndy ($27.05 in chips) 
Seat 3: bigmama27 ($7.75 in chips) 
Seat 4: Alameda22 ($26.55 in chips) 
Seat 8: w4444x ($37.85 in chips) 
Seat 9: 2schnauzies ($6.15 in chips) 
GoBucksIndy: posts small blind $0.10
bigmama27: posts big blind $0.25
fishkarma: sits out 
*** HOLE CARDS ***
Dealt to Alameda22 [5h 9d]
Alameda22: folds 
w4444x: raises $0.75 to $1
2schnauzies: folds 
GoBucksIndy: folds 
bigmama27: folds 
Uncalled bet ($0.75) returned to w4444x
bigmama27 is sitting out
w4444x collected $0.60 from pot
w4444x: doesn't show hand 
*** SUMMARY ***
Total pot $0.60 | Rake $0 
Seat 1: GoBucksIndy (small blind) folded before Flop
Seat 3: bigmama27 (big blind) folded before Flop
Seat 4: Alameda22 folded before Flop (didn't bet)
Seat 8: w4444x collected ($0.60)
Seat 9: 2schnauzies (button) folded before Flop (didn't bet)



PokerStars Game #19571613128:  Hold'em No Limit ($0.10/$0.25) - 2008/08/12 - 19:43:46 (ET)
Table 'Pallas III' 9-max Seat #1 is the button
Seat 1: GoBucksIndy ($26.95 in chips) 
Seat 4: Alameda22 ($26.55 in chips) 
Seat 7: fishkarma ($25 in chips) 
Seat 8: w4444x ($38.20 in chips) 
Seat 9: 2schnauzies ($6.15 in chips) 
Alameda22: posts small blind $0.10
fishkarma: posts big blind $0.25
*** HOLE CARDS ***
Dealt to Alameda22 [Qh Jc]
w4444x: folds 
2schnauzies: folds 
GoBucksIndy: folds 
Alameda22: folds 
Uncalled bet ($0.15) returned to fishkarma
fishkarma collected $0.20 from pot
*** SUMMARY ***
Total pot $0.20 | Rake $0 
Seat 1: GoBucksIndy (button) folded before Flop (didn't bet)
Seat 4: Alameda22 (small blind) folded before Flop
Seat 7: fishkarma (big blind) collected ($0.20)
Seat 8: w4444x folded before Flop (didn't bet)
Seat 9: 2schnauzies folded before Flop (didn't bet)



PokerStars Game #19571618270:  Hold'em No Limit ($0.10/$0.25) - 2008/08/12 - 19:43:59 (ET)
Table 'Pallas III' 9-max Seat #4 is the button
Seat 1: GoBucksIndy ($26.95 in chips) 
Seat 4: Alameda22 ($26.45 in chips) 
Seat 7: fishkarma ($25.10 in chips) 
Seat 8: w4444x ($38.20 in chips) 
Seat 9: 2schnauzies ($6.15 in chips) 
fishkarma: posts small blind $0.10
w4444x: posts big blind $0.25
*** HOLE CARDS ***
Dealt to Alameda22 [7s Jh]
2schnauzies: folds 
GoBucksIndy: folds 
Alameda22: folds 
fishkarma: folds 
Uncalled bet ($0.15) returned to w4444x
w4444x collected $0.20 from pot
w4444x: doesn't show hand 
*** SUMMARY ***
Total pot $0.20 | Rake $0 
Seat 1: GoBucksIndy folded before Flop (didn't bet)
Seat 4: Alameda22 (button) folded before Flop (didn't bet)
Seat 7: fishkarma (small blind) folded before Flop
Seat 8: w4444x (big blind) collected ($0.20)
Seat 9: 2schnauzies folded before Flop (didn't bet)



PokerStars Game #19571625679:  Hold'em No Limit ($0.10/$0.25) - 2008/08/12 - 19:44:19 (ET)
Table 'Pallas III' 9-max Seat #7 is the button
Seat 1: GoBucksIndy ($26.95 in chips) 
Seat 4: Alameda22 ($26.45 in chips) 
Seat 7: fishkarma ($25 in chips) 
Seat 8: w4444x ($38.30 in chips) 
Seat 9: 2schnauzies ($6.15 in chips) 
w4444x: posts small blind $0.10
2schnauzies: posts big blind $0.25
*** HOLE CARDS ***
Dealt to Alameda22 [3d Ad]
GoBucksIndy: folds 
Alameda22: folds 
fishkarma: folds 
w4444x: folds 
Uncalled bet ($0.15) returned to 2schnauzies
2schnauzies collected $0.20 from pot
*** SUMMARY ***
Total pot $0.20 | Rake $0 
Seat 1: GoBucksIndy folded before Flop (didn't bet)
Seat 4: Alameda22 folded before Flop (didn't bet)
Seat 7: fishkarma (button) folded before Flop (didn't bet)
Seat 8: w4444x (small blind) folded before Flop
Seat 9: 2schnauzies (big blind) collected ($0.20)



PokerStars Game #19571633981:  Hold'em No Limit ($0.10/$0.25) - 2008/08/12 - 19:44:40 (ET)
Table 'Pallas III' 9-max Seat #8 is the button
Seat 1: GoBucksIndy ($26.95 in chips) 
Seat 4: Alameda22 ($26.45 in chips) 
Seat 7: fishkarma ($25 in chips) 
Seat 8: w4444x ($38.20 in chips) 
Seat 9: 2schnauzies ($6.25 in chips) 
peace4poker has returned
2schnauzies: posts small blind $0.10
GoBucksIndy: posts big blind $0.25
*** HOLE CARDS ***
Dealt to Alameda22 [Ah 3d]
Alameda22: folds 
fishkarma: folds 
w4444x: folds 
2schnauzies: calls $0.15
GoBucksIndy: checks 
*** FLOP *** [2s Tc 3h]
2schnauzies: bets $0.75
GoBucksIndy: folds 
Uncalled bet ($0.75) returned to 2schnauzies
2schnauzies collected $0.50 from pot
*** SUMMARY ***
Total pot $0.50 | Rake $0 
Board [2s Tc 3h]
Seat 1: GoBucksIndy (big blind) folded on the Flop
Seat 4: Alameda22 folded before Flop (didn't bet)
Seat 7: fishkarma folded before Flop (didn't bet)
Seat 8: w4444x (button) folded before Flop (didn't bet)
Seat 9: 2schnauzies (small blind) collected ($0.50)



PokerStars Game #19571642366:  Hold'em No Limit ($0.10/$0.25) - 2008/08/12 - 19:45:02 (ET)
Table 'Pallas III' 9-max Seat #9 is the button
Seat 1: GoBucksIndy ($26.70 in chips) 
Seat 4: Alameda22 ($26.45 in chips) 
Seat 7: fishkarma ($25 in chips) 
Seat 8: w4444x ($38.20 in chips) 
Seat 9: 2schnauzies ($6.50 in chips) 
GoBucksIndy: posts small blind $0.10
Alameda22: posts big blind $0.25
peace4poker: sits out 
*** HOLE CARDS ***
Dealt to Alameda22 [5d 3d]
fishkarma: folds 
w4444x: folds 
2schnauzies: folds 
2schnauzies leaves the table
GoBucksIndy: calls $0.15
Alameda22: checks 
*** FLOP *** [Ks Jd 2c]
GoBucksIndy: checks 
Alameda22: checks 
*** TURN *** [Ks Jd 2c] [6h]
GoBucksIndy: checks 
Alameda22: checks 
*** RIVER *** [Ks Jd 2c 6h] [Ts]
GoBucksIndy: checks 
Alameda22: checks 
*** SHOW DOWN ***
GoBucksIndy: shows [9s 7h] (high card King)
Alameda22: mucks hand 
GoBucksIndy collected $0.50 from pot
*** SUMMARY ***
Total pot $0.50 | Rake $0 
Board [Ks Jd 2c 6h Ts]
Seat 1: GoBucksIndy (small blind) showed [9s 7h] and won ($0.50) with high card King
Seat 4: Alameda22 (big blind) mucked [5d 3d]
Seat 7: fishkarma folded before Flop (didn't bet)
Seat 8: w4444x folded before Flop (didn't bet)
Seat 9: 2schnauzies (button) folded before Flop (didn't bet)



PokerStars Game #19571657998:  Hold'em No Limit ($0.10/$0.25) - 2008/08/12 - 19:45:44 (ET)
Table 'Pallas III' 9-max Seat #1 is the button
Seat 1: GoBucksIndy ($26.95 in chips) 
Seat 4: Alameda22 ($26.20 in chips) 
Seat 6: peace4poker ($17.25 in chips) 
Seat 7: fishkarma ($25 in chips) 
Seat 8: w4444x ($38.20 in chips) 
Alameda22: posts small blind $0.10
peace4poker: posts big blind $0.25
*** HOLE CARDS ***
Dealt to Alameda22 [Th 7s]
fishkarma: folds 
w4444x: folds 
GoBucksIndy: raises $0.75 to $1
Alameda22: folds 
bigmama27 has returned
peace4poker: folds 
Uncalled bet ($0.75) returned to GoBucksIndy
GoBucksIndy collected $0.60 from pot
GoBucksIndy: doesn't show hand 
*** SUMMARY ***
Total pot $0.60 | Rake $0 
Seat 1: GoBucksIndy (button) collected ($0.60)
Seat 4: Alameda22 (small blind) folded before Flop
Seat 6: peace4poker (big blind) folded before Flop
Seat 7: fishkarma folded before Flop (didn't bet)
Seat 8: w4444x folded before Flop (didn't bet)



PokerStars Game #19571673446:  Hold'em No Limit ($0.10/$0.25) - 2008/08/12 - 19:46:25 (ET)
Table 'Pallas III' 9-max Seat #4 is the button
Seat 1: GoBucksIndy ($27.30 in chips) 
Seat 4: Alameda22 ($26.10 in chips) 
Seat 6: peace4poker ($17 in chips) 
Seat 7: fishkarma ($25 in chips) 
Seat 8: w4444x ($38.20 in chips) 
peace4poker: posts small blind $0.10
fishkarma: posts big blind $0.25
bigmama27: sits out 
*** HOLE CARDS ***
Dealt to Alameda22 [2d Qh]
w4444x: folds 
GoBucksIndy: folds 
Alameda22: folds 
peace4poker: folds 
Uncalled bet ($0.15) returned to fishkarma
fishkarma collected $0.20 from pot
*** SUMMARY ***
Total pot $0.20 | Rake $0 
Seat 1: GoBucksIndy folded before Flop (didn't bet)
Seat 4: Alameda22 (button) folded before Flop (didn't bet)
Seat 6: peace4poker (small blind) folded before Flop
Seat 7: fishkarma (big blind) collected ($0.20)
Seat 8: w4444x folded before Flop (didn't bet)



PokerStars Game #19571678276:  Hold'em No Limit ($0.10/$0.25) - 2008/08/12 - 19:46:38 (ET)
Table 'Pallas III' 9-max Seat #6 is the button
Seat 1: GoBucksIndy ($27.30 in chips) 
Seat 3: bigmama27 ($7.50 in chips) 
Seat 4: Alameda22 ($26.10 in chips) 
Seat 6: peace4poker ($16.90 in chips) 
Seat 7: fishkarma ($25.10 in chips) 
Seat 8: w4444x ($38.20 in chips) 
fishkarma: posts small blind $0.10
w4444x: posts big blind $0.25
bigmama27: posts small & big blinds $0.35
*** HOLE CARDS ***
Dealt to Alameda22 [Ah 9h]
GoBucksIndy: folds 
bigmama27: checks 
Alameda22: folds 
peace4poker: folds 
fishkarma: calls $0.15
w4444x: checks 
*** FLOP *** [Ts 7d 8s]
fishkarma: bets $0.75
w4444x: calls $0.75
bigmama27: calls $0.75
*** TURN *** [Ts 7d 8s] [9s]
fishkarma: checks 
w4444x: checks 
bigmama27: bets $1
fishkarma: folds 
w4444x: calls $1
*** RIVER *** [Ts 7d 8s 9s] [4h]
w4444x: checks 
bigmama27: bets $1.50
w4444x: calls $1.50
*** SHOW DOWN ***
bigmama27: shows [6s 5h] (a straight, Six to Ten)
w4444x: mucks hand 
bigmama27 collected $7.75 from pot
*** SUMMARY ***
Total pot $8.10 | Rake $0.35 
Board [Ts 7d 8s 9s 4h]
Seat 1: GoBucksIndy folded before Flop (didn't bet)
Seat 3: bigmama27 showed [6s 5h] and won ($7.75) with a straight, Six to Ten
Seat 4: Alameda22 folded before Flop (didn't bet)
Seat 6: peace4poker (button) folded before Flop (didn't bet)
Seat 7: fishkarma (small blind) folded on the Turn
Seat 8: w4444x (big blind) mucked [9d 7c]



PokerStars Game #19571706056:  Hold'em No Limit ($0.10/$0.25) - 2008/08/12 - 19:47:52 (ET)
Table 'Pallas III' 9-max Seat #7 is the button
Seat 1: GoBucksIndy ($27.30 in chips) 
Seat 3: bigmama27 ($11.65 in chips) 
Seat 4: Alameda22 ($26.10 in chips) 
Seat 6: peace4poker ($16.90 in chips) 
Seat 7: fishkarma ($24.10 in chips) 
Seat 8: w4444x ($34.70 in chips) 
w4444x: posts small blind $0.10
GoBucksIndy: posts big blind $0.25
*** HOLE CARDS ***
Dealt to Alameda22 [Jh 3d]
bigmama27: folds 
Alameda22: folds 
peace4poker: folds 
fishkarma: folds 
w4444x: folds 
Uncalled bet ($0.15) returned to GoBucksIndy
meathead68 joins the table at seat #2 
GoBucksIndy collected $0.20 from pot
GoBucksIndy: doesn't show hand 
*** SUMMARY ***
Total pot $0.20 | Rake $0 
Seat 1: GoBucksIndy (big blind) collected ($0.20)
Seat 3: bigmama27 folded before Flop (didn't bet)
Seat 4: Alameda22 folded before Flop (didn't bet)
Seat 6: peace4poker folded before Flop (didn't bet)
Seat 7: fishkarma (button) folded before Flop (didn't bet)
Seat 8: w4444x (small blind) folded before Flop



PokerStars Game #19571713136:  Hold'em No Limit ($0.10/$0.25) - 2008/08/12 - 19:48:10 (ET)
Table 'Pallas III' 9-max Seat #8 is the button
Seat 1: GoBucksIndy ($27.40 in chips) 
Seat 2: meathead68 ($15 in chips) 
Seat 3: bigmama27 ($11.65 in chips) 
Seat 4: Alameda22 ($26.10 in chips) 
Seat 6: peace4poker ($16.90 in chips) 
Seat 7: fishkarma ($24.10 in chips) 
Seat 8: w4444x ($34.60 in chips) 
GoBucksIndy: posts small blind $0.10
meathead68: posts big blind $0.25
*** HOLE CARDS ***
Dealt to Alameda22 [Jd 3c]
bigmama27: folds 
Alameda22: folds 
peace4poker: folds 
fishkarma: raises $0.75 to $1
w4444x: folds 
GoBucksIndy: folds 
meathead68: folds 
Uncalled bet ($0.75) returned to fishkarma
fishkarma collected $0.60 from pot
*** SUMMARY ***
Total pot $0.60 | Rake $0 
Seat 1: GoBucksIndy (small blind) folded before Flop
Seat 2: meathead68 (big blind) folded before Flop
Seat 3: bigmama27 folded before Flop (didn't bet)
Seat 4: Alameda22 folded before Flop (didn't bet)
Seat 6: peace4poker folded before Flop (didn't bet)
Seat 7: fishkarma collected ($0.60)
Seat 8: w4444x (button) folded before Flop (didn't bet)



PokerStars Game #19571727367:  Hold'em No Limit ($0.10/$0.25) - 2008/08/12 - 19:48:48 (ET)
Table 'Pallas III' 9-max Seat #1 is the button
Seat 1: GoBucksIndy ($27.30 in chips) 
Seat 2: meathead68 ($14.75 in chips) 
Seat 3: bigmama27 ($11.65 in chips) 
Seat 4: Alameda22 ($26.10 in chips) 
Seat 6: peace4poker ($16.90 in chips) 
Seat 7: fishkarma ($24.45 in chips) 
Seat 8: w4444x ($34.60 in chips) 
meathead68: posts small blind $0.10
bigmama27: posts big blind $0.25
*** HOLE CARDS ***
Dealt to Alameda22 [Ts Qd]
Alameda22: folds 
peace4poker: folds 
fishkarma: calls $0.25
w4444x: folds 
GoBucksIndy: folds 
meathead68: folds 
bigmama27: checks 
*** FLOP *** [Jc 6c 8d]
bigmama27: checks 
dannyrmcphee joins the table at seat #9 
fishkarma: checks 
*** TURN *** [Jc 6c 8d] [Kh]
bigmama27: checks 
fishkarma: checks 
*** RIVER *** [Jc 6c 8d Kh] [Qh]
bigmama27: checks 
fishkarma: checks 
*** SHOW DOWN ***
bigmama27: shows [5h 9s] (high card King)
fishkarma: shows [7h Ah] (high card Ace)
fishkarma collected $0.60 from pot
*** SUMMARY ***
Total pot $0.60 | Rake $0 
Board [Jc 6c 8d Kh Qh]
Seat 1: GoBucksIndy (button) folded before Flop (didn't bet)
Seat 2: meathead68 (small blind) folded before Flop
Seat 3: bigmama27 (big blind) showed [5h 9s] and lost with high card King
Seat 4: Alameda22 folded before Flop (didn't bet)
Seat 6: peace4poker folded before Flop (didn't bet)
Seat 7: fishkarma showed [7h Ah] and won ($0.60) with high card Ace
Seat 8: w4444x folded before Flop (didn't bet)



PokerStars Game #19571740999:  Hold'em No Limit ($0.10/$0.25) - 2008/08/12 - 19:49:24 (ET)
Table 'Pallas III' 9-max Seat #2 is the button
Seat 1: GoBucksIndy ($27.30 in chips) 
Seat 2: meathead68 ($14.65 in chips) 
Seat 3: bigmama27 ($11.40 in chips) 
Seat 4: Alameda22 ($26.10 in chips) 
Seat 6: peace4poker ($16.90 in chips) 
Seat 7: fishkarma ($24.80 in chips) 
Seat 8: w4444x ($34.60 in chips) 
bigmama27: posts small blind $0.10
Alameda22: posts big blind $0.25
dannyrmcphee: sits out 
*** HOLE CARDS ***
Dealt to Alameda22 [8c Kd]
peace4poker: folds 
fishkarma: folds 
w4444x: folds 
GoBucksIndy: folds 
meathead68: calls $0.25
bigmama27: folds 
Alameda22: checks 
*** FLOP *** [Ts 4h 2h]
Alameda22: checks 
meathead68: bets $0.25
Alameda22: folds 
Uncalled bet ($0.25) returned to meathead68
meathead68 collected $0.60 from pot
meathead68 is sitting out
meathead68: doesn't show hand 
*** SUMMARY ***
Total pot $0.60 | Rake $0 
Board [Ts 4h 2h]
Seat 1: GoBucksIndy folded before Flop (didn't bet)
Seat 2: meathead68 (button) collected ($0.60)
Seat 3: bigmama27 (small blind) folded before Flop
Seat 4: Alameda22 (big blind) folded on the Flop
Seat 6: peace4poker folded before Flop (didn't bet)
Seat 7: fishkarma folded before Flop (didn't bet)
Seat 8: w4444x folded before Flop (didn't bet)



PokerStars Game #19571761402:  Hold'em No Limit ($0.10/$0.25) - 2008/08/12 - 19:50:18 (ET)
Table 'Pallas III' 9-max Seat #3 is the button
Seat 1: GoBucksIndy ($27.30 in chips) 
Seat 3: bigmama27 ($11.30 in chips) 
Seat 4: Alameda22 ($25.85 in chips) 
Seat 6: peace4poker ($16.90 in chips) 
Seat 7: fishkarma ($24.80 in chips) 
Seat 8: w4444x ($34.60 in chips) 
Alameda22: posts small blind $0.10
peace4poker: posts big blind $0.25
dannyrmcphee: sits out 
*** HOLE CARDS ***
Dealt to Alameda22 [Qs 9h]
fishkarma: folds 
w4444x: folds 
GoBucksIndy: folds 
bigmama27: folds 
Alameda22: folds 
Uncalled bet ($0.15) returned to peace4poker
peace4poker collected $0.20 from pot
*** SUMMARY ***
Total pot $0.20 | Rake $0 
Seat 1: GoBucksIndy folded before Flop (didn't bet)
Seat 3: bigmama27 (button) folded before Flop (didn't bet)
Seat 4: Alameda22 (small blind) folded before Flop
Seat 6: peace4poker (big blind) collected ($0.20)
Seat 7: fishkarma folded before Flop (didn't bet)
Seat 8: w4444x folded before Flop (didn't bet)



PokerStars Game #19571768379:  Hold'em No Limit ($0.10/$0.25) - 2008/08/12 - 19:50:36 (ET)
Table 'Pallas III' 9-max Seat #4 is the button
Seat 1: GoBucksIndy ($27.30 in chips) 
Seat 3: bigmama27 ($11.30 in chips) 
Seat 4: Alameda22 ($25.75 in chips) 
Seat 6: peace4poker ($17 in chips) 
Seat 7: fishkarma ($24.80 in chips) 
Seat 8: w4444x ($34.60 in chips) 
LittleORK was removed from the table for failing to post
peace4poker: posts small blind $0.10
fishkarma: posts big blind $0.25
dannyrmcphee: sits out 
*** HOLE CARDS ***
Dealt to Alameda22 [Jh 8s]
w4444x: folds 
GoBucksIndy: raises $0.75 to $1
bigmama27: calls $1
Alameda22: folds 
peace4poker: folds 
fishkarma: folds 
*** FLOP *** [Qd 7s 9h]
GoBucksIndy: bets $1.50
bigmama27: folds 
Uncalled bet ($1.50) returned to GoBucksIndy
RaoulDuke 24 joins the table at seat #5 
GoBucksIndy collected $2.25 from pot
GoBucksIndy: doesn't show hand 
*** SUMMARY ***
Total pot $2.35 | Rake $0.10 
Board [Qd 7s 9h]
Seat 1: GoBucksIndy collected ($2.25)
Seat 3: bigmama27 folded on the Flop
Seat 4: Alameda22 (button) folded before Flop (didn't bet)
Seat 6: peace4poker (small blind) folded before Flop
Seat 7: fishkarma (big blind) folded before Flop
Seat 8: w4444x folded before Flop (didn't bet)



PokerStars Game #19571782872:  Hold'em No Limit ($0.10/$0.25) - 2008/08/12 - 19:51:14 (ET)
Table 'Pallas III' 9-max Seat #6 is the button
Seat 1: GoBucksIndy ($28.55 in chips) 
Seat 3: bigmama27 ($10.30 in chips) 
Seat 4: Alameda22 ($25.75 in chips) 
Seat 6: peace4poker ($16.90 in chips) 
Seat 7: fishkarma ($24.55 in chips) 
Seat 8: w4444x ($34.60 in chips) 
fishkarma: posts small blind $0.10
w4444x: posts big blind $0.25
dannyrmcphee: sits out 
RaoulDuke 24: sits out 
*** HOLE CARDS ***
Dealt to Alameda22 [8c Ah]
GoBucksIndy: raises $0.75 to $1
bigmama27: folds 
Alameda22: folds 
peace4poker: folds 
fishkarma: calls $0.90
w4444x: folds 
*** FLOP *** [Qh 4c 4s]
fishkarma: checks 
GoBucksIndy: bets $1.50
fishkarma: folds 
Uncalled bet ($1.50) returned to GoBucksIndy
GoBucksIndy collected $2.15 from pot
GoBucksIndy: doesn't show hand 
*** SUMMARY ***
Total pot $2.25 | Rake $0.10 
Board [Qh 4c 4s]
Seat 1: GoBucksIndy collected ($2.15)
Seat 3: bigmama27 folded before Flop (didn't bet)
Seat 4: Alameda22 folded before Flop (didn't bet)
Seat 6: peace4poker (button) folded before Flop (didn't bet)
Seat 7: fishkarma (small blind) folded on the Flop
Seat 8: w4444x (big blind) folded before Flop



PokerStars Game #19571800102:  Hold'em No Limit ($0.10/$0.25) - 2008/08/12 - 19:52:00 (ET)
Table 'Pallas III' 9-max Seat #7 is the button
Seat 1: GoBucksIndy ($29.70 in chips) 
Seat 3: bigmama27 ($10.30 in chips) 
Seat 4: Alameda22 ($25.75 in chips) 
Seat 5: RaoulDuke 24 ($15 in chips) 
Seat 6: peace4poker ($16.90 in chips) 
Seat 7: fishkarma ($23.55 in chips) 
Seat 8: w4444x ($34.35 in chips) 
Seat 9: dannyrmcphee ($15 in chips) 
w4444x: posts small blind $0.10
dannyrmcphee: posts big blind $0.25
RaoulDuke 24: posts big blind $0.25
*** HOLE CARDS ***
Dealt to Alameda22 [2h 9c]
GoBucksIndy: folds 
bigmama27: folds 
Alameda22: folds 
RaoulDuke 24: checks 
peace4poker: folds 
fishkarma: folds 
w4444x: raises $0.75 to $1
dannyrmcphee: folds 
RaoulDuke 24: folds 
Uncalled bet ($0.75) returned to w4444x
w4444x collected $0.75 from pot
w4444x: doesn't show hand 
*** SUMMARY ***
Total pot $0.75 | Rake $0 
Seat 1: GoBucksIndy folded before Flop (didn't bet)
Seat 3: bigmama27 folded before Flop (didn't bet)
Seat 4: Alameda22 folded before Flop (didn't bet)
Seat 5: RaoulDuke 24 folded before Flop
Seat 6: peace4poker folded before Flop (didn't bet)
Seat 7: fishkarma (button) folded before Flop (didn't bet)
Seat 8: w4444x (small blind) collected ($0.75)
Seat 9: dannyrmcphee (big blind) folded before Flop



PokerStars Game #19571815383:  Hold'em No Limit ($0.10/$0.25) - 2008/08/12 - 19:52:41 (ET)
Table 'Pallas III' 9-max Seat #8 is the button
Seat 1: GoBucksIndy ($29.70 in chips) 
Seat 3: bigmama27 ($10.30 in chips) 
Seat 4: Alameda22 ($25.75 in chips) 
Seat 5: RaoulDuke 24 ($14.75 in chips) 
Seat 6: peace4poker ($16.90 in chips) 
Seat 7: fishkarma ($23.55 in chips) 
Seat 8: w4444x ($34.85 in chips) 
Seat 9: dannyrmcphee ($14.75 in chips) 
dannyrmcphee: posts small blind $0.10
GoBucksIndy: posts big blind $0.25
*** HOLE CARDS ***
Dealt to Alameda22 [Th Qh]
bigmama27: folds 
Alameda22: folds 
RaoulDuke 24: calls $0.25
peace4poker: folds 
fishkarma: folds 
w4444x: folds 
dannyrmcphee: folds 
GoBucksIndy: checks 
*** FLOP *** [4s 8s Ah]
GoBucksIndy: checks 
RaoulDuke 24: checks 
*** TURN *** [4s 8s Ah] [Ks]
GoBucksIndy: bets $0.50
RaoulDuke 24: calls $0.50
*** RIVER *** [4s 8s Ah Ks] [5c]
GoBucksIndy: bets $2
RaoulDuke 24: calls $2
*** SHOW DOWN ***
GoBucksIndy: shows [Ts 2s] (a flush, King high)
RaoulDuke 24: mucks hand 
GoBucksIndy collected $5.35 from pot
*** SUMMARY ***
Total pot $5.60 | Rake $0.25 
Board [4s 8s Ah Ks 5c]
Seat 1: GoBucksIndy (big blind) showed [Ts 2s] and won ($5.35) with a flush, King high
Seat 3: bigmama27 folded before Flop (didn't bet)
Seat 4: Alameda22 folded before Flop (didn't bet)
Seat 5: RaoulDuke 24 mucked [Kd 7s]
Seat 6: peace4poker folded before Flop (didn't bet)
Seat 7: fishkarma folded before Flop (didn't bet)
Seat 8: w4444x (button) folded before Flop (didn't bet)
Seat 9: dannyrmcphee (small blind) folded before Flop



PokerStars Game #19571839702:  Hold'em No Limit ($0.10/$0.25) - 2008/08/12 - 19:53:46 (ET)
Table 'Pallas III' 9-max Seat #9 is the button
Seat 1: GoBucksIndy ($32.30 in chips) 
Seat 3: bigmama27 ($10.30 in chips) 
Seat 4: Alameda22 ($25.75 in chips) 
Seat 5: RaoulDuke 24 ($12 in chips) 
Seat 6: peace4poker ($16.90 in chips) 
Seat 7: fishkarma ($23.55 in chips) 
Seat 8: w4444x ($34.85 in chips) 
Seat 9: dannyrmcphee ($14.65 in chips) 
GoBucksIndy: posts small blind $0.10
bigmama27: posts big blind $0.25
*** HOLE CARDS ***
Dealt to Alameda22 [9c Ks]
Alameda22: folds 
RaoulDuke 24: raises $0.25 to $0.50
peace4poker: calls $0.50
fishkarma: folds 
w4444x: folds 
dannyrmcphee: folds 
meathead68 has returned
GoBucksIndy: folds 
bigmama27: calls $0.25
*** FLOP *** [Jc Kd 3h]
bigmama27: checks 
RaoulDuke 24: checks 
peace4poker: bets $0.75
bigmama27: folds 
RaoulDuke 24: calls $0.75
*** TURN *** [Jc Kd 3h] [6d]
RaoulDuke 24: checks 
peace4poker: checks 
*** RIVER *** [Jc Kd 3h 6d] [2d]
RaoulDuke 24: checks 
peace4poker: bets $0.75
RaoulDuke 24: folds 
Uncalled bet ($0.75) returned to peace4poker
peace4poker collected $2.95 from pot
*** SUMMARY ***
Total pot $3.10 | Rake $0.15 
Board [Jc Kd 3h 6d 2d]
Seat 1: GoBucksIndy (small blind) folded before Flop
Seat 3: bigmama27 (big blind) folded on the Flop
Seat 4: Alameda22 folded before Flop (didn't bet)
Seat 5: RaoulDuke 24 folded on the River
Seat 6: peace4poker collected ($2.95)
Seat 7: fishkarma folded before Flop (didn't bet)
Seat 8: w4444x folded before Flop (didn't bet)
Seat 9: dannyrmcphee (button) folded before Flop (didn't bet)



PokerStars Game #19571869436:  Hold'em No Limit ($0.10/$0.25) - 2008/08/12 - 19:55:05 (ET)
Table 'Pallas III' 9-max Seat #1 is the button
Seat 1: GoBucksIndy ($32.20 in chips) 
Seat 3: bigmama27 ($9.80 in chips) 
Seat 4: Alameda22 ($25.75 in chips) 
Seat 5: RaoulDuke 24 ($10.75 in chips) 
Seat 6: peace4poker ($18.60 in chips) 
Seat 7: fishkarma ($23.55 in chips) 
Seat 8: w4444x ($34.85 in chips) 
Seat 9: dannyrmcphee ($14.65 in chips) 
meathead68 will be allowed to play after the button
bigmama27: posts small blind $0.10
Alameda22: posts big blind $0.25
*** HOLE CARDS ***
Dealt to Alameda22 [5c Ah]
RaoulDuke 24: folds 
peace4poker: folds 
fishkarma: folds 
w4444x has timed out
w4444x: folds 
w4444x is sitting out
dannyrmcphee: folds 
GoBucksIndy: folds 
bigmama27: folds 
Uncalled bet ($0.15) returned to Alameda22
Alameda22 collected $0.20 from pot
Alameda22: doesn't show hand 
w4444x leaves the table
*** SUMMARY ***
Total pot $0.20 | Rake $0 
Seat 1: GoBucksIndy (button) folded before Flop (didn't bet)
Seat 3: bigmama27 (small blind) folded before Flop
Seat 4: Alameda22 (big blind) collected ($0.20)
Seat 5: RaoulDuke 24 folded before Flop (didn't bet)
Seat 6: peace4poker folded before Flop (didn't bet)
Seat 7: fishkarma folded before Flop (didn't bet)
Seat 8: w4444x folded before Flop (didn't bet)
Seat 9: dannyrmcphee folded before Flop (didn't bet)



PokerStars Game #19571881437:  Hold'em No Limit ($0.10/$0.25) - 2008/08/12 - 19:55:37 (ET)
Table 'Pallas III' 9-max Seat #3 is the button
Seat 1: GoBucksIndy ($32.20 in chips) 
Seat 2: meathead68 ($15 in chips) 
Seat 3: bigmama27 ($9.70 in chips) 
Seat 4: Alameda22 ($25.85 in chips) 
Seat 5: RaoulDuke 24 ($10.75 in chips) 
Seat 6: peace4poker ($18.60 in chips) 
Seat 7: fishkarma ($23.55 in chips) 
Seat 9: dannyrmcphee ($14.65 in chips) 
Alameda22: posts small blind $0.10
RaoulDuke 24: posts big blind $0.25
meathead68: posts small & big blinds $0.35
*** HOLE CARDS ***
Dealt to Alameda22 [7s 8s]
peace4poker: folds 
fishkarma: folds 
dannyrmcphee: folds 
GoBucksIndy: folds 
meathead68: checks 
bigmama27: folds 
LittleORK joins the table at seat #8 
Alameda22: folds 
RaoulDuke 24: checks 
*** FLOP *** [Ah 5h Ac]
RaoulDuke 24: checks 
meathead68: checks 
*** TURN *** [Ah 5h Ac] [4d]
RaoulDuke 24: checks 
meathead68: checks 
*** RIVER *** [Ah 5h Ac 4d] [3d]
RaoulDuke 24: checks 
meathead68: bets $0.50
RaoulDuke 24: calls $0.50
*** SHOW DOWN ***
meathead68: shows [2h Td] (a straight, Ace to Five)
RaoulDuke 24: mucks hand 
meathead68 collected $1.65 from pot
*** SUMMARY ***
Total pot $1.70 | Rake $0.05 
Board [Ah 5h Ac 4d 3d]
Seat 1: GoBucksIndy folded before Flop (didn't bet)
Seat 2: meathead68 showed [2h Td] and won ($1.65) with a straight, Ace to Five
Seat 3: bigmama27 (button) folded before Flop (didn't bet)
Seat 4: Alameda22 (small blind) folded before Flop
Seat 5: RaoulDuke 24 (big blind) mucked [Jh 4c]
Seat 6: peace4poker folded before Flop (didn't bet)
Seat 7: fishkarma folded before Flop (didn't bet)
Seat 9: dannyrmcphee folded before Flop (didn't bet)



PokerStars Game #19571898549:  Hold'em No Limit ($0.10/$0.25) - 2008/08/12 - 19:56:23 (ET)
Table 'Pallas III' 9-max Seat #4 is the button
Seat 1: GoBucksIndy ($32.20 in chips) 
Seat 2: meathead68 ($15.80 in chips) 
Seat 3: bigmama27 ($9.70 in chips) 
Seat 4: Alameda22 ($25.75 in chips) 
Seat 5: RaoulDuke 24 ($10 in chips) 
Seat 6: peace4poker ($18.60 in chips) 
Seat 7: fishkarma ($23.55 in chips) 
Seat 9: dannyrmcphee ($14.65 in chips) 
RaoulDuke 24: posts small blind $0.10
peace4poker: posts big blind $0.25
LittleORK: sits out 
*** HOLE CARDS ***
Dealt to Alameda22 [Kc Jh]
fishkarma: folds 
dannyrmcphee: calls $0.25
GoBucksIndy: folds 
meathead68: folds 
bigmama27: calls $0.25
Alameda22 has timed out
Alameda22: folds 
Alameda22 is sitting out
Alameda22 has returned
RaoulDuke 24: calls $0.15
peace4poker: checks 
*** FLOP *** [3h 9c Kd]
RaoulDuke 24: checks 
peace4poker: checks 
dannyrmcphee: checks 
bigmama27: checks 
*** TURN *** [3h 9c Kd] [7c]
RaoulDuke 24: checks 
peace4poker: checks 
dannyrmcphee: checks 
bigmama27: checks 
*** RIVER *** [3h 9c Kd 7c] [6h]
RaoulDuke 24: checks 
peace4poker: checks 
dannyrmcphee: checks 
bigmama27: checks 
*** SHOW DOWN ***
RaoulDuke 24: shows [As 6d] (a pair of Sixes)
peace4poker: shows [7h 5c] (a pair of Sevens)
dannyrmcphee: mucks hand 
bigmama27: mucks hand 
peace4poker collected $0.95 from pot
*** SUMMARY ***
Total pot $1 | Rake $0.05 
Board [3h 9c Kd 7c 6h]
Seat 1: GoBucksIndy folded before Flop (didn't bet)
Seat 2: meathead68 folded before Flop (didn't bet)
Seat 3: bigmama27 mucked [2s 2d]
Seat 4: Alameda22 (button) folded before Flop (didn't bet)
Seat 5: RaoulDuke 24 (small blind) showed [As 6d] and lost with a pair of Sixes
Seat 6: peace4poker (big blind) showed [7h 5c] and won ($0.95) with a pair of Sevens
Seat 7: fishkarma folded before Flop (didn't bet)
Seat 9: dannyrmcphee mucked [4c Ah]



PokerStars Game #19571934391:  Hold'em No Limit ($0.10/$0.25) - 2008/08/12 - 19:57:59 (ET)
Table 'Pallas III' 9-max Seat #5 is the button
Seat 1: GoBucksIndy ($32.20 in chips) 
Seat 2: meathead68 ($15.80 in chips) 
Seat 3: bigmama27 ($9.45 in chips) 
Seat 4: Alameda22 ($25.75 in chips) 
Seat 5: RaoulDuke 24 ($9.75 in chips) 
Seat 6: peace4poker ($19.30 in chips) 
Seat 7: fishkarma ($23.55 in chips) 
Seat 9: dannyrmcphee ($14.40 in chips) 
peace4poker: posts small blind $0.10
fishkarma: posts big blind $0.25
LittleORK: sits out 
*** HOLE CARDS ***
Dealt to Alameda22 [3s 5h]
dannyrmcphee: folds 
GoBucksIndy: raises $0.75 to $1
meathead68: folds 
bigmama27: calls $1
Alameda22: folds 
RaoulDuke 24: calls $1
peace4poker: folds 
fishkarma: calls $0.75
*** FLOP *** [Ad 6h 7s]
fishkarma: checks 
GoBucksIndy: bets $2.25
bigmama27: calls $2.25
RaoulDuke 24: folds 
fishkarma: calls $2.25
*** TURN *** [Ad 6h 7s] [Ks]
fishkarma: checks 
GoBucksIndy: checks 
bigmama27: bets $6.20 and is all-in
fishkarma: folds 
GoBucksIndy: folds 
Uncalled bet ($6.20) returned to bigmama27
GoBucksIndy leaves the table
bigmama27 collected $10.35 from pot
bigmama27: shows [Ac Kd] (two pair, Aces and Kings)
*** SUMMARY ***
Total pot $10.85 | Rake $0.50 
Board [Ad 6h 7s Ks]
Seat 1: GoBucksIndy folded on the Turn
Seat 2: meathead68 folded before Flop (didn't bet)
Seat 3: bigmama27 collected ($10.35)
Seat 4: Alameda22 folded before Flop (didn't bet)
Seat 5: RaoulDuke 24 (button) folded on the Flop
Seat 6: peace4poker (small blind) folded before Flop
Seat 7: fishkarma (big blind) folded on the Turn
Seat 9: dannyrmcphee folded before Flop (didn't bet)



PokerStars Game #19571966797:  Hold'em No Limit ($0.10/$0.25) - 2008/08/12 - 19:59:25 (ET)
Table 'Pallas III' 9-max Seat #6 is the button
Seat 2: meathead68 ($15.80 in chips) 
Seat 3: bigmama27 ($16.55 in chips) 
Seat 4: Alameda22 ($25.75 in chips) 
Seat 5: RaoulDuke 24 ($8.75 in chips) 
Seat 6: peace4poker ($19.20 in chips) 
Seat 7: fishkarma ($20.30 in chips) 
Seat 8: LittleORK ($27.25 in chips) 
Seat 9: dannyrmcphee ($14.40 in chips) 
fishkarma: posts small blind $0.10
LittleORK: posts big blind $0.25
*** HOLE CARDS ***
Dealt to Alameda22 [4c 2c]
dannyrmcphee: folds 
meathead68: folds 
bigmama27: folds 
Alameda22: folds 
RaoulDuke 24: calls $0.25
peace4poker: folds 
fishkarma: folds 
LittleORK: checks 
*** FLOP *** [4s Ah 3d]
LittleORK: checks 
RaoulDuke 24: checks 
*** TURN *** [4s Ah 3d] [Jh]
LittleORK: bets $1
RaoulDuke 24: calls $1
*** RIVER *** [4s Ah 3d Jh] [Kd]
LittleORK: bets $5.75
RaoulDuke 24: folds 
Uncalled bet ($5.75) returned to LittleORK
LittleORK collected $2.50 from pot
*** SUMMARY ***
Total pot $2.60 | Rake $0.10 
Board [4s Ah 3d Jh Kd]
Seat 2: meathead68 folded before Flop (didn't bet)
Seat 3: bigmama27 folded before Flop (didn't bet)
Seat 4: Alameda22 folded before Flop (didn't bet)
Seat 5: RaoulDuke 24 folded on the River
Seat 6: peace4poker (button) folded before Flop (didn't bet)
Seat 7: fishkarma (small blind) folded before Flop
Seat 8: LittleORK (big blind) collected ($2.50)
Seat 9: dannyrmcphee folded before Flop (didn't bet)



PokerStars Game #19571986852:  Hold'em No Limit ($0.10/$0.25) - 2008/08/12 - 20:00:17 (ET)
Table 'Pallas III' 9-max Seat #7 is the button
Seat 2: meathead68 ($15.80 in chips) 
Seat 3: bigmama27 ($16.55 in chips) 
Seat 4: Alameda22 ($25.75 in chips) 
Seat 5: RaoulDuke 24 ($7.50 in chips) 
Seat 6: peace4poker ($19.20 in chips) 
Seat 7: fishkarma ($20.20 in chips) 
Seat 8: LittleORK ($28.50 in chips) 
Seat 9: dannyrmcphee ($14.40 in chips) 
LittleORK: posts small blind $0.10
dannyrmcphee: posts big blind $0.25
*** HOLE CARDS ***
Dealt to Alameda22 [5c Kd]
meathead68: calls $0.25
bigmama27: calls $0.25
Alameda22: folds 
RaoulDuke 24: folds 
peace4poker: folds 
fishkarma: calls $0.25
LittleORK: folds 
dannyrmcphee: checks 
*** FLOP *** [Ac 4h 7h]
dannyrmcphee: checks 
meathead68: checks 
bigmama27: bets $0.50
fishkarma: folds 
dannyrmcphee: calls $0.50
meathead68: folds 
*** TURN *** [Ac 4h 7h] [3c]
dannyrmcphee: checks 
bigmama27: bets $1
dannyrmcphee: raises $1.50 to $2.50
bigmama27: calls $1.50
*** RIVER *** [Ac 4h 7h 3c] [5h]
dannyrmcphee: checks 
bigmama27: bets $2
dannyrmcphee: calls $2
*** SHOW DOWN ***
bigmama27: shows [6c Ad] (a straight, Three to Seven)
dannyrmcphee: shows [2d 5s] (a straight, Ace to Five)
bigmama27 collected $10.60 from pot
*** SUMMARY ***
Total pot $11.10 | Rake $0.50 
Board [Ac 4h 7h 3c 5h]
Seat 2: meathead68 folded on the Flop
Seat 3: bigmama27 showed [6c Ad] and won ($10.60) with a straight, Three to Seven
Seat 4: Alameda22 folded before Flop (didn't bet)
Seat 5: RaoulDuke 24 folded before Flop (didn't bet)
Seat 6: peace4poker folded before Flop (didn't bet)
Seat 7: fishkarma (button) folded on the Flop
Seat 8: LittleORK (small blind) folded before Flop
Seat 9: dannyrmcphee (big blind) showed [2d 5s] and lost with a straight, Ace to Five



PokerStars Game #19572015039:  Hold'em No Limit ($0.10/$0.25) - 2008/08/12 - 20:01:33 (ET)
Table 'Pallas III' 9-max Seat #8 is the button
Seat 2: meathead68 ($15.55 in chips) 
Seat 3: bigmama27 ($21.90 in chips) 
Seat 4: Alameda22 ($25.75 in chips) 
Seat 5: RaoulDuke 24 ($7.50 in chips) 
Seat 6: peace4poker ($19.20 in chips) 
Seat 7: fishkarma ($19.95 in chips) 
Seat 8: LittleORK ($28.40 in chips) 
Seat 9: dannyrmcphee ($9.15 in chips) 
dannyrmcphee: posts small blind $0.10
meathead68: posts big blind $0.25
*** HOLE CARDS ***
Dealt to Alameda22 [2d Ad]
bigmama27: folds 
Alameda22: folds 
RaoulDuke 24: calls $0.25
dannyrmcphee said, "fcking bs"
peace4poker: calls $0.25
fishkarma: folds 
LittleORK: folds 
dannyrmcphee: folds 
meathead68: checks 
*** FLOP *** [8c 5d Jh]
meathead68: checks 
RaoulDuke 24: bets $0.25
peace4poker: folds 
meathead68: folds 
Uncalled bet ($0.25) returned to RaoulDuke 24
RaoulDuke 24 collected $0.85 from pot
*** SUMMARY ***
Total pot $0.85 | Rake $0 
Board [8c 5d Jh]
Seat 2: meathead68 (big blind) folded on the Flop
Seat 3: bigmama27 folded before Flop (didn't bet)
Seat 4: Alameda22 folded before Flop (didn't bet)
Seat 5: RaoulDuke 24 collected ($0.85)
Seat 6: peace4poker folded on the Flop
Seat 7: fishkarma folded before Flop (didn't bet)
Seat 8: LittleORK (button) folded before Flop (didn't bet)
Seat 9: dannyrmcphee (small blind) folded before Flop



PokerStars Game #19572027311:  Hold'em No Limit ($0.10/$0.25) - 2008/08/12 - 20:02:05 (ET)
Table 'Pallas III' 9-max Seat #9 is the button
Seat 2: meathead68 ($15.30 in chips) 
Seat 3: bigmama27 ($21.90 in chips) 
Seat 4: Alameda22 ($25.75 in chips) 
Seat 5: RaoulDuke 24 ($8.10 in chips) 
Seat 6: peace4poker ($18.95 in chips) 
Seat 7: fishkarma ($19.95 in chips) 
Seat 8: LittleORK ($28.40 in chips) 
Seat 9: dannyrmcphee ($9.05 in chips) 
meathead68: posts small blind $0.10
bigmama27: posts big blind $0.25
*** HOLE CARDS ***
Dealt to Alameda22 [8c 9d]
Alameda22: folds 
RaoulDuke 24: folds 
peace4poker: calls $0.25
fishkarma: folds 
LittleORK: folds 
dannyrmcphee: folds 
meathead68: calls $0.15
bigmama27: checks 
*** FLOP *** [5d 4d 2h]
meathead68: checks 
dannyrmcphee leaves the table
bigmama27: bets $0.25
peace4poker: calls $0.25
meathead68: folds 
*** TURN *** [5d 4d 2h] [3d]
bigmama27: bets $0.50
peace4poker: calls $0.50
*** RIVER *** [5d 4d 2h 3d] [4s]
bigmama27: bets $0.75
peace4poker: raises $1.25 to $2
bigmama27: calls $1.25
*** SHOW DOWN ***
peace4poker: shows [Td Ad] (a flush, Ace high)
bigmama27: shows [As 4c] (a straight, Ace to Five)
peace4poker collected $5.95 from pot
*** SUMMARY ***
Total pot $6.25 | Rake $0.30 
Board [5d 4d 2h 3d 4s]
Seat 2: meathead68 (small blind) folded on the Flop
Seat 3: bigmama27 (big blind) showed [As 4c] and lost with a straight, Ace to Five
Seat 4: Alameda22 folded before Flop (didn't bet)
Seat 5: RaoulDuke 24 folded before Flop (didn't bet)
Seat 6: peace4poker showed [Td Ad] and won ($5.95) with a flush, Ace high
Seat 7: fishkarma folded before Flop (didn't bet)
Seat 8: LittleORK folded before Flop (didn't bet)
Seat 9: dannyrmcphee (button) folded before Flop (didn't bet)



PokerStars Game #19572052040:  Hold'em No Limit ($0.10/$0.25) - 2008/08/12 - 20:03:10 (ET)
Table 'Pallas III' 9-max Seat #2 is the button
Seat 2: meathead68 ($15.05 in chips) 
Seat 3: bigmama27 ($18.90 in chips) 
Seat 4: Alameda22 ($25.75 in chips) 
Seat 5: RaoulDuke 24 ($8.10 in chips) 
Seat 6: peace4poker ($21.90 in chips) 
Seat 7: fishkarma ($19.95 in chips) 
Seat 8: LittleORK ($28.40 in chips) 
bigmama27: posts small blind $0.10
Alameda22: posts big blind $0.25
*** HOLE CARDS ***
Dealt to Alameda22 [Kc 3d]
RaoulDuke 24: calls $0.25
peace4poker: folds 
fishkarma: folds 
LittleORK: calls $0.25
meathead68: folds 
bigmama27: folds 
Alameda22: checks 
*** FLOP *** [8h 3s Jd]
bigmama27 is sitting out
bigmama27 leaves the table
Alameda22: checks 
RaoulDuke 24: checks 
LittleORK: checks 
*** TURN *** [8h 3s Jd] [Td]
Alameda22: checks 
RaoulDuke 24: checks 
LittleORK: bets $1
Alameda22: folds 
RaoulDuke 24: calls $1
*** RIVER *** [8h 3s Jd Td] [4h]
RaoulDuke 24: checks 
LittleORK: bets $2.50
RaoulDuke 24: folds 
Uncalled bet ($2.50) returned to LittleORK
LittleORK collected $2.75 from pot
mawk88 joins the table at seat #1 
*** SUMMARY ***
Total pot $2.85 | Rake $0.10 
Board [8h 3s Jd Td 4h]
Seat 2: meathead68 (button) folded before Flop (didn't bet)
Seat 3: bigmama27 (small blind) folded before Flop
Seat 4: Alameda22 (big blind) folded on the Turn
Seat 5: RaoulDuke 24 folded on the River
Seat 6: peace4poker folded before Flop (didn't bet)
Seat 7: fishkarma folded before Flop (didn't bet)
Seat 8: LittleORK collected ($2.75)



PokerStars Game #19572076382:  Hold'em No Limit ($0.10/$0.25) - 2008/08/12 - 20:04:15 (ET)
Table 'Pallas III' 9-max Seat #4 is the button
Seat 2: meathead68 ($15.05 in chips) 
Seat 4: Alameda22 ($25.50 in chips) 
Seat 5: RaoulDuke 24 ($6.85 in chips) 
Seat 6: peace4poker ($21.90 in chips) 
Seat 7: fishkarma ($19.95 in chips) 
Seat 8: LittleORK ($29.90 in chips) 
RaoulDuke 24: posts small blind $0.10
peace4poker: posts big blind $0.25
mawk88: sits out 
*** HOLE CARDS ***
Dealt to Alameda22 [3c 3d]
fishkarma: folds 
LittleORK: calls $0.25
meathead68: calls $0.25
Alameda22: calls $0.25
RaoulDuke 24: calls $0.15
peace4poker: checks 
*** FLOP *** [9c 2d 6h]
RaoulDuke 24: checks 
peace4poker: checks 
LittleORK: checks 
meathead68: bets $0.75
Alameda22: folds 
RaoulDuke 24: calls $0.75
peace4poker: folds 
LittleORK: folds 
*** TURN *** [9c 2d 6h] [Qh]
RaoulDuke 24: checks 
meathead68: checks 
*** RIVER *** [9c 2d 6h Qh] [Kd]
RaoulDuke 24: checks 
meathead68: checks 
*** SHOW DOWN ***
RaoulDuke 24: shows [Ad 2c] (a pair of Deuces)
meathead68: shows [9d Td] (a pair of Nines)
meathead68 collected $2.65 from pot
*** SUMMARY ***
Total pot $2.75 | Rake $0.10 
Board [9c 2d 6h Qh Kd]
Seat 2: meathead68 showed [9d Td] and won ($2.65) with a pair of Nines
Seat 4: Alameda22 (button) folded on the Flop
Seat 5: RaoulDuke 24 (small blind) showed [Ad 2c] and lost with a pair of Deuces
Seat 6: peace4poker (big blind) folded on the Flop
Seat 7: fishkarma folded before Flop (didn't bet)
Seat 8: LittleORK folded on the Flop



PokerStars Game #19572100439:  Hold'em No Limit ($0.10/$0.25) - 2008/08/12 - 20:05:19 (ET)
Table 'Pallas III' 9-max Seat #5 is the button
Seat 1: mawk88 ($15 in chips) 
Seat 2: meathead68 ($16.70 in chips) 
Seat 4: Alameda22 ($25.25 in chips) 
Seat 5: RaoulDuke 24 ($5.85 in chips) 
Seat 6: peace4poker ($21.65 in chips) 
Seat 7: fishkarma ($19.95 in chips) 
Seat 8: LittleORK ($29.65 in chips) 
peace4poker: posts small blind $0.10
fishkarma: posts big blind $0.25
mawk88: posts big blind $0.25
*** HOLE CARDS ***
Dealt to Alameda22 [9d 8s]
LittleORK: folds 
mawk88: checks 
meathead68: folds 
Alameda22: folds 
RaoulDuke 24: raises $0.25 to $0.50
peace4poker: folds 
fishkarma: folds 
mawk88: calls $0.25
*** FLOP *** [6h As Qs]
mawk88: checks 
RaoulDuke 24: checks 
*** TURN *** [6h As Qs] [3d]
mawk88: bets $0.50
RaoulDuke 24: calls $0.50
*** RIVER *** [6h As Qs 3d] [8d]
mawk88: bets $0.50
RaoulDuke 24: folds 
Uncalled bet ($0.50) returned to mawk88
mawk88 collected $2.25 from pot
mawk88: doesn't show hand 
*** SUMMARY ***
Total pot $2.35 | Rake $0.10 
Board [6h As Qs 3d 8d]
Seat 1: mawk88 collected ($2.25)
Seat 2: meathead68 folded before Flop (didn't bet)
Seat 4: Alameda22 folded before Flop (didn't bet)
Seat 5: RaoulDuke 24 (button) folded on the River
Seat 6: peace4poker (small blind) folded before Flop
Seat 7: fishkarma (big blind) folded before Flop
Seat 8: LittleORK folded before Flop (didn't bet)



PokerStars Game #19572123645:  Hold'em No Limit ($0.10/$0.25) - 2008/08/12 - 20:06:21 (ET)
Table 'Pallas III' 9-max Seat #6 is the button
Seat 1: mawk88 ($16.25 in chips) 
Seat 2: meathead68 ($16.70 in chips) 
Seat 4: Alameda22 ($25.25 in chips) 
Seat 5: RaoulDuke 24 ($4.85 in chips) 
Seat 6: peace4poker ($21.55 in chips) 
Seat 7: fishkarma ($19.70 in chips) 
Seat 8: LittleORK ($29.65 in chips) 
fishkarma: posts small blind $0.10
LittleORK: posts big blind $0.25
*** HOLE CARDS ***
Dealt to Alameda22 [Jc Js]
mawk88: calls $0.25
meathead68: folds 
Alameda22: raises $0.75 to $1
RaoulDuke 24: raises $3.85 to $4.85 and is all-in
peace4poker: folds 
fishkarma: folds 
LittleORK: folds 
mawk88: calls $4.60
Alameda22: raises $20.40 to $25.25 and is all-in
mawk88: calls $11.40 and is all-in
Uncalled bet ($9) returned to Alameda22
*** FLOP *** [Tc Qs Ah]
*** TURN *** [Tc Qs Ah] [Ad]
*** RIVER *** [Tc Qs Ah Ad] [2s]
*** SHOW DOWN ***
mawk88: shows [3s Ks] (a pair of Aces)
Alameda22: shows [Jc Js] (two pair, Aces and Jacks)
Alameda22 collected $21.65 from side pot
RaoulDuke 24: shows [9c Ac] (three of a kind, Aces)
RaoulDuke 24 collected $14.20 from main pot
*** SUMMARY ***
Total pot $37.70 Main pot $14.20. Side pot $21.65. | Rake $1.85 
Board [Tc Qs Ah Ad 2s]
Seat 1: mawk88 showed [3s Ks] and lost with a pair of Aces
Seat 2: meathead68 folded before Flop (didn't bet)
Seat 4: Alameda22 showed [Jc Js] and won ($21.65) with two pair, Aces and Jacks
Seat 5: RaoulDuke 24 showed [9c Ac] and won ($14.20) with three of a kind, Aces
Seat 6: peace4poker (button) folded before Flop (didn't bet)
Seat 7: fishkarma (small blind) folded before Flop
Seat 8: LittleORK (big blind) folded before Flop



PokerStars Game #19572150876:  Hold'em No Limit ($0.10/$0.25) - 2008/08/12 - 20:07:34 (ET)
Table 'Pallas III' 9-max Seat #7 is the button
Seat 2: meathead68 ($16.70 in chips) 
Seat 4: Alameda22 ($30.65 in chips) 
Seat 5: RaoulDuke 24 ($14.20 in chips) 
Seat 6: peace4poker ($21.55 in chips) 
Seat 7: fishkarma ($19.60 in chips) 
Seat 8: LittleORK ($29.40 in chips) 
LittleORK: posts small blind $0.10
meathead68: posts big blind $0.25
*** HOLE CARDS ***
Dealt to Alameda22 [Qd 4h]
CCskybluesFC joins the table at seat #3 
Alameda22: folds 
mawk88 leaves the table
RaoulDuke 24: calls $0.25
peace4poker: folds 
fishkarma: calls $0.25
LittleORK: folds 
meathead68: checks 
*** FLOP *** [As 3c 6h]
meathead68: checks 
RaoulDuke 24: checks 
fishkarma: bets $0.25
meathead68: calls $0.25
RaoulDuke 24: calls $0.25
*** TURN *** [As 3c 6h] [8s]
meathead68: checks 
sacoman1 joins the table at seat #1 
RaoulDuke 24: checks 
fishkarma: checks 
*** RIVER *** [As 3c 6h 8s] [Qh]
meathead68: checks 
RaoulDuke 24: checks 
fishkarma: checks 
*** SHOW DOWN ***
meathead68: shows [4c 4s] (a pair of Fours)
RaoulDuke 24: shows [7h 7c] (a pair of Sevens)
fishkarma: shows [Ah Tc] (a pair of Aces)
fishkarma collected $1.55 from pot
*** SUMMARY ***
Total pot $1.60 | Rake $0.05 
Board [As 3c 6h 8s Qh]
Seat 2: meathead68 (big blind) showed [4c 4s] and lost with a pair of Fours
Seat 4: Alameda22 folded before Flop (didn't bet)
Seat 5: RaoulDuke 24 showed [7h 7c] and lost with a pair of Sevens
Seat 6: peace4poker folded before Flop (didn't bet)
Seat 7: fishkarma (button) showed [Ah Tc] and won ($1.55) with a pair of Aces
Seat 8: LittleORK (small blind) folded before Flop



PokerStars Game #19572172354:  Hold'em No Limit ($0.10/$0.25) - 2008/08/12 - 20:08:31 (ET)
Table 'Pallas III' 9-max Seat #8 is the button
Seat 2: meathead68 ($16.20 in chips) 
Seat 3: CCskybluesFC ($15 in chips) 
Seat 4: Alameda22 ($30.65 in chips) 
Seat 5: RaoulDuke 24 ($13.70 in chips) 
Seat 6: peace4poker ($21.55 in chips) 
Seat 7: fishkarma ($20.65 in chips) 
Seat 8: LittleORK ($29.30 in chips) 
sacoman1 will be allowed to play after the button
meathead68: posts small blind $0.10
CCskybluesFC: posts big blind $0.25
*** HOLE CARDS ***
Dealt to Alameda22 [5d 4h]
Alameda22: folds 
RaoulDuke 24: calls $0.25
peace4poker: folds 
fishkarma: folds 
LittleORK: folds 
meathead68: calls $0.15
CCskybluesFC: checks 
*** FLOP *** [9h 7d As]
meathead68: checks 
CCskybluesFC: checks 
RaoulDuke 24: checks 
*** TURN *** [9h 7d As] [2h]
meathead68: bets $0.50
CCskybluesFC: folds 
RaoulDuke 24: calls $0.50
*** RIVER *** [9h 7d As 2h] [8d]
meathead68: bets $0.50
tommy2324 joins the table at seat #9 
RaoulDuke 24: calls $0.50
*** SHOW DOWN ***
meathead68: shows [6h Ac] (a pair of Aces)
RaoulDuke 24: mucks hand 
meathead68 collected $2.65 from pot
*** SUMMARY ***
Total pot $2.75 | Rake $0.10 
Board [9h 7d As 2h 8d]
Seat 2: meathead68 (small blind) showed [6h Ac] and won ($2.65) with a pair of Aces
Seat 3: CCskybluesFC (big blind) folded on the Turn
Seat 4: Alameda22 folded before Flop (didn't bet)
Seat 5: RaoulDuke 24 mucked [7h Th]
Seat 6: peace4poker folded before Flop (didn't bet)
Seat 7: fishkarma folded before Flop (didn't bet)
Seat 8: LittleORK (button) folded before Flop (didn't bet)



PokerStars Game #19572189367:  Hold'em No Limit ($0.10/$0.25) - 2008/08/12 - 20:09:16 (ET)
Table 'Pallas III' 9-max Seat #2 is the button
Seat 1: sacoman1 ($25 in chips) 
Seat 2: meathead68 ($17.60 in chips) 
Seat 3: CCskybluesFC ($14.75 in chips) 
Seat 4: Alameda22 ($30.65 in chips) 
Seat 5: RaoulDuke 24 ($12.45 in chips) 
Seat 6: peace4poker ($21.55 in chips) 
Seat 7: fishkarma ($20.65 in chips) 
Seat 8: LittleORK ($29.30 in chips) 
CCskybluesFC: posts small blind $0.10
Alameda22: posts big blind $0.25
tommy2324: sits out 
sacoman1: posts big blind $0.25
*** HOLE CARDS ***
Dealt to Alameda22 [5d Tc]
RaoulDuke 24: calls $0.25
peace4poker: folds 
fishkarma: folds 
LittleORK: folds 
sacoman1: checks 
meathead68: folds 
CCskybluesFC: folds 
Alameda22: checks 
*** FLOP *** [4s Ac 4d]
Alameda22: checks 
RaoulDuke 24: bets $1.50
sacoman1: folds 
Alameda22: folds 
Uncalled bet ($1.50) returned to RaoulDuke 24
RaoulDuke 24 collected $0.85 from pot
*** SUMMARY ***
Total pot $0.85 | Rake $0 
Board [4s Ac 4d]
Seat 1: sacoman1 folded on the Flop
Seat 2: meathead68 (button) folded before Flop (didn't bet)
Seat 3: CCskybluesFC (small blind) folded before Flop
Seat 4: Alameda22 (big blind) folded on the Flop
Seat 5: RaoulDuke 24 collected ($0.85)
Seat 6: peace4poker folded before Flop (didn't bet)
Seat 7: fishkarma folded before Flop (didn't bet)
Seat 8: LittleORK folded before Flop (didn't bet)



PokerStars Game #19572205453:  Hold'em No Limit ($0.10/$0.25) - 2008/08/12 - 20:09:59 (ET)
Table 'Pallas III' 9-max Seat #3 is the button
Seat 1: sacoman1 ($24.75 in chips) 
Seat 2: meathead68 ($17.60 in chips) 
Seat 3: CCskybluesFC ($14.65 in chips) 
Seat 4: Alameda22 ($30.40 in chips) 
Seat 5: RaoulDuke 24 ($13.05 in chips) 
Seat 6: peace4poker ($21.55 in chips) 
Seat 7: fishkarma ($20.65 in chips) 
Seat 8: LittleORK ($29.30 in chips) 
Alameda22: posts small blind $0.10
RaoulDuke 24: posts big blind $0.25
tommy2324: sits out 
*** HOLE CARDS ***
Dealt to Alameda22 [9c Tc]
peace4poker: folds 
fishkarma: folds 
LittleORK: raises $0.50 to $0.75
sacoman1: folds 
meathead68: folds 
CCskybluesFC: folds 
Alameda22: calls $0.65
RaoulDuke 24: folds 
*** FLOP *** [3c 7d Ac]
RaoulDuke 24 leaves the table
rograndom joins the table at seat #5 
Alameda22: checks 
LittleORK: bets $1.75
Alameda22: calls $1.75
*** TURN *** [3c 7d Ac] [5s]
Alameda22: checks 
LittleORK: bets $1.50
Alameda22: calls $1.50
*** RIVER *** [3c 7d Ac 5s] [Jh]
Alameda22: checks 
LittleORK: checks 
*** SHOW DOWN ***
Alameda22: shows [9c Tc] (high card Ace)
LittleORK: shows [Ad Kh] (a pair of Aces)
LittleORK collected $7.85 from pot
*** SUMMARY ***
Total pot $8.25 | Rake $0.40 
Board [3c 7d Ac 5s Jh]
Seat 1: sacoman1 folded before Flop (didn't bet)
Seat 2: meathead68 folded before Flop (didn't bet)
Seat 3: CCskybluesFC (button) folded before Flop (didn't bet)
Seat 4: Alameda22 (small blind) showed [9c Tc] and lost with high card Ace
Seat 5: RaoulDuke 24 (big blind) folded before Flop
Seat 6: peace4poker folded before Flop (didn't bet)
Seat 7: fishkarma folded before Flop (didn't bet)
Seat 8: LittleORK showed [Ad Kh] and won ($7.85) with a pair of Aces



PokerStars Game #19572234326:  Hold'em No Limit ($0.10/$0.25) - 2008/08/12 - 20:11:16 (ET)
Table 'Pallas III' 9-max Seat #4 is the button
Seat 1: sacoman1 ($24.75 in chips) 
Seat 2: meathead68 ($17.60 in chips) 
Seat 3: CCskybluesFC ($14.65 in chips) 
Seat 4: Alameda22 ($26.40 in chips) 
Seat 6: peace4poker ($21.55 in chips) 
Seat 7: fishkarma ($20.65 in chips) 
Seat 8: LittleORK ($33.15 in chips) 
rograndom will be allowed to play after the button
peace4poker: posts small blind $0.10
fishkarma: posts big blind $0.25
tommy2324: sits out 
*** HOLE CARDS ***
Dealt to Alameda22 [5c Ks]
LittleORK: folds 
sacoman1: folds 
meathead68: folds 
CCskybluesFC: calls $0.25
Alameda22: folds 
peace4poker: calls $0.15
fishkarma: checks 
*** FLOP *** [Ts Ah Tc]
peace4poker: checks 
fishkarma: checks 
CCskybluesFC: checks 
*** TURN *** [Ts Ah Tc] [Jd]
peace4poker has timed out
peace4poker: folds 
peace4poker is sitting out
fishkarma: checks 
CCskybluesFC: checks 
*** RIVER *** [Ts Ah Tc Jd] [Qc]
fishkarma: bets $0.75
CCskybluesFC: folds 
Uncalled bet ($0.75) returned to fishkarma
fishkarma collected $0.75 from pot
*** SUMMARY ***
Total pot $0.75 | Rake $0 
Board [Ts Ah Tc Jd Qc]
Seat 1: sacoman1 folded before Flop (didn't bet)
Seat 2: meathead68 folded before Flop (didn't bet)
Seat 3: CCskybluesFC folded on the River
Seat 4: Alameda22 (button) folded before Flop (didn't bet)
Seat 6: peace4poker (small blind) folded on the Turn
Seat 7: fishkarma (big blind) collected ($0.75)
Seat 8: LittleORK folded before Flop (didn't bet)



PokerStars Game #19572271109:  Hold'em No Limit ($0.10/$0.25) - 2008/08/12 - 20:12:55 (ET)
Table 'Pallas III' 9-max Seat #7 is the button
Seat 1: sacoman1 ($24.75 in chips) 
Seat 2: meathead68 ($17.60 in chips) 
Seat 3: CCskybluesFC ($14.40 in chips) 
Seat 4: Alameda22 ($26.40 in chips) 
Seat 7: fishkarma ($21.15 in chips) 
Seat 8: LittleORK ($33.15 in chips) 
Seat 9: tommy2324 ($5 in chips) 
LittleORK: posts small blind $0.10
tommy2324: posts big blind $0.25
rograndom: sits out 
*** HOLE CARDS ***
Dealt to Alameda22 [3s Jc]
sacoman1: folds 
meathead68: folds 
CCskybluesFC: folds 
Alameda22: folds 
fishkarma: folds 
LittleORK: folds 
Uncalled bet ($0.15) returned to tommy2324
tommy2324 collected $0.20 from pot
*** SUMMARY ***
Total pot $0.20 | Rake $0 
Seat 1: sacoman1 folded before Flop (didn't bet)
Seat 2: meathead68 folded before Flop (didn't bet)
Seat 3: CCskybluesFC folded before Flop (didn't bet)
Seat 4: Alameda22 folded before Flop (didn't bet)
Seat 7: fishkarma (button) folded before Flop (didn't bet)
Seat 8: LittleORK (small blind) folded before Flop
Seat 9: tommy2324 (big blind) collected ($0.20)



PokerStars Game #19572275656:  Hold'em No Limit ($0.10/$0.25) - 2008/08/12 - 20:13:07 (ET)
Table 'Pallas III' 9-max Seat #8 is the button
Seat 1: sacoman1 ($24.75 in chips) 
Seat 2: meathead68 ($17.60 in chips) 
Seat 3: CCskybluesFC ($14.40 in chips) 
Seat 4: Alameda22 ($26.40 in chips) 
Seat 7: fishkarma ($21.15 in chips) 
Seat 8: LittleORK ($33.05 in chips) 
Seat 9: tommy2324 ($5.10 in chips) 
tommy2324: posts small blind $0.10
sacoman1: posts big blind $0.25
rograndom: sits out 
*** HOLE CARDS ***
Dealt to Alameda22 [Tc Ac]
peace4poker has returned
meathead68: folds 
CCskybluesFC: folds 
Alameda22: folds 
fishkarma: folds 
LittleORK: folds 
tommy2324: folds 
Uncalled bet ($0.15) returned to sacoman1
sacoman1 collected $0.20 from pot
sacoman1: doesn't show hand 
*** SUMMARY ***
Total pot $0.20 | Rake $0 
Seat 1: sacoman1 (big blind) collected ($0.20)
Seat 2: meathead68 folded before Flop (didn't bet)
Seat 3: CCskybluesFC folded before Flop (didn't bet)
Seat 4: Alameda22 folded before Flop (didn't bet)
Seat 7: fishkarma folded before Flop (didn't bet)
Seat 8: LittleORK (button) folded before Flop (didn't bet)
Seat 9: tommy2324 (small blind) folded before Flop



PokerStars Game #19572284319:  Hold'em No Limit ($0.10/$0.25) - 2008/08/12 - 20:13:31 (ET)
Table 'Pallas III' 9-max Seat #9 is the button
Seat 1: sacoman1 ($24.85 in chips) 
Seat 2: meathead68 ($17.60 in chips) 
Seat 3: CCskybluesFC ($14.40 in chips) 
Seat 4: Alameda22 ($26.40 in chips) 
Seat 6: peace4poker ($21.30 in chips) 
Seat 7: fishkarma ($21.15 in chips) 
Seat 8: LittleORK ($33.05 in chips) 
Seat 9: tommy2324 ($5 in chips) 
sacoman1: posts small blind $0.10
meathead68: posts big blind $0.25
rograndom: sits out 
*** HOLE CARDS ***
Dealt to Alameda22 [8s Qc]
CCskybluesFC: calls $0.25
Alameda22: folds 
peace4poker: folds 
fishkarma: folds 
LittleORK: calls $0.25
tommy2324: calls $0.25
sacoman1: calls $0.15
meathead68: checks 
*** FLOP *** [Td 7c 4d]
sacoman1: checks 
meathead68: bets $0.75
CCskybluesFC: folds 
LittleORK: folds 
tommy2324: folds 
sacoman1: folds 
Uncalled bet ($0.75) returned to meathead68
meathead68 collected $1.20 from pot
meathead68: doesn't show hand 
*** SUMMARY ***
Total pot $1.25 | Rake $0.05 
Board [Td 7c 4d]
Seat 1: sacoman1 (small blind) folded on the Flop
Seat 2: meathead68 (big blind) collected ($1.20)
Seat 3: CCskybluesFC folded on the Flop
Seat 4: Alameda22 folded before Flop (didn't bet)
Seat 6: peace4poker folded before Flop (didn't bet)
Seat 7: fishkarma folded before Flop (didn't bet)
Seat 8: LittleORK folded on the Flop
Seat 9: tommy2324 (button) folded on the Flop



