PokerStars Game #19300367021:  Hold'em No Limit ($0.10/$0.25) - 2008/08/02 - 13:35:37 (ET)
Table 'Amphios II' 9-max Seat #1 is the button
Seat 1: RollTideRoll ($24.65 in chips) 
Seat 2: allison04111 ($17.45 in chips) 
Seat 3: Alameda22 ($25 in chips) 
Seat 4: thundercop ($33.10 in chips) 
Seat 5: komansche74 ($13 in chips) 
Seat 6: CuCbKu ($35.55 in chips) 
Seat 7: danila177 ($36.30 in chips) 
Seat 8: Prof Deuce ($4.80 in chips) 
Seat 9: DOCHAMBURG99 ($35.95 in chips) 
allison04111: posts small blind $0.10
Alameda22: posts big blind $0.25
*** HOLE CARDS ***
Dealt to Alameda22 [3s 9s]
thundercop: folds 
komansche74: folds 
CuCbKu: folds 
danila177: folds 
Prof Deuce: folds 
DOCHAMBURG99: folds 
RollTideRoll: folds 
allison04111: calls $0.15
Alameda22: checks 
*** FLOP *** [2s Jh 6d]
allison04111: bets $0.50
Alameda22: folds 
Uncalled bet ($0.50) returned to allison04111
allison04111 collected $0.50 from pot
allison04111: doesn't show hand 
*** SUMMARY ***
Total pot $0.50 | Rake $0 
Board [2s Jh 6d]
Seat 1: RollTideRoll (button) folded before Flop (didn't bet)
Seat 2: allison04111 (small blind) collected ($0.50)
Seat 3: Alameda22 (big blind) folded on the Flop
Seat 4: thundercop folded before Flop (didn't bet)
Seat 5: komansche74 folded before Flop (didn't bet)
Seat 6: CuCbKu folded before Flop (didn't bet)
Seat 7: danila177 folded before Flop (didn't bet)
Seat 8: Prof Deuce folded before Flop (didn't bet)
Seat 9: DOCHAMBURG99 folded before Flop (didn't bet)



PokerStars Game #19300382555:  Hold'em No Limit ($0.10/$0.25) - 2008/08/02 - 13:36:13 (ET)
Table 'Amphios II' 9-max Seat #2 is the button
Seat 1: RollTideRoll ($24.65 in chips) 
Seat 2: allison04111 ($17.70 in chips) 
Seat 3: Alameda22 ($24.75 in chips) 
Seat 4: thundercop ($33.10 in chips) 
Seat 5: komansche74 ($13 in chips) 
Seat 6: CuCbKu ($35.55 in chips) 
Seat 7: danila177 ($36.30 in chips) 
Seat 8: Prof Deuce ($4.80 in chips) 
Seat 9: DOCHAMBURG99 ($35.95 in chips) 
Alameda22: posts small blind $0.10
thundercop: posts big blind $0.25
*** HOLE CARDS ***
Dealt to Alameda22 [Ts 3s]
komansche74: folds 
CuCbKu: folds 
danila177: folds 
Prof Deuce: folds 
DOCHAMBURG99: calls $0.25
RollTideRoll: calls $0.25
allison04111: folds 
Alameda22: folds 
thundercop: checks 
*** FLOP *** [5c 5s 2d]
thundercop: checks 
DOCHAMBURG99: checks 
RollTideRoll: checks 
*** TURN *** [5c 5s 2d] [Ac]
thundercop: checks 
DOCHAMBURG99: checks 
RollTideRoll: checks 
*** RIVER *** [5c 5s 2d Ac] [2s]
thundercop: checks 
DOCHAMBURG99: checks 
RollTideRoll: checks 
*** SHOW DOWN ***
thundercop: shows [4s Kh] (two pair, Fives and Deuces)
DOCHAMBURG99: shows [Qc Jc] (two pair, Fives and Deuces)
RollTideRoll: shows [Qd Jd] (two pair, Fives and Deuces)
thundercop collected $0.30 from pot
DOCHAMBURG99 collected $0.30 from pot
RollTideRoll collected $0.25 from pot
*** SUMMARY ***
Total pot $0.85 | Rake $0 
Board [5c 5s 2d Ac 2s]
Seat 1: RollTideRoll showed [Qd Jd] and won ($0.25) with two pair, Fives and Deuces
Seat 2: allison04111 (button) folded before Flop (didn't bet)
Seat 3: Alameda22 (small blind) folded before Flop
Seat 4: thundercop (big blind) showed [4s Kh] and won ($0.30) with two pair, Fives and Deuces
Seat 5: komansche74 folded before Flop (didn't bet)
Seat 6: CuCbKu folded before Flop (didn't bet)
Seat 7: danila177 folded before Flop (didn't bet)
Seat 8: Prof Deuce folded before Flop (didn't bet)
Seat 9: DOCHAMBURG99 showed [Qc Jc] and won ($0.30) with two pair, Fives and Deuces



PokerStars Game #19300415323:  Hold'em No Limit ($0.10/$0.25) - 2008/08/02 - 13:37:31 (ET)
Table 'Amphios II' 9-max Seat #3 is the button
Seat 1: RollTideRoll ($24.65 in chips) 
Seat 2: allison04111 ($17.70 in chips) 
Seat 3: Alameda22 ($24.65 in chips) 
Seat 4: thundercop ($33.15 in chips) 
Seat 5: komansche74 ($13 in chips) 
Seat 6: CuCbKu ($35.55 in chips) 
Seat 7: danila177 ($36.30 in chips) 
Seat 8: Prof Deuce ($4.80 in chips) 
Seat 9: DOCHAMBURG99 ($36 in chips) 
thundercop: posts small blind $0.10
komansche74: posts big blind $0.25
*** HOLE CARDS ***
Dealt to Alameda22 [7d 4s]
CuCbKu: folds 
danila177: folds 
Prof Deuce: folds 
DOCHAMBURG99: folds 
RollTideRoll: folds 
allison04111: raises $0.50 to $0.75
Alameda22: folds 
thundercop: folds 
komansche74: folds 
Uncalled bet ($0.50) returned to allison04111
allison04111 collected $0.60 from pot
allison04111: doesn't show hand 
*** SUMMARY ***
Total pot $0.60 | Rake $0 
Seat 1: RollTideRoll folded before Flop (didn't bet)
Seat 2: allison04111 collected ($0.60)
Seat 3: Alameda22 (button) folded before Flop (didn't bet)
Seat 4: thundercop (small blind) folded before Flop
Seat 5: komansche74 (big blind) folded before Flop
Seat 6: CuCbKu folded before Flop (didn't bet)
Seat 7: danila177 folded before Flop (didn't bet)
Seat 8: Prof Deuce folded before Flop (didn't bet)
Seat 9: DOCHAMBURG99 folded before Flop (didn't bet)



PokerStars Game #19300428694:  Hold'em No Limit ($0.10/$0.25) - 2008/08/02 - 13:38:02 (ET)
Table 'Amphios II' 9-max Seat #4 is the button
Seat 1: RollTideRoll ($24.65 in chips) 
Seat 2: allison04111 ($18.05 in chips) 
Seat 3: Alameda22 ($24.65 in chips) 
Seat 4: thundercop ($33.05 in chips) 
Seat 5: komansche74 ($12.75 in chips) 
Seat 6: CuCbKu ($35.55 in chips) 
Seat 7: danila177 ($36.30 in chips) 
Seat 8: Prof Deuce ($4.80 in chips) 
Seat 9: DOCHAMBURG99 ($36 in chips) 
komansche74: posts small blind $0.10
CuCbKu: posts big blind $0.25
*** HOLE CARDS ***
Dealt to Alameda22 [Kh 7d]
danila177: folds 
Prof Deuce: folds 
DOCHAMBURG99: folds 
RollTideRoll: folds 
allison04111: folds 
Alameda22: folds 
thundercop: raises $0.50 to $0.75
komansche74: folds 
CuCbKu: raises $1.75 to $2.50
thundercop: folds 
Uncalled bet ($1.75) returned to CuCbKu
CuCbKu collected $1.60 from pot
CuCbKu: doesn't show hand 
*** SUMMARY ***
Total pot $1.60 | Rake $0 
Seat 1: RollTideRoll folded before Flop (didn't bet)
Seat 2: allison04111 folded before Flop (didn't bet)
Seat 3: Alameda22 folded before Flop (didn't bet)
Seat 4: thundercop (button) folded before Flop
Seat 5: komansche74 (small blind) folded before Flop
Seat 6: CuCbKu (big blind) collected ($1.60)
Seat 7: danila177 folded before Flop (didn't bet)
Seat 8: Prof Deuce folded before Flop (didn't bet)
Seat 9: DOCHAMBURG99 folded before Flop (didn't bet)



PokerStars Game #19300444648:  Hold'em No Limit ($0.10/$0.25) - 2008/08/02 - 13:38:40 (ET)
Table 'Amphios II' 9-max Seat #5 is the button
Seat 1: RollTideRoll ($24.65 in chips) 
Seat 2: allison04111 ($18.05 in chips) 
Seat 3: Alameda22 ($24.65 in chips) 
Seat 4: thundercop ($32.30 in chips) 
Seat 5: komansche74 ($12.65 in chips) 
Seat 6: CuCbKu ($36.40 in chips) 
Seat 7: danila177 ($36.30 in chips) 
Seat 8: Prof Deuce ($4.80 in chips) 
Seat 9: DOCHAMBURG99 ($36 in chips) 
CuCbKu: posts small blind $0.10
danila177: posts big blind $0.25
*** HOLE CARDS ***
Dealt to Alameda22 [2d Tc]
Prof Deuce: folds 
DOCHAMBURG99: folds 
RollTideRoll: folds 
allison04111: folds 
Alameda22: folds 
thundercop: raises $0.50 to $0.75
komansche74: folds 
CuCbKu: folds 
danila177: folds 
Uncalled bet ($0.50) returned to thundercop
thundercop collected $0.60 from pot
thundercop: doesn't show hand 
*** SUMMARY ***
Total pot $0.60 | Rake $0 
Seat 1: RollTideRoll folded before Flop (didn't bet)
Seat 2: allison04111 folded before Flop (didn't bet)
Seat 3: Alameda22 folded before Flop (didn't bet)
Seat 4: thundercop collected ($0.60)
Seat 5: komansche74 (button) folded before Flop (didn't bet)
Seat 6: CuCbKu (small blind) folded before Flop
Seat 7: danila177 (big blind) folded before Flop
Seat 8: Prof Deuce folded before Flop (didn't bet)
Seat 9: DOCHAMBURG99 folded before Flop (didn't bet)



PokerStars Game #19300457439:  Hold'em No Limit ($0.10/$0.25) - 2008/08/02 - 13:39:10 (ET)
Table 'Amphios II' 9-max Seat #6 is the button
Seat 1: RollTideRoll ($24.65 in chips) 
Seat 2: allison04111 ($18.05 in chips) 
Seat 3: Alameda22 ($24.65 in chips) 
Seat 4: thundercop ($32.65 in chips) 
Seat 5: komansche74 ($12.65 in chips) 
Seat 6: CuCbKu ($36.30 in chips) 
Seat 7: danila177 ($36.05 in chips) 
Seat 8: Prof Deuce ($4.80 in chips) 
Seat 9: DOCHAMBURG99 ($36 in chips) 
danila177: posts small blind $0.10
Prof Deuce: posts big blind $0.25
*** HOLE CARDS ***
Dealt to Alameda22 [3d Jc]
DOCHAMBURG99: folds 
RollTideRoll: folds 
allison04111: folds 
Alameda22: folds 
thundercop: folds 
komansche74: calls $0.25
CuCbKu: folds 
danila177: folds 
Prof Deuce: raises $0.50 to $0.75
komansche74: calls $0.50
*** FLOP *** [2s Kd 7s]
Prof Deuce: bets $0.75
komansche74: folds 
Uncalled bet ($0.75) returned to Prof Deuce
Prof Deuce collected $1.55 from pot
*** SUMMARY ***
Total pot $1.60 | Rake $0.05 
Board [2s Kd 7s]
Seat 1: RollTideRoll folded before Flop (didn't bet)
Seat 2: allison04111 folded before Flop (didn't bet)
Seat 3: Alameda22 folded before Flop (didn't bet)
Seat 4: thundercop folded before Flop (didn't bet)
Seat 5: komansche74 folded on the Flop
Seat 6: CuCbKu (button) folded before Flop (didn't bet)
Seat 7: danila177 (small blind) folded before Flop
Seat 8: Prof Deuce (big blind) collected ($1.55)
Seat 9: DOCHAMBURG99 folded before Flop (didn't bet)



PokerStars Game #19300480872:  Hold'em No Limit ($0.10/$0.25) - 2008/08/02 - 13:40:06 (ET)
Table 'Amphios II' 9-max Seat #7 is the button
Seat 1: RollTideRoll ($24.65 in chips) 
Seat 2: allison04111 ($18.05 in chips) 
Seat 3: Alameda22 ($24.65 in chips) 
Seat 4: thundercop ($32.65 in chips) 
Seat 5: komansche74 ($11.90 in chips) 
Seat 6: CuCbKu ($36.30 in chips) 
Seat 7: danila177 ($35.95 in chips) 
Seat 8: Prof Deuce ($5.60 in chips) 
Seat 9: DOCHAMBURG99 ($36 in chips) 
Prof Deuce: posts small blind $0.10
DOCHAMBURG99: posts big blind $0.25
*** HOLE CARDS ***
Dealt to Alameda22 [Qc 2d]
RollTideRoll: folds 
allison04111: folds 
Alameda22: folds 
thundercop: folds 
komansche74: calls $0.25
CuCbKu: folds 
danila177: raises $1 to $1.25
Prof Deuce: folds 
DOCHAMBURG99: folds 
komansche74: folds 
Uncalled bet ($1) returned to danila177
danila177 collected $0.85 from pot
*** SUMMARY ***
Total pot $0.85 | Rake $0 
Seat 1: RollTideRoll folded before Flop (didn't bet)
Seat 2: allison04111 folded before Flop (didn't bet)
Seat 3: Alameda22 folded before Flop (didn't bet)
Seat 4: thundercop folded before Flop (didn't bet)
Seat 5: komansche74 folded before Flop
Seat 6: CuCbKu folded before Flop (didn't bet)
Seat 7: danila177 (button) collected ($0.85)
Seat 8: Prof Deuce (small blind) folded before Flop
Seat 9: DOCHAMBURG99 (big blind) folded before Flop



PokerStars Game #19300500434:  Hold'em No Limit ($0.10/$0.25) - 2008/08/02 - 13:40:53 (ET)
Table 'Amphios II' 9-max Seat #8 is the button
Seat 1: RollTideRoll ($24.65 in chips) 
Seat 2: allison04111 ($18.05 in chips) 
Seat 3: Alameda22 ($24.65 in chips) 
Seat 4: thundercop ($32.65 in chips) 
Seat 5: komansche74 ($11.65 in chips) 
Seat 6: CuCbKu ($36.30 in chips) 
Seat 7: danila177 ($36.55 in chips) 
Seat 8: Prof Deuce ($5.50 in chips) 
Seat 9: DOCHAMBURG99 ($35.75 in chips) 
DOCHAMBURG99: posts small blind $0.10
RollTideRoll: posts big blind $0.25
*** HOLE CARDS ***
Dealt to Alameda22 [8s Qs]
allison04111: folds 
Alameda22: folds 
thundercop: folds 
komansche74: folds 
CuCbKu: folds 
danila177: folds 
Prof Deuce: folds 
DOCHAMBURG99: raises $0.25 to $0.50
RollTideRoll: calls $0.25
*** FLOP *** [5c Kc Kh]
DOCHAMBURG99: bets $0.50
RollTideRoll: folds 
Uncalled bet ($0.50) returned to DOCHAMBURG99
DOCHAMBURG99 collected $0.95 from pot
*** SUMMARY ***
Total pot $1 | Rake $0.05 
Board [5c Kc Kh]
Seat 1: RollTideRoll (big blind) folded on the Flop
Seat 2: allison04111 folded before Flop (didn't bet)
Seat 3: Alameda22 folded before Flop (didn't bet)
Seat 4: thundercop folded before Flop (didn't bet)
Seat 5: komansche74 folded before Flop (didn't bet)
Seat 6: CuCbKu folded before Flop (didn't bet)
Seat 7: danila177 folded before Flop (didn't bet)
Seat 8: Prof Deuce (button) folded before Flop (didn't bet)
Seat 9: DOCHAMBURG99 (small blind) collected ($0.95)



PokerStars Game #19300535199:  Hold'em No Limit ($0.10/$0.25) - 2008/08/02 - 13:42:16 (ET)
Table 'Amphios II' 9-max Seat #9 is the button
Seat 1: RollTideRoll ($24.15 in chips) 
Seat 2: allison04111 ($18.05 in chips) 
Seat 3: Alameda22 ($24.65 in chips) 
Seat 4: thundercop ($32.65 in chips) 
Seat 5: komansche74 ($11.65 in chips) 
Seat 6: CuCbKu ($36.30 in chips) 
Seat 7: danila177 ($36.55 in chips) 
Seat 8: Prof Deuce ($5.50 in chips) 
Seat 9: DOCHAMBURG99 ($36.20 in chips) 
RollTideRoll: posts small blind $0.10
allison04111: posts big blind $0.25
*** HOLE CARDS ***
Dealt to Alameda22 [Js Ts]
Alameda22: folds 
thundercop: folds 
komansche74: folds 
CuCbKu: folds 
danila177: folds 
Prof Deuce: folds 
DOCHAMBURG99: folds 
RollTideRoll: folds 
Uncalled bet ($0.15) returned to allison04111
allison04111 collected $0.20 from pot
allison04111: doesn't show hand 
*** SUMMARY ***
Total pot $0.20 | Rake $0 
Seat 1: RollTideRoll (small blind) folded before Flop
Seat 2: allison04111 (big blind) collected ($0.20)
Seat 3: Alameda22 folded before Flop (didn't bet)
Seat 4: thundercop folded before Flop (didn't bet)
Seat 5: komansche74 folded before Flop (didn't bet)
Seat 6: CuCbKu folded before Flop (didn't bet)
Seat 7: danila177 folded before Flop (didn't bet)
Seat 8: Prof Deuce folded before Flop (didn't bet)
Seat 9: DOCHAMBURG99 (button) folded before Flop (didn't bet)



PokerStars Game #19300547861:  Hold'em No Limit ($0.10/$0.25) - 2008/08/02 - 13:42:46 (ET)
Table 'Amphios II' 9-max Seat #1 is the button
Seat 1: RollTideRoll ($24.05 in chips) 
Seat 2: allison04111 ($18.15 in chips) 
Seat 3: Alameda22 ($24.65 in chips) 
Seat 4: thundercop ($32.65 in chips) 
Seat 5: komansche74 ($11.65 in chips) 
Seat 6: CuCbKu ($36.30 in chips) 
Seat 7: danila177 ($36.55 in chips) 
Seat 8: Prof Deuce ($5.50 in chips) 
Seat 9: DOCHAMBURG99 ($36.20 in chips) 
allison04111: posts small blind $0.10
Alameda22: posts big blind $0.25
*** HOLE CARDS ***
Dealt to Alameda22 [2h 7s]
thundercop: folds 
komansche74: folds 
CuCbKu: folds 
danila177: folds 
Prof Deuce: raises $0.50 to $0.75
DOCHAMBURG99: folds 
RollTideRoll: folds 
allison04111: folds 
Alameda22: folds 
Uncalled bet ($0.50) returned to Prof Deuce
Prof Deuce collected $0.60 from pot
*** SUMMARY ***
Total pot $0.60 | Rake $0 
Seat 1: RollTideRoll (button) folded before Flop (didn't bet)
Seat 2: allison04111 (small blind) folded before Flop
Seat 3: Alameda22 (big blind) folded before Flop
Seat 4: thundercop folded before Flop (didn't bet)
Seat 5: komansche74 folded before Flop (didn't bet)
Seat 6: CuCbKu folded before Flop (didn't bet)
Seat 7: danila177 folded before Flop (didn't bet)
Seat 8: Prof Deuce collected ($0.60)
Seat 9: DOCHAMBURG99 folded before Flop (didn't bet)



PokerStars Game #19300573758:  Hold'em No Limit ($0.10/$0.25) - 2008/08/02 - 13:43:49 (ET)
Table 'Amphios II' 9-max Seat #2 is the button
Seat 1: RollTideRoll ($24.05 in chips) 
Seat 2: allison04111 ($18.05 in chips) 
Seat 3: Alameda22 ($24.40 in chips) 
Seat 4: thundercop ($32.65 in chips) 
Seat 5: komansche74 ($11.65 in chips) 
Seat 6: CuCbKu ($36.30 in chips) 
Seat 7: danila177 ($36.55 in chips) 
Seat 8: Prof Deuce ($5.85 in chips) 
Seat 9: DOCHAMBURG99 ($36.20 in chips) 
Alameda22: posts small blind $0.10
thundercop: posts big blind $0.25
*** HOLE CARDS ***
Dealt to Alameda22 [Kh Qc]
komansche74: folds 
CuCbKu: folds 
danila177: folds 
Prof Deuce: calls $0.25
DOCHAMBURG99: calls $0.25
RollTideRoll: folds 
allison04111: folds 
Alameda22: calls $0.15
thundercop: checks 
*** FLOP *** [Td 5h 6h]
Alameda22: checks 
thundercop: checks 
Prof Deuce: checks 
DOCHAMBURG99: checks 
*** TURN *** [Td 5h 6h] [7d]
Alameda22: checks 
thundercop: checks 
Prof Deuce: checks 
DOCHAMBURG99: checks 
*** RIVER *** [Td 5h 6h 7d] [9h]
Alameda22: checks 
thundercop: bets $0.75
Prof Deuce: folds 
DOCHAMBURG99: calls $0.75
Alameda22: folds 
*** SHOW DOWN ***
thundercop: shows [9s 8d] (a straight, Six to Ten)
DOCHAMBURG99: shows [8h Jc] (a straight, Seven to Jack)
DOCHAMBURG99 collected $2.40 from pot
*** SUMMARY ***
Total pot $2.50 | Rake $0.10 
Board [Td 5h 6h 7d 9h]
Seat 1: RollTideRoll folded before Flop (didn't bet)
Seat 2: allison04111 (button) folded before Flop (didn't bet)
Seat 3: Alameda22 (small blind) folded on the River
Seat 4: thundercop (big blind) showed [9s 8d] and lost with a straight, Six to Ten
Seat 5: komansche74 folded before Flop (didn't bet)
Seat 6: CuCbKu folded before Flop (didn't bet)
Seat 7: danila177 folded before Flop (didn't bet)
Seat 8: Prof Deuce folded on the River
Seat 9: DOCHAMBURG99 showed [8h Jc] and won ($2.40) with a straight, Seven to Jack



PokerStars Game #19300606069:  Hold'em No Limit ($0.10/$0.25) - 2008/08/02 - 13:45:07 (ET)
Table 'Amphios II' 9-max Seat #3 is the button
Seat 1: RollTideRoll ($24.05 in chips) 
Seat 2: allison04111 ($18.05 in chips) 
Seat 3: Alameda22 ($24.15 in chips) 
Seat 4: thundercop ($31.65 in chips) 
Seat 5: komansche74 ($11.65 in chips) 
Seat 6: CuCbKu ($36.30 in chips) 
Seat 7: danila177 ($36.55 in chips) 
Seat 8: Prof Deuce ($5.60 in chips) 
Seat 9: DOCHAMBURG99 ($37.60 in chips) 
thundercop: posts small blind $0.10
komansche74: posts big blind $0.25
*** HOLE CARDS ***
Dealt to Alameda22 [9d 8c]
CuCbKu: folds 
danila177: folds 
Prof Deuce: folds 
DOCHAMBURG99: calls $0.25
RollTideRoll: folds 
allison04111: folds 
Alameda22: folds 
thundercop: folds 
komansche74: checks 
*** FLOP *** [7s Th 4c]
komansche74: checks 
DOCHAMBURG99: checks 
*** TURN *** [7s Th 4c] [Jh]
komansche74: checks 
DOCHAMBURG99: bets $0.50
komansche74: folds 
Uncalled bet ($0.50) returned to DOCHAMBURG99
DOCHAMBURG99 collected $0.60 from pot
*** SUMMARY ***
Total pot $0.60 | Rake $0 
Board [7s Th 4c Jh]
Seat 1: RollTideRoll folded before Flop (didn't bet)
Seat 2: allison04111 folded before Flop (didn't bet)
Seat 3: Alameda22 (button) folded before Flop (didn't bet)
Seat 4: thundercop (small blind) folded before Flop
Seat 5: komansche74 (big blind) folded on the Turn
Seat 6: CuCbKu folded before Flop (didn't bet)
Seat 7: danila177 folded before Flop (didn't bet)
Seat 8: Prof Deuce folded before Flop (didn't bet)
Seat 9: DOCHAMBURG99 collected ($0.60)



PokerStars Game #19300636618:  Hold'em No Limit ($0.10/$0.25) - 2008/08/02 - 13:46:21 (ET)
Table 'Amphios II' 9-max Seat #4 is the button
Seat 1: RollTideRoll ($24.05 in chips) 
Seat 2: allison04111 ($18.05 in chips) 
Seat 3: Alameda22 ($24.15 in chips) 
Seat 4: thundercop ($31.55 in chips) 
Seat 5: komansche74 ($11.40 in chips) 
Seat 6: CuCbKu ($36.30 in chips) 
Seat 7: danila177 ($36.55 in chips) 
Seat 8: Prof Deuce ($5.60 in chips) 
Seat 9: DOCHAMBURG99 ($37.95 in chips) 
komansche74: posts small blind $0.10
CuCbKu: posts big blind $0.25
*** HOLE CARDS ***
Dealt to Alameda22 [4s 2s]
danila177: folds 
Prof Deuce: raises $0.50 to $0.75
DOCHAMBURG99: folds 
RollTideRoll: folds 
allison04111: folds 
Alameda22: folds 
thundercop: calls $0.75
komansche74: calls $0.65
CuCbKu: folds 
*** FLOP *** [Jd 9h 7d]
komansche74: checks 
Prof Deuce: bets $1.25
thundercop: calls $1.25
komansche74: calls $1.25
*** TURN *** [Jd 9h 7d] [Kc]
komansche74: checks 
Prof Deuce: bets $3.60 and is all-in
thundercop: calls $3.60
komansche74: folds 
*** RIVER *** [Jd 9h 7d Kc] [7c]
*** SHOW DOWN ***
Prof Deuce: shows [6d Ad] (a pair of Sevens)
thundercop: shows [Js As] (two pair, Jacks and Sevens)
thundercop collected $12.80 from pot
*** SUMMARY ***
Total pot $13.45 | Rake $0.65 
Board [Jd 9h 7d Kc 7c]
Seat 1: RollTideRoll folded before Flop (didn't bet)
Seat 2: allison04111 folded before Flop (didn't bet)
Seat 3: Alameda22 folded before Flop (didn't bet)
Seat 4: thundercop (button) showed [Js As] and won ($12.80) with two pair, Jacks and Sevens
Seat 5: komansche74 (small blind) folded on the Turn
Seat 6: CuCbKu (big blind) folded before Flop
Seat 7: danila177 folded before Flop (didn't bet)
Seat 8: Prof Deuce showed [6d Ad] and lost with a pair of Sevens
Seat 9: DOCHAMBURG99 folded before Flop (didn't bet)



PokerStars Game #19300673684:  Hold'em No Limit ($0.10/$0.25) - 2008/08/02 - 13:47:49 (ET)
Table 'Amphios II' 9-max Seat #5 is the button
Seat 1: RollTideRoll ($24.05 in chips) 
Seat 2: allison04111 ($18.05 in chips) 
Seat 3: Alameda22 ($24.15 in chips) 
Seat 4: thundercop ($38.75 in chips) 
Seat 5: komansche74 ($9.40 in chips) 
Seat 6: CuCbKu ($36.05 in chips) 
Seat 7: danila177 ($36.55 in chips) 
Seat 9: DOCHAMBURG99 ($37.95 in chips) 
CuCbKu: posts small blind $0.10
danila177: posts big blind $0.25
*** HOLE CARDS ***
Dealt to Alameda22 [9d 6h]
Prof Deuce leaves the table
DOCHAMBURG99: calls $0.25
RollTideRoll: folds 
allison04111: folds 
magic26v joins the table at seat #8 
Alameda22: folds 
thundercop: calls $0.25
komansche74: folds 
CuCbKu: folds 
danila177: checks 
*** FLOP *** [2h 5d Kc]
danila177: checks 
DOCHAMBURG99: checks 
thundercop: checks 
*** TURN *** [2h 5d Kc] [3d]
danila177: checks 
DOCHAMBURG99: bets $0.25
thundercop: folds 
danila177: folds 
Uncalled bet ($0.25) returned to DOCHAMBURG99
DOCHAMBURG99 collected $0.85 from pot
allison04111 is sitting out
*** SUMMARY ***
Total pot $0.85 | Rake $0 
Board [2h 5d Kc 3d]
Seat 1: RollTideRoll folded before Flop (didn't bet)
Seat 2: allison04111 folded before Flop (didn't bet)
Seat 3: Alameda22 folded before Flop (didn't bet)
Seat 4: thundercop folded on the Turn
Seat 5: komansche74 (button) folded before Flop (didn't bet)
Seat 6: CuCbKu (small blind) folded before Flop
Seat 7: danila177 (big blind) folded on the Turn
Seat 9: DOCHAMBURG99 collected ($0.85)



PokerStars Game #19300696627:  Hold'em No Limit ($0.10/$0.25) - 2008/08/02 - 13:48:44 (ET)
Table 'Amphios II' 9-max Seat #6 is the button
Seat 1: RollTideRoll ($24.05 in chips) 
Seat 3: Alameda22 ($24.15 in chips) 
Seat 4: thundercop ($38.50 in chips) 
Seat 5: komansche74 ($9.40 in chips) 
Seat 6: CuCbKu ($35.95 in chips) 
Seat 7: danila177 ($36.30 in chips) 
Seat 8: magic26v ($25 in chips) 
Seat 9: DOCHAMBURG99 ($38.55 in chips) 
danila177: posts small blind $0.10
magic26v: posts big blind $0.25
*** HOLE CARDS ***
Dealt to Alameda22 [As Kc]
DOCHAMBURG99: calls $0.25
RollTideRoll: folds 
Alameda22: raises $0.75 to $1
thundercop: folds 
komansche74: folds 
CuCbKu: folds 
danila177: folds 
magic26v: folds 
DOCHAMBURG99: calls $0.75
*** FLOP *** [Td 6h 3s]
DOCHAMBURG99: checks 
Alameda22: bets $1.50
DOCHAMBURG99: calls $1.50
*** TURN *** [Td 6h 3s] [Ac]
DOCHAMBURG99: checks 
Alameda22: bets $3.50
DOCHAMBURG99: folds 
Uncalled bet ($3.50) returned to Alameda22
Alameda22 collected $5.10 from pot
Alameda22: doesn't show hand 
*** SUMMARY ***
Total pot $5.35 | Rake $0.25 
Board [Td 6h 3s Ac]
Seat 1: RollTideRoll folded before Flop (didn't bet)
Seat 3: Alameda22 collected ($5.10)
Seat 4: thundercop folded before Flop (didn't bet)
Seat 5: komansche74 folded before Flop (didn't bet)
Seat 6: CuCbKu (button) folded before Flop (didn't bet)
Seat 7: danila177 (small blind) folded before Flop
Seat 8: magic26v (big blind) folded before Flop
Seat 9: DOCHAMBURG99 folded on the Turn



PokerStars Game #19300722562:  Hold'em No Limit ($0.10/$0.25) - 2008/08/02 - 13:49:48 (ET)
Table 'Amphios II' 9-max Seat #7 is the button
Seat 1: RollTideRoll ($24.05 in chips) 
Seat 3: Alameda22 ($26.75 in chips) 
Seat 4: thundercop ($38.50 in chips) 
Seat 5: komansche74 ($9.40 in chips) 
Seat 6: CuCbKu ($35.95 in chips) 
Seat 7: danila177 ($36.20 in chips) 
Seat 8: magic26v ($25 in chips) 
Seat 9: DOCHAMBURG99 ($36.05 in chips) 
magic26v: posts small blind $0.10
DOCHAMBURG99: posts big blind $0.25
*** HOLE CARDS ***
Dealt to Alameda22 [9c 2c]
RollTideRoll: folds 
Alameda22: folds 
thundercop: raises $0.75 to $1
komansche74: calls $1
CuCbKu: folds 
danila177: folds 
magic26v: folds 
DOCHAMBURG99: folds 
*** FLOP *** [2s 6c Qd]
thundercop: bets $1.25
komansche74: folds 
Uncalled bet ($1.25) returned to thundercop
thundercop collected $2.25 from pot
thundercop: doesn't show hand 
*** SUMMARY ***
Total pot $2.35 | Rake $0.10 
Board [2s 6c Qd]
Seat 1: RollTideRoll folded before Flop (didn't bet)
Seat 3: Alameda22 folded before Flop (didn't bet)
Seat 4: thundercop collected ($2.25)
Seat 5: komansche74 folded on the Flop
Seat 6: CuCbKu folded before Flop (didn't bet)
Seat 7: danila177 (button) folded before Flop (didn't bet)
Seat 8: magic26v (small blind) folded before Flop
Seat 9: DOCHAMBURG99 (big blind) folded before Flop



PokerStars Game #19300748751:  Hold'em No Limit ($0.10/$0.25) - 2008/08/02 - 13:50:51 (ET)
Table 'Amphios II' 9-max Seat #8 is the button
Seat 1: RollTideRoll ($24.05 in chips) 
Seat 3: Alameda22 ($26.75 in chips) 
Seat 4: thundercop ($39.75 in chips) 
Seat 5: komansche74 ($8.40 in chips) 
Seat 6: CuCbKu ($35.95 in chips) 
Seat 7: danila177 ($36.20 in chips) 
Seat 8: magic26v ($24.90 in chips) 
Seat 9: DOCHAMBURG99 ($35.80 in chips) 
DOCHAMBURG99: posts small blind $0.10
RollTideRoll: posts big blind $0.25
*** HOLE CARDS ***
Dealt to Alameda22 [9d 4d]
Alameda22: folds 
thundercop: folds 
komansche74: folds 
CuCbKu: raises $0.75 to $1
danila177: folds 
magic26v: calls $1
DOCHAMBURG99: folds 
RollTideRoll: calls $0.75
*** FLOP *** [7s 7c As]
RollTideRoll: checks 
CuCbKu: bets $2
magic26v: folds 
RollTideRoll: folds 
Uncalled bet ($2) returned to CuCbKu
CuCbKu collected $2.95 from pot
CuCbKu: doesn't show hand 
*** SUMMARY ***
Total pot $3.10 | Rake $0.15 
Board [7s 7c As]
Seat 1: RollTideRoll (big blind) folded on the Flop
Seat 3: Alameda22 folded before Flop (didn't bet)
Seat 4: thundercop folded before Flop (didn't bet)
Seat 5: komansche74 folded before Flop (didn't bet)
Seat 6: CuCbKu collected ($2.95)
Seat 7: danila177 folded before Flop (didn't bet)
Seat 8: magic26v (button) folded on the Flop
Seat 9: DOCHAMBURG99 (small blind) folded before Flop



PokerStars Game #19300780419:  Hold'em No Limit ($0.10/$0.25) - 2008/08/02 - 13:52:08 (ET)
Table 'Amphios II' 9-max Seat #9 is the button
Seat 1: RollTideRoll ($25 in chips) 
Seat 3: Alameda22 ($26.75 in chips) 
Seat 4: thundercop ($39.75 in chips) 
Seat 5: komansche74 ($8.40 in chips) 
Seat 6: CuCbKu ($37.90 in chips) 
Seat 7: danila177 ($36.20 in chips) 
Seat 8: magic26v ($25 in chips) 
Seat 9: DOCHAMBURG99 ($35.70 in chips) 
RollTideRoll: posts small blind $0.10
Alameda22: posts big blind $0.25
*** HOLE CARDS ***
Dealt to Alameda22 [6d Jd]
thundercop: folds 
komansche74: calls $0.25
CuCbKu: folds 
danila177: folds 
magic26v: folds 
DOCHAMBURG99: calls $0.25
RollTideRoll: folds 
Alameda22: checks 
*** FLOP *** [As Kd Jh]
Alameda22: checks 
komansche74: checks 
DOCHAMBURG99: checks 
*** TURN *** [As Kd Jh] [Tc]
Alameda22: checks 
komansche74: checks 
DOCHAMBURG99: checks 
*** RIVER *** [As Kd Jh Tc] [Jc]
Alameda22: bets $0.50
komansche74: calls $0.50
DOCHAMBURG99: folds 
*** SHOW DOWN ***
Alameda22: shows [6d Jd] (three of a kind, Jacks)
komansche74: mucks hand 
Alameda22 collected $1.80 from pot
*** SUMMARY ***
Total pot $1.85 | Rake $0.05 
Board [As Kd Jh Tc Jc]
Seat 1: RollTideRoll (small blind) folded before Flop
Seat 3: Alameda22 (big blind) showed [6d Jd] and won ($1.80) with three of a kind, Jacks
Seat 4: thundercop folded before Flop (didn't bet)
Seat 5: komansche74 mucked [9d Td]
Seat 6: CuCbKu folded before Flop (didn't bet)
Seat 7: danila177 folded before Flop (didn't bet)
Seat 8: magic26v folded before Flop (didn't bet)
Seat 9: DOCHAMBURG99 (button) folded on the River



PokerStars Game #19300810204:  Hold'em No Limit ($0.10/$0.25) - 2008/08/02 - 13:53:21 (ET)
Table 'Amphios II' 9-max Seat #1 is the button
Seat 1: RollTideRoll ($24.90 in chips) 
Seat 3: Alameda22 ($27.80 in chips) 
Seat 4: thundercop ($39.75 in chips) 
Seat 5: komansche74 ($7.65 in chips) 
Seat 6: CuCbKu ($37.90 in chips) 
Seat 7: danila177 ($36.20 in chips) 
Seat 8: magic26v ($25 in chips) 
Seat 9: DOCHAMBURG99 ($35.45 in chips) 
Alameda22: posts small blind $0.10
thundercop: posts big blind $0.25
*** HOLE CARDS ***
Dealt to Alameda22 [Qd 6s]
komansche74: calls $0.25
CuCbKu: folds 
danila177: folds 
magic26v: calls $0.25
DOCHAMBURG99: calls $0.25
RollTideRoll: folds 
Alameda22: folds 
thundercop: checks 
*** FLOP *** [Ac 7c 4c]
thundercop: checks 
komansche74: checks 
magic26v: checks 
DOCHAMBURG99: checks 
*** TURN *** [Ac 7c 4c] [3c]
thundercop: checks 
komansche74: checks 
magic26v: checks 
DOCHAMBURG99: checks 
*** RIVER *** [Ac 7c 4c 3c] [Kc]
thundercop: checks 
komansche74: bets $0.50
magic26v: folds 
DOCHAMBURG99: calls $0.50
thundercop: folds 
*** SHOW DOWN ***
komansche74: shows [Ah Js] (a flush, Ace high)
DOCHAMBURG99: shows [Tc Jh] (a flush, Ace high - Ten higher)
DOCHAMBURG99 collected $2 from pot
*** SUMMARY ***
Total pot $2.10 | Rake $0.10 
Board [Ac 7c 4c 3c Kc]
Seat 1: RollTideRoll (button) folded before Flop (didn't bet)
Seat 3: Alameda22 (small blind) folded before Flop
Seat 4: thundercop (big blind) folded on the River
Seat 5: komansche74 showed [Ah Js] and lost with a flush, Ace high
Seat 6: CuCbKu folded before Flop (didn't bet)
Seat 7: danila177 folded before Flop (didn't bet)
Seat 8: magic26v folded on the River
Seat 9: DOCHAMBURG99 showed [Tc Jh] and won ($2) with a flush, Ace high



PokerStars Game #19300850633:  Hold'em No Limit ($0.10/$0.25) - 2008/08/02 - 13:55:01 (ET)
Table 'Amphios II' 9-max Seat #3 is the button
Seat 1: RollTideRoll ($24.90 in chips) 
Seat 3: Alameda22 ($27.70 in chips) 
Seat 4: thundercop ($39.50 in chips) 
Seat 5: komansche74 ($6.90 in chips) 
Seat 6: CuCbKu ($37.90 in chips) 
Seat 7: danila177 ($36.20 in chips) 
Seat 8: magic26v ($25 in chips) 
Seat 9: DOCHAMBURG99 ($36.70 in chips) 
thundercop: posts small blind $0.10
komansche74: posts big blind $0.25
*** HOLE CARDS ***
Dealt to Alameda22 [8s Jd]
CuCbKu: folds 
danila177: folds 
magic26v: folds 
DOCHAMBURG99: calls $0.25
RollTideRoll: calls $0.25
Alameda22: folds 
thundercop: folds 
komansche74: checks 
*** FLOP *** [8h 3c Ts]
komansche74: checks 
DOCHAMBURG99: checks 
RollTideRoll: bets $0.75
komansche74: calls $0.75
DOCHAMBURG99: folds 
*** TURN *** [8h 3c Ts] [3h]
komansche74: bets $1.75
RollTideRoll: folds 
Uncalled bet ($1.75) returned to komansche74
komansche74 collected $2.25 from pot
komansche74: doesn't show hand 
*** SUMMARY ***
Total pot $2.35 | Rake $0.10 
Board [8h 3c Ts 3h]
Seat 1: RollTideRoll folded on the Turn
Seat 3: Alameda22 (button) folded before Flop (didn't bet)
Seat 4: thundercop (small blind) folded before Flop
Seat 5: komansche74 (big blind) collected ($2.25)
Seat 6: CuCbKu folded before Flop (didn't bet)
Seat 7: danila177 folded before Flop (didn't bet)
Seat 8: magic26v folded before Flop (didn't bet)
Seat 9: DOCHAMBURG99 folded on the Flop



PokerStars Game #19300877139:  Hold'em No Limit ($0.10/$0.25) - 2008/08/02 - 13:56:07 (ET)
Table 'Amphios II' 9-max Seat #4 is the button
Seat 1: RollTideRoll ($25 in chips) 
Seat 3: Alameda22 ($27.70 in chips) 
Seat 4: thundercop ($39.40 in chips) 
Seat 5: komansche74 ($8.15 in chips) 
Seat 6: CuCbKu ($37.90 in chips) 
Seat 7: danila177 ($36.20 in chips) 
Seat 8: magic26v ($25 in chips) 
Seat 9: DOCHAMBURG99 ($36.45 in chips) 
komansche74: posts small blind $0.10
CuCbKu: posts big blind $0.25
*** HOLE CARDS ***
Dealt to Alameda22 [Kc 2h]
danila177: folds 
magic26v: folds 
DOCHAMBURG99: folds 
RollTideRoll: folds 
Alameda22: folds 
allison04111 has returned
thundercop: raises $0.50 to $0.75
komansche74: calls $0.65
CuCbKu: folds 
*** FLOP *** [3c Jd 7d]
komansche74: checks 
thundercop: checks 
*** TURN *** [3c Jd 7d] [6h]
komansche74: bets $0.50
thundercop: calls $0.50
*** RIVER *** [3c Jd 7d 6h] [9d]
komansche74: bets $1.50
thundercop: folds 
Uncalled bet ($1.50) returned to komansche74
komansche74 collected $2.65 from pot
komansche74: doesn't show hand 
*** SUMMARY ***
Total pot $2.75 | Rake $0.10 
Board [3c Jd 7d 6h 9d]
Seat 1: RollTideRoll folded before Flop (didn't bet)
Seat 3: Alameda22 folded before Flop (didn't bet)
Seat 4: thundercop (button) folded on the River
Seat 5: komansche74 (small blind) collected ($2.65)
Seat 6: CuCbKu (big blind) folded before Flop
Seat 7: danila177 folded before Flop (didn't bet)
Seat 8: magic26v folded before Flop (didn't bet)
Seat 9: DOCHAMBURG99 folded before Flop (didn't bet)



PokerStars Game #19300915750:  Hold'em No Limit ($0.10/$0.25) - 2008/08/02 - 13:57:41 (ET)
Table 'Amphios II' 9-max Seat #5 is the button
Seat 1: RollTideRoll ($25 in chips) 
Seat 2: allison04111 ($18.05 in chips) 
Seat 3: Alameda22 ($27.70 in chips) 
Seat 4: thundercop ($38.15 in chips) 
Seat 5: komansche74 ($9.55 in chips) 
Seat 6: CuCbKu ($37.65 in chips) 
Seat 7: danila177 ($36.20 in chips) 
Seat 8: magic26v ($25 in chips) 
Seat 9: DOCHAMBURG99 ($36.45 in chips) 
CuCbKu: posts small blind $0.10
danila177: posts big blind $0.25
allison04111: posts small & big blinds $0.35
*** HOLE CARDS ***
Dealt to Alameda22 [5h 3c]
magic26v: folds 
DOCHAMBURG99: folds 
RollTideRoll: folds 
allison04111: checks 
Alameda22: folds 
thundercop: folds 
komansche74: calls $0.25
CuCbKu: folds 
danila177: checks 
*** FLOP *** [5c 3s Jc]
danila177: checks 
allison04111: checks 
komansche74: checks 
*** TURN *** [5c 3s Jc] [9h]
danila177: checks 
allison04111: checks 
komansche74: checks 
*** RIVER *** [5c 3s Jc 9h] [Th]
danila177: checks 
allison04111: checks 
komansche74: bets $1
danila177: folds 
allison04111: folds 
Uncalled bet ($1) returned to komansche74
komansche74 collected $0.95 from pot
komansche74: doesn't show hand 
*** SUMMARY ***
Total pot $0.95 | Rake $0 
Board [5c 3s Jc 9h Th]
Seat 1: RollTideRoll folded before Flop (didn't bet)
Seat 2: allison04111 folded on the River
Seat 3: Alameda22 folded before Flop (didn't bet)
Seat 4: thundercop folded before Flop (didn't bet)
Seat 5: komansche74 (button) collected ($0.95)
Seat 6: CuCbKu (small blind) folded before Flop
Seat 7: danila177 (big blind) folded on the River
Seat 8: magic26v folded before Flop (didn't bet)
Seat 9: DOCHAMBURG99 folded before Flop (didn't bet)



PokerStars Game #19300945272:  Hold'em No Limit ($0.10/$0.25) - 2008/08/02 - 13:58:53 (ET)
Table 'Amphios II' 9-max Seat #6 is the button
Seat 1: RollTideRoll ($25 in chips) 
Seat 2: allison04111 ($17.70 in chips) 
Seat 3: Alameda22 ($27.70 in chips) 
Seat 4: thundercop ($38.15 in chips) 
Seat 5: komansche74 ($10.25 in chips) 
Seat 6: CuCbKu ($37.55 in chips) 
Seat 7: danila177 ($35.95 in chips) 
Seat 8: magic26v ($25 in chips) 
Seat 9: DOCHAMBURG99 ($36.45 in chips) 
danila177: posts small blind $0.10
magic26v: posts big blind $0.25
*** HOLE CARDS ***
Dealt to Alameda22 [Ad As]
DOCHAMBURG99: folds 
RollTideRoll: folds 
allison04111: folds 
Alameda22: raises $0.75 to $1
thundercop: folds 
komansche74: folds 
CuCbKu: folds 
danila177: folds 
magic26v: folds 
Uncalled bet ($0.75) returned to Alameda22
Alameda22 collected $0.60 from pot
Alameda22: doesn't show hand 
*** SUMMARY ***
Total pot $0.60 | Rake $0 
Seat 1: RollTideRoll folded before Flop (didn't bet)
Seat 2: allison04111 folded before Flop (didn't bet)
Seat 3: Alameda22 collected ($0.60)
Seat 4: thundercop folded before Flop (didn't bet)
Seat 5: komansche74 folded before Flop (didn't bet)
Seat 6: CuCbKu (button) folded before Flop (didn't bet)
Seat 7: danila177 (small blind) folded before Flop
Seat 8: magic26v (big blind) folded before Flop
Seat 9: DOCHAMBURG99 folded before Flop (didn't bet)



PokerStars Game #19300960398:  Hold'em No Limit ($0.10/$0.25) - 2008/08/02 - 13:59:30 (ET)
Table 'Amphios II' 9-max Seat #7 is the button
Seat 1: RollTideRoll ($25 in chips) 
Seat 2: allison04111 ($17.70 in chips) 
Seat 3: Alameda22 ($28.05 in chips) 
Seat 4: thundercop ($38.15 in chips) 
Seat 5: komansche74 ($10.25 in chips) 
Seat 6: CuCbKu ($37.55 in chips) 
Seat 7: danila177 ($35.85 in chips) 
Seat 8: magic26v ($24.75 in chips) 
Seat 9: DOCHAMBURG99 ($36.45 in chips) 
magic26v: posts small blind $0.10
DOCHAMBURG99: posts big blind $0.25
*** HOLE CARDS ***
Dealt to Alameda22 [Td 3s]
RollTideRoll: folds 
allison04111: folds 
Alameda22: folds 
thundercop: folds 
komansche74: folds 
CuCbKu: folds 
danila177: folds 
magic26v: folds 
Uncalled bet ($0.15) returned to DOCHAMBURG99
DOCHAMBURG99 collected $0.20 from pot
*** SUMMARY ***
Total pot $0.20 | Rake $0 
Seat 1: RollTideRoll folded before Flop (didn't bet)
Seat 2: allison04111 folded before Flop (didn't bet)
Seat 3: Alameda22 folded before Flop (didn't bet)
Seat 4: thundercop folded before Flop (didn't bet)
Seat 5: komansche74 folded before Flop (didn't bet)
Seat 6: CuCbKu folded before Flop (didn't bet)
Seat 7: danila177 (button) folded before Flop (didn't bet)
Seat 8: magic26v (small blind) folded before Flop
Seat 9: DOCHAMBURG99 (big blind) collected ($0.20)



PokerStars Game #19300976535:  Hold'em No Limit ($0.10/$0.25) - 2008/08/02 - 14:00:08 (ET)
Table 'Amphios II' 9-max Seat #8 is the button
Seat 1: RollTideRoll ($25 in chips) 
Seat 2: allison04111 ($17.70 in chips) 
Seat 3: Alameda22 ($28.05 in chips) 
Seat 4: thundercop ($38.15 in chips) 
Seat 5: komansche74 ($10.25 in chips) 
Seat 6: CuCbKu ($37.55 in chips) 
Seat 7: danila177 ($35.85 in chips) 
Seat 8: magic26v ($24.65 in chips) 
Seat 9: DOCHAMBURG99 ($36.55 in chips) 
DOCHAMBURG99: posts small blind $0.10
RollTideRoll: posts big blind $0.25
*** HOLE CARDS ***
Dealt to Alameda22 [7s 8h]
allison04111: folds 
Alameda22: folds 
thundercop: folds 
komansche74: folds 
CuCbKu: folds 
danila177: folds 
magic26v: folds 
DOCHAMBURG99: folds 
Uncalled bet ($0.15) returned to RollTideRoll
RollTideRoll collected $0.20 from pot
RollTideRoll: doesn't show hand 
*** SUMMARY ***
Total pot $0.20 | Rake $0 
Seat 1: RollTideRoll (big blind) collected ($0.20)
Seat 2: allison04111 folded before Flop (didn't bet)
Seat 3: Alameda22 folded before Flop (didn't bet)
Seat 4: thundercop folded before Flop (didn't bet)
Seat 5: komansche74 folded before Flop (didn't bet)
Seat 6: CuCbKu folded before Flop (didn't bet)
Seat 7: danila177 folded before Flop (didn't bet)
Seat 8: magic26v (button) folded before Flop (didn't bet)
Seat 9: DOCHAMBURG99 (small blind) folded before Flop



PokerStars Game #19300997954:  Hold'em No Limit ($0.10/$0.25) - 2008/08/02 - 14:01:01 (ET)
Table 'Amphios II' 9-max Seat #9 is the button
Seat 1: RollTideRoll ($25.10 in chips) 
Seat 2: allison04111 ($17.70 in chips) 
Seat 3: Alameda22 ($28.05 in chips) 
Seat 4: thundercop ($38.15 in chips) 
Seat 5: komansche74 ($10.25 in chips) 
Seat 6: CuCbKu ($37.55 in chips) 
Seat 7: danila177 ($35.85 in chips) 
Seat 8: magic26v ($24.65 in chips) 
Seat 9: DOCHAMBURG99 ($36.45 in chips) 
RollTideRoll: posts small blind $0.10
allison04111: posts big blind $0.25
*** HOLE CARDS ***
Dealt to Alameda22 [Ac 3s]
Alameda22: folds 
thundercop: folds 
komansche74: folds 
CuCbKu: folds 
danila177: folds 
magic26v: folds 
DOCHAMBURG99: folds 
RollTideRoll: folds 
Uncalled bet ($0.15) returned to allison04111
allison04111 collected $0.20 from pot
allison04111: doesn't show hand 
*** SUMMARY ***
Total pot $0.20 | Rake $0 
Seat 1: RollTideRoll (small blind) folded before Flop
Seat 2: allison04111 (big blind) collected ($0.20)
Seat 3: Alameda22 folded before Flop (didn't bet)
Seat 4: thundercop folded before Flop (didn't bet)
Seat 5: komansche74 folded before Flop (didn't bet)
Seat 6: CuCbKu folded before Flop (didn't bet)
Seat 7: danila177 folded before Flop (didn't bet)
Seat 8: magic26v folded before Flop (didn't bet)
Seat 9: DOCHAMBURG99 (button) folded before Flop (didn't bet)



PokerStars Game #19301011474:  Hold'em No Limit ($0.10/$0.25) - 2008/08/02 - 14:01:35 (ET)
Table 'Amphios II' 9-max Seat #1 is the button
Seat 1: RollTideRoll ($25 in chips) 
Seat 2: allison04111 ($17.80 in chips) 
Seat 3: Alameda22 ($28.05 in chips) 
Seat 4: thundercop ($38.15 in chips) 
Seat 5: komansche74 ($10.25 in chips) 
Seat 6: CuCbKu ($37.55 in chips) 
Seat 7: danila177 ($35.85 in chips) 
Seat 8: magic26v ($24.65 in chips) 
Seat 9: DOCHAMBURG99 ($36.45 in chips) 
allison04111: posts small blind $0.10
Alameda22: posts big blind $0.25
*** HOLE CARDS ***
Dealt to Alameda22 [Td Kc]
thundercop: folds 
komansche74: folds 
CuCbKu: folds 
danila177: raises $0.75 to $1
magic26v: folds 
DOCHAMBURG99: folds 
RollTideRoll: folds 
allison04111: folds 
Alameda22: folds 
Uncalled bet ($0.75) returned to danila177
danila177 collected $0.60 from pot
*** SUMMARY ***
Total pot $0.60 | Rake $0 
Seat 1: RollTideRoll (button) folded before Flop (didn't bet)
Seat 2: allison04111 (small blind) folded before Flop
Seat 3: Alameda22 (big blind) folded before Flop
Seat 4: thundercop folded before Flop (didn't bet)
Seat 5: komansche74 folded before Flop (didn't bet)
Seat 6: CuCbKu folded before Flop (didn't bet)
Seat 7: danila177 collected ($0.60)
Seat 8: magic26v folded before Flop (didn't bet)
Seat 9: DOCHAMBURG99 folded before Flop (didn't bet)



PokerStars Game #19301031261:  Hold'em No Limit ($0.10/$0.25) - 2008/08/02 - 14:02:23 (ET)
Table 'Amphios II' 9-max Seat #2 is the button
Seat 1: RollTideRoll ($25 in chips) 
Seat 2: allison04111 ($17.70 in chips) 
Seat 3: Alameda22 ($27.80 in chips) 
Seat 4: thundercop ($38.15 in chips) 
Seat 5: komansche74 ($10.25 in chips) 
Seat 6: CuCbKu ($37.55 in chips) 
Seat 7: danila177 ($36.20 in chips) 
Seat 8: magic26v ($24.65 in chips) 
Seat 9: DOCHAMBURG99 ($36.45 in chips) 
Alameda22: posts small blind $0.10
thundercop: posts big blind $0.25
*** HOLE CARDS ***
Dealt to Alameda22 [Kc Ad]
komansche74: folds 
CuCbKu: folds 
danila177: folds 
magic26v: folds 
DOCHAMBURG99: folds 
RollTideRoll: folds 
allison04111: folds 
Alameda22: raises $0.75 to $1
thundercop: folds 
Uncalled bet ($0.75) returned to Alameda22
Alameda22 collected $0.50 from pot
Alameda22: doesn't show hand 
*** SUMMARY ***
Total pot $0.50 | Rake $0 
Seat 1: RollTideRoll folded before Flop (didn't bet)
Seat 2: allison04111 (button) folded before Flop (didn't bet)
Seat 3: Alameda22 (small blind) collected ($0.50)
Seat 4: thundercop (big blind) folded before Flop
Seat 5: komansche74 folded before Flop (didn't bet)
Seat 6: CuCbKu folded before Flop (didn't bet)
Seat 7: danila177 folded before Flop (didn't bet)
Seat 8: magic26v folded before Flop (didn't bet)
Seat 9: DOCHAMBURG99 folded before Flop (didn't bet)



PokerStars Game #19301051281:  Hold'em No Limit ($0.10/$0.25) - 2008/08/02 - 14:03:13 (ET)
Table 'Amphios II' 9-max Seat #3 is the button
Seat 1: RollTideRoll ($25 in chips) 
Seat 2: allison04111 ($17.70 in chips) 
Seat 3: Alameda22 ($28.05 in chips) 
Seat 4: thundercop ($37.90 in chips) 
Seat 5: komansche74 ($10.25 in chips) 
Seat 6: CuCbKu ($37.55 in chips) 
Seat 7: danila177 ($36.20 in chips) 
Seat 8: magic26v ($25 in chips) 
Seat 9: DOCHAMBURG99 ($36.45 in chips) 
thundercop: posts small blind $0.10
komansche74: posts big blind $0.25
*** HOLE CARDS ***
Dealt to Alameda22 [Th Kc]
CuCbKu: folds 
danila177: folds 
magic26v: folds 
DOCHAMBURG99: folds 
RollTideRoll: folds 
allison04111: folds 
Alameda22: folds 
thundercop: calls $0.15
komansche74: checks 
*** FLOP *** [8h Ah 5s]
thundercop: checks 
komansche74: checks 
*** TURN *** [8h Ah 5s] [2s]
thundercop: bets $0.50
komansche74: folds 
Uncalled bet ($0.50) returned to thundercop
thundercop collected $0.50 from pot
thundercop: doesn't show hand 
*** SUMMARY ***
Total pot $0.50 | Rake $0 
Board [8h Ah 5s 2s]
Seat 1: RollTideRoll folded before Flop (didn't bet)
Seat 2: allison04111 folded before Flop (didn't bet)
Seat 3: Alameda22 (button) folded before Flop (didn't bet)
Seat 4: thundercop (small blind) collected ($0.50)
Seat 5: komansche74 (big blind) folded on the Turn
Seat 6: CuCbKu folded before Flop (didn't bet)
Seat 7: danila177 folded before Flop (didn't bet)
Seat 8: magic26v folded before Flop (didn't bet)
Seat 9: DOCHAMBURG99 folded before Flop (didn't bet)



PokerStars Game #19301073147:  Hold'em No Limit ($0.10/$0.25) - 2008/08/02 - 14:04:07 (ET)
Table 'Amphios II' 9-max Seat #4 is the button
Seat 1: RollTideRoll ($25 in chips) 
Seat 2: allison04111 ($17.70 in chips) 
Seat 3: Alameda22 ($28.05 in chips) 
Seat 4: thundercop ($38.15 in chips) 
Seat 5: komansche74 ($10 in chips) 
Seat 6: CuCbKu ($37.55 in chips) 
Seat 7: danila177 ($36.20 in chips) 
Seat 8: magic26v ($25 in chips) 
Seat 9: DOCHAMBURG99 ($36.45 in chips) 
komansche74: posts small blind $0.10
CuCbKu: posts big blind $0.25
*** HOLE CARDS ***
Dealt to Alameda22 [9h 4h]
danila177: folds 
magic26v: folds 
DOCHAMBURG99: calls $0.25
RollTideRoll: folds 
allison04111: folds 
Alameda22: folds 
thundercop: raises $1 to $1.25
komansche74: folds 
CuCbKu: folds 
DOCHAMBURG99: folds 
Uncalled bet ($1) returned to thundercop
thundercop collected $0.85 from pot
thundercop: doesn't show hand 
*** SUMMARY ***
Total pot $0.85 | Rake $0 
Seat 1: RollTideRoll folded before Flop (didn't bet)
Seat 2: allison04111 folded before Flop (didn't bet)
Seat 3: Alameda22 folded before Flop (didn't bet)
Seat 4: thundercop (button) collected ($0.85)
Seat 5: komansche74 (small blind) folded before Flop
Seat 6: CuCbKu (big blind) folded before Flop
Seat 7: danila177 folded before Flop (didn't bet)
Seat 8: magic26v folded before Flop (didn't bet)
Seat 9: DOCHAMBURG99 folded before Flop



PokerStars Game #19301086514:  Hold'em No Limit ($0.10/$0.25) - 2008/08/02 - 14:04:40 (ET)
Table 'Amphios II' 9-max Seat #5 is the button
Seat 1: RollTideRoll ($25 in chips) 
Seat 2: allison04111 ($17.70 in chips) 
Seat 3: Alameda22 ($28.05 in chips) 
Seat 4: thundercop ($38.75 in chips) 
Seat 5: komansche74 ($9.90 in chips) 
Seat 6: CuCbKu ($37.30 in chips) 
Seat 7: danila177 ($36.20 in chips) 
Seat 8: magic26v ($25 in chips) 
Seat 9: DOCHAMBURG99 ($36.20 in chips) 
CuCbKu: posts small blind $0.10
danila177: posts big blind $0.25
*** HOLE CARDS ***
Dealt to Alameda22 [9d 9c]
magic26v: folds 
DOCHAMBURG99: calls $0.25
RollTideRoll: folds 
allison04111: folds 
Alameda22: raises $0.75 to $1
thundercop: folds 
komansche74: folds 
CuCbKu: folds 
danila177: folds 
DOCHAMBURG99: calls $0.75
*** FLOP *** [7d 2c 3d]
DOCHAMBURG99: checks 
Alameda22: bets $1.50
DOCHAMBURG99: calls $1.50
*** TURN *** [7d 2c 3d] [Qs]
DOCHAMBURG99: checks 
Alameda22: checks 
*** RIVER *** [7d 2c 3d Qs] [Kc]
DOCHAMBURG99: bets $2.50
Alameda22: calls $2.50
*** SHOW DOWN ***
DOCHAMBURG99: shows [As Kh] (a pair of Kings)
Alameda22: mucks hand 
DOCHAMBURG99 collected $9.85 from pot
*** SUMMARY ***
Total pot $10.35 | Rake $0.50 
Board [7d 2c 3d Qs Kc]
Seat 1: RollTideRoll folded before Flop (didn't bet)
Seat 2: allison04111 folded before Flop (didn't bet)
Seat 3: Alameda22 mucked [9d 9c]
Seat 4: thundercop folded before Flop (didn't bet)
Seat 5: komansche74 (button) folded before Flop (didn't bet)
Seat 6: CuCbKu (small blind) folded before Flop
Seat 7: danila177 (big blind) folded before Flop
Seat 8: magic26v folded before Flop (didn't bet)
Seat 9: DOCHAMBURG99 showed [As Kh] and won ($9.85) with a pair of Kings



PokerStars Game #19301116264:  Hold'em No Limit ($0.10/$0.25) - 2008/08/02 - 14:05:55 (ET)
Table 'Amphios II' 9-max Seat #6 is the button
Seat 1: RollTideRoll ($25 in chips) 
Seat 2: allison04111 ($17.70 in chips) 
Seat 3: Alameda22 ($23.05 in chips) 
Seat 4: thundercop ($38.75 in chips) 
Seat 5: komansche74 ($9.90 in chips) 
Seat 6: CuCbKu ($37.20 in chips) 
Seat 7: danila177 ($35.95 in chips) 
Seat 8: magic26v ($25 in chips) 
Seat 9: DOCHAMBURG99 ($41.05 in chips) 
danila177: posts small blind $0.10
magic26v: posts big blind $0.25
*** HOLE CARDS ***
Dealt to Alameda22 [7s Qh]
DOCHAMBURG99: calls $0.25
RollTideRoll: folds 
allison04111: folds 
Alameda22: folds 
thundercop: folds 
komansche74: folds 
CuCbKu: folds 
danila177: calls $0.15
magic26v: checks 
*** FLOP *** [8h 7h 8s]
danila177: checks 
magic26v: checks 
DOCHAMBURG99: checks 
*** TURN *** [8h 7h 8s] [2c]
danila177: checks 
magic26v: bets $0.50
DOCHAMBURG99: folds 
danila177: folds 
Uncalled bet ($0.50) returned to magic26v
magic26v collected $0.75 from pot
magic26v: doesn't show hand 
*** SUMMARY ***
Total pot $0.75 | Rake $0 
Board [8h 7h 8s 2c]
Seat 1: RollTideRoll folded before Flop (didn't bet)
Seat 2: allison04111 folded before Flop (didn't bet)
Seat 3: Alameda22 folded before Flop (didn't bet)
Seat 4: thundercop folded before Flop (didn't bet)
Seat 5: komansche74 folded before Flop (didn't bet)
Seat 6: CuCbKu (button) folded before Flop (didn't bet)
Seat 7: danila177 (small blind) folded on the Turn
Seat 8: magic26v (big blind) collected ($0.75)
Seat 9: DOCHAMBURG99 folded on the Turn



PokerStars Game #19301135822:  Hold'em No Limit ($0.10/$0.25) - 2008/08/02 - 14:06:44 (ET)
Table 'Amphios II' 9-max Seat #7 is the button
Seat 1: RollTideRoll ($25 in chips) 
Seat 2: allison04111 ($17.70 in chips) 
Seat 3: Alameda22 ($23.05 in chips) 
Seat 4: thundercop ($38.75 in chips) 
Seat 5: komansche74 ($9.90 in chips) 
Seat 6: CuCbKu ($37.20 in chips) 
Seat 7: danila177 ($35.70 in chips) 
Seat 8: magic26v ($25.50 in chips) 
Seat 9: DOCHAMBURG99 ($40.80 in chips) 
magic26v: posts small blind $0.10
DOCHAMBURG99: posts big blind $0.25
*** HOLE CARDS ***
Dealt to Alameda22 [4s 8c]
RollTideRoll: folds 
allison04111: folds 
Alameda22: folds 
thundercop: folds 
komansche74: folds 
CuCbKu: folds 
danila177: folds 
magic26v: folds 
Uncalled bet ($0.15) returned to DOCHAMBURG99
DOCHAMBURG99 collected $0.20 from pot
*** SUMMARY ***
Total pot $0.20 | Rake $0 
Seat 1: RollTideRoll folded before Flop (didn't bet)
Seat 2: allison04111 folded before Flop (didn't bet)
Seat 3: Alameda22 folded before Flop (didn't bet)
Seat 4: thundercop folded before Flop (didn't bet)
Seat 5: komansche74 folded before Flop (didn't bet)
Seat 6: CuCbKu folded before Flop (didn't bet)
Seat 7: danila177 (button) folded before Flop (didn't bet)
Seat 8: magic26v (small blind) folded before Flop
Seat 9: DOCHAMBURG99 (big blind) collected ($0.20)



PokerStars Game #19301146657:  Hold'em No Limit ($0.10/$0.25) - 2008/08/02 - 14:07:11 (ET)
Table 'Amphios II' 9-max Seat #8 is the button
Seat 1: RollTideRoll ($25 in chips) 
Seat 2: allison04111 ($17.70 in chips) 
Seat 3: Alameda22 ($23.05 in chips) 
Seat 4: thundercop ($38.75 in chips) 
Seat 5: komansche74 ($9.90 in chips) 
Seat 6: CuCbKu ($37.20 in chips) 
Seat 7: danila177 ($35.70 in chips) 
Seat 8: magic26v ($25.40 in chips) 
Seat 9: DOCHAMBURG99 ($40.90 in chips) 
DOCHAMBURG99: posts small blind $0.10
RollTideRoll: posts big blind $0.25
*** HOLE CARDS ***
Dealt to Alameda22 [Tc 3c]
allison04111: folds 
Alameda22: folds 
thundercop: folds 
komansche74: folds 
CuCbKu: folds 
danila177: raises $0.75 to $1
magic26v: folds 
DOCHAMBURG99: folds 
RollTideRoll: folds 
Uncalled bet ($0.75) returned to danila177
danila177 collected $0.60 from pot
*** SUMMARY ***
Total pot $0.60 | Rake $0 
Seat 1: RollTideRoll (big blind) folded before Flop
Seat 2: allison04111 folded before Flop (didn't bet)
Seat 3: Alameda22 folded before Flop (didn't bet)
Seat 4: thundercop folded before Flop (didn't bet)
Seat 5: komansche74 folded before Flop (didn't bet)
Seat 6: CuCbKu folded before Flop (didn't bet)
Seat 7: danila177 collected ($0.60)
Seat 8: magic26v (button) folded before Flop (didn't bet)
Seat 9: DOCHAMBURG99 (small blind) folded before Flop



PokerStars Game #19301163559:  Hold'em No Limit ($0.10/$0.25) - 2008/08/02 - 14:07:53 (ET)
Table 'Amphios II' 9-max Seat #9 is the button
Seat 1: RollTideRoll ($24.75 in chips) 
Seat 2: allison04111 ($17.70 in chips) 
Seat 3: Alameda22 ($23.05 in chips) 
Seat 4: thundercop ($38.75 in chips) 
Seat 5: komansche74 ($9.90 in chips) 
Seat 6: CuCbKu ($37.20 in chips) 
Seat 7: danila177 ($36.05 in chips) 
Seat 8: magic26v ($25.40 in chips) 
Seat 9: DOCHAMBURG99 ($40.80 in chips) 
RollTideRoll: posts small blind $0.10
allison04111: posts big blind $0.25
*** HOLE CARDS ***
Dealt to Alameda22 [Ad Th]
Alameda22: folds 
thundercop: folds 
komansche74: raises $1 to $1.25
CuCbKu: folds 
danila177: folds 
magic26v: folds 
DOCHAMBURG99: folds 
RollTideRoll: folds 
allison04111: folds 
Uncalled bet ($1) returned to komansche74
komansche74 collected $0.60 from pot
komansche74: doesn't show hand 
*** SUMMARY ***
Total pot $0.60 | Rake $0 
Seat 1: RollTideRoll (small blind) folded before Flop
Seat 2: allison04111 (big blind) folded before Flop
Seat 3: Alameda22 folded before Flop (didn't bet)
Seat 4: thundercop folded before Flop (didn't bet)
Seat 5: komansche74 collected ($0.60)
Seat 6: CuCbKu folded before Flop (didn't bet)
Seat 7: danila177 folded before Flop (didn't bet)
Seat 8: magic26v folded before Flop (didn't bet)
Seat 9: DOCHAMBURG99 (button) folded before Flop (didn't bet)



PokerStars Game #19301182149:  Hold'em No Limit ($0.10/$0.25) - 2008/08/02 - 14:08:41 (ET)
Table 'Amphios II' 9-max Seat #1 is the button
Seat 1: RollTideRoll ($24.65 in chips) 
Seat 2: allison04111 ($17.45 in chips) 
Seat 3: Alameda22 ($23.05 in chips) 
Seat 4: thundercop ($38.75 in chips) 
Seat 5: komansche74 ($10.25 in chips) 
Seat 6: CuCbKu ($37.20 in chips) 
Seat 7: danila177 ($36.05 in chips) 
Seat 8: magic26v ($25.40 in chips) 
Seat 9: DOCHAMBURG99 ($40.80 in chips) 
allison04111: posts small blind $0.10
Alameda22: posts big blind $0.25
*** HOLE CARDS ***
Dealt to Alameda22 [9h 8c]
thundercop: folds 
komansche74: calls $0.25
CuCbKu: folds 
danila177: calls $0.25
magic26v: folds 
DOCHAMBURG99: folds 
RollTideRoll: folds 
allison04111: folds 
Alameda22: checks 
*** FLOP *** [8s Qd 3s]
Alameda22: checks 
komansche74: checks 
danila177: bets $0.75
Alameda22: folds 
komansche74: calls $0.75
*** TURN *** [8s Qd 3s] [Ts]
komansche74: checks 
danila177: bets $1.75
komansche74: folds 
Uncalled bet ($1.75) returned to danila177
danila177 collected $2.25 from pot
*** SUMMARY ***
Total pot $2.35 | Rake $0.10 
Board [8s Qd 3s Ts]
Seat 1: RollTideRoll (button) folded before Flop (didn't bet)
Seat 2: allison04111 (small blind) folded before Flop
Seat 3: Alameda22 (big blind) folded on the Flop
Seat 4: thundercop folded before Flop (didn't bet)
Seat 5: komansche74 folded on the Turn
Seat 6: CuCbKu folded before Flop (didn't bet)
Seat 7: danila177 collected ($2.25)
Seat 8: magic26v folded before Flop (didn't bet)
Seat 9: DOCHAMBURG99 folded before Flop (didn't bet)



PokerStars Game #19301215200:  Hold'em No Limit ($0.10/$0.25) - 2008/08/02 - 14:10:03 (ET)
Table 'Amphios II' 9-max Seat #2 is the button
Seat 1: RollTideRoll ($24.65 in chips) 
Seat 2: allison04111 ($17.35 in chips) 
Seat 3: Alameda22 ($22.80 in chips) 
Seat 4: thundercop ($38.75 in chips) 
Seat 5: komansche74 ($9.25 in chips) 
Seat 6: CuCbKu ($37.20 in chips) 
Seat 7: danila177 ($37.30 in chips) 
Seat 8: magic26v ($25.40 in chips) 
Seat 9: DOCHAMBURG99 ($40.80 in chips) 
Alameda22: posts small blind $0.10
thundercop: posts big blind $0.25
*** HOLE CARDS ***
Dealt to Alameda22 [Ad 8c]
komansche74: folds 
CuCbKu: folds 
danila177: folds 
magic26v: raises $0.50 to $0.75
DOCHAMBURG99: folds 
RollTideRoll: folds 
allison04111: folds 
Alameda22: folds 
thundercop: folds 
Uncalled bet ($0.50) returned to magic26v
magic26v collected $0.60 from pot
magic26v: doesn't show hand 
*** SUMMARY ***
Total pot $0.60 | Rake $0 
Seat 1: RollTideRoll folded before Flop (didn't bet)
Seat 2: allison04111 (button) folded before Flop (didn't bet)
Seat 3: Alameda22 (small blind) folded before Flop
Seat 4: thundercop (big blind) folded before Flop
Seat 5: komansche74 folded before Flop (didn't bet)
Seat 6: CuCbKu folded before Flop (didn't bet)
Seat 7: danila177 folded before Flop (didn't bet)
Seat 8: magic26v collected ($0.60)
Seat 9: DOCHAMBURG99 folded before Flop (didn't bet)



PokerStars Game #19301238105:  Hold'em No Limit ($0.10/$0.25) - 2008/08/02 - 14:11:02 (ET)
Table 'Amphios II' 9-max Seat #3 is the button
Seat 1: RollTideRoll ($24.65 in chips) 
Seat 2: allison04111 ($17.35 in chips) 
Seat 3: Alameda22 ($22.70 in chips) 
Seat 4: thundercop ($38.50 in chips) 
Seat 5: komansche74 ($9.25 in chips) 
Seat 6: CuCbKu ($37.20 in chips) 
Seat 7: danila177 ($37.30 in chips) 
Seat 8: magic26v ($25.75 in chips) 
Seat 9: DOCHAMBURG99 ($40.80 in chips) 
thundercop: posts small blind $0.10
komansche74: posts big blind $0.25
*** HOLE CARDS ***
Dealt to Alameda22 [Ks 2h]
CuCbKu: folds 
danila177: folds 
magic26v: folds 
DOCHAMBURG99: folds 
RollTideRoll: folds 
allison04111: folds 
Alameda22: folds 
thundercop: folds 
Uncalled bet ($0.15) returned to komansche74
komansche74 collected $0.20 from pot
komansche74: doesn't show hand 
*** SUMMARY ***
Total pot $0.20 | Rake $0 
Seat 1: RollTideRoll folded before Flop (didn't bet)
Seat 2: allison04111 folded before Flop (didn't bet)
Seat 3: Alameda22 (button) folded before Flop (didn't bet)
Seat 4: thundercop (small blind) folded before Flop
Seat 5: komansche74 (big blind) collected ($0.20)
Seat 6: CuCbKu folded before Flop (didn't bet)
Seat 7: danila177 folded before Flop (didn't bet)
Seat 8: magic26v folded before Flop (didn't bet)
Seat 9: DOCHAMBURG99 folded before Flop (didn't bet)



PokerStars Game #19301251165:  Hold'em No Limit ($0.10/$0.25) - 2008/08/02 - 14:11:35 (ET)
Table 'Amphios II' 9-max Seat #4 is the button
Seat 1: RollTideRoll ($24.65 in chips) 
Seat 2: allison04111 ($17.35 in chips) 
Seat 3: Alameda22 ($22.70 in chips) 
Seat 4: thundercop ($38.40 in chips) 
Seat 5: komansche74 ($9.35 in chips) 
Seat 6: CuCbKu ($37.20 in chips) 
Seat 7: danila177 ($37.30 in chips) 
Seat 8: magic26v ($25.75 in chips) 
Seat 9: DOCHAMBURG99 ($40.80 in chips) 
komansche74: posts small blind $0.10
CuCbKu: posts big blind $0.25
*** HOLE CARDS ***
Dealt to Alameda22 [Ac Qh]
danila177: folds 
magic26v: folds 
DOCHAMBURG99: calls $0.25
RollTideRoll: folds 
allison04111: folds 
Alameda22: raises $0.75 to $1
thundercop: folds 
komansche74: folds 
CuCbKu: folds 
DOCHAMBURG99: calls $0.75
*** FLOP *** [9h 2c Qd]
DOCHAMBURG99: checks 
Alameda22: bets $1.50
DOCHAMBURG99: folds 
Uncalled bet ($1.50) returned to Alameda22
Alameda22 collected $2.25 from pot
Alameda22: doesn't show hand 
*** SUMMARY ***
Total pot $2.35 | Rake $0.10 
Board [9h 2c Qd]
Seat 1: RollTideRoll folded before Flop (didn't bet)
Seat 2: allison04111 folded before Flop (didn't bet)
Seat 3: Alameda22 collected ($2.25)
Seat 4: thundercop (button) folded before Flop (didn't bet)
Seat 5: komansche74 (small blind) folded before Flop
Seat 6: CuCbKu (big blind) folded before Flop
Seat 7: danila177 folded before Flop (didn't bet)
Seat 8: magic26v folded before Flop (didn't bet)
Seat 9: DOCHAMBURG99 folded on the Flop



PokerStars Game #19301273784:  Hold'em No Limit ($0.10/$0.25) - 2008/08/02 - 14:12:32 (ET)
Table 'Amphios II' 9-max Seat #5 is the button
Seat 1: RollTideRoll ($24.65 in chips) 
Seat 2: allison04111 ($17.35 in chips) 
Seat 3: Alameda22 ($23.95 in chips) 
Seat 4: thundercop ($38.40 in chips) 
Seat 5: komansche74 ($9.25 in chips) 
Seat 6: CuCbKu ($36.95 in chips) 
Seat 7: danila177 ($37.30 in chips) 
Seat 8: magic26v ($25.75 in chips) 
Seat 9: DOCHAMBURG99 ($39.80 in chips) 
CuCbKu: posts small blind $0.10
danila177: posts big blind $0.25
*** HOLE CARDS ***
Dealt to Alameda22 [3s Qc]
magic26v: folds 
DOCHAMBURG99: calls $0.25
RollTideRoll: folds 
allison04111: folds 
Alameda22: folds 
thundercop: raises $1 to $1.25
komansche74: folds 
CuCbKu: calls $1.15
danila177: folds 
DOCHAMBURG99: folds 
*** FLOP *** [4h Ts 4d]
CuCbKu: checks 
thundercop: checks 
*** TURN *** [4h Ts 4d] [6c]
CuCbKu: bets $1.75
thundercop: calls $1.75
*** RIVER *** [4h Ts 4d 6c] [Kc]
CuCbKu: checks 
thundercop: checks 
*** SHOW DOWN ***
CuCbKu: shows [3c 3h] (two pair, Fours and Threes)
thundercop: mucks hand 
CuCbKu collected $6.20 from pot
*** SUMMARY ***
Total pot $6.50 | Rake $0.30 
Board [4h Ts 4d 6c Kc]
Seat 1: RollTideRoll folded before Flop (didn't bet)
Seat 2: allison04111 folded before Flop (didn't bet)
Seat 3: Alameda22 folded before Flop (didn't bet)
Seat 4: thundercop mucked [2c 2h]
Seat 5: komansche74 (button) folded before Flop (didn't bet)
Seat 6: CuCbKu (small blind) showed [3c 3h] and won ($6.20) with two pair, Fours and Threes
Seat 7: danila177 (big blind) folded before Flop
Seat 8: magic26v folded before Flop (didn't bet)
Seat 9: DOCHAMBURG99 folded before Flop



PokerStars Game #19301318042:  Hold'em No Limit ($0.10/$0.25) - 2008/08/02 - 14:14:25 (ET)
Table 'Amphios II' 9-max Seat #6 is the button
Seat 1: RollTideRoll ($24.65 in chips) 
Seat 2: allison04111 ($17.35 in chips) 
Seat 3: Alameda22 ($23.95 in chips) 
Seat 4: thundercop ($35.40 in chips) 
Seat 5: komansche74 ($9.25 in chips) 
Seat 6: CuCbKu ($40.15 in chips) 
Seat 7: danila177 ($37.05 in chips) 
Seat 8: magic26v ($25.75 in chips) 
Seat 9: DOCHAMBURG99 ($39.55 in chips) 
danila177: posts small blind $0.10
magic26v: posts big blind $0.25
*** HOLE CARDS ***
Dealt to Alameda22 [Qc Tc]
DOCHAMBURG99: folds 
RollTideRoll: folds 
allison04111: folds 
Alameda22: folds 
thundercop: folds 
komansche74: calls $0.25
CuCbKu: folds 
danila177: folds 
magic26v: checks 
*** FLOP *** [Kc 3c 3s]
magic26v: checks 
komansche74: checks 
*** TURN *** [Kc 3c 3s] [9s]
magic26v: checks 
komansche74: checks 
*** RIVER *** [Kc 3c 3s 9s] [8h]
magic26v: checks 
komansche74: bets $0.50
magic26v: folds 
Uncalled bet ($0.50) returned to komansche74
komansche74 collected $0.60 from pot
komansche74: doesn't show hand 
*** SUMMARY ***
Total pot $0.60 | Rake $0 
Board [Kc 3c 3s 9s 8h]
Seat 1: RollTideRoll folded before Flop (didn't bet)
Seat 2: allison04111 folded before Flop (didn't bet)
Seat 3: Alameda22 folded before Flop (didn't bet)
Seat 4: thundercop folded before Flop (didn't bet)
Seat 5: komansche74 collected ($0.60)
Seat 6: CuCbKu (button) folded before Flop (didn't bet)
Seat 7: danila177 (small blind) folded before Flop
Seat 8: magic26v (big blind) folded on the River
Seat 9: DOCHAMBURG99 folded before Flop (didn't bet)



PokerStars Game #19301339919:  Hold'em No Limit ($0.10/$0.25) - 2008/08/02 - 14:15:19 (ET)
Table 'Amphios II' 9-max Seat #7 is the button
Seat 1: RollTideRoll ($24.65 in chips) 
Seat 2: allison04111 ($17.35 in chips) 
Seat 3: Alameda22 ($23.95 in chips) 
Seat 4: thundercop ($35.40 in chips) 
Seat 5: komansche74 ($9.60 in chips) 
Seat 6: CuCbKu ($40.15 in chips) 
Seat 7: danila177 ($36.95 in chips) 
Seat 8: magic26v ($25.50 in chips) 
Seat 9: DOCHAMBURG99 ($39.55 in chips) 
magic26v: posts small blind $0.10
DOCHAMBURG99: posts big blind $0.25
*** HOLE CARDS ***
Dealt to Alameda22 [Jd 7c]
RollTideRoll: folds 
allison04111: folds 
Alameda22: folds 
thundercop: folds 
komansche74: calls $0.25
CuCbKu: folds 
danila177: folds 
magic26v: folds 
DOCHAMBURG99: checks 
*** FLOP *** [As 9c Jc]
DOCHAMBURG99: checks 
komansche74: checks 
*** TURN *** [As 9c Jc] [9d]
DOCHAMBURG99: checks 
komansche74: bets $0.25
DOCHAMBURG99: calls $0.25
*** RIVER *** [As 9c Jc 9d] [8d]
DOCHAMBURG99: checks 
komansche74: checks 
*** SHOW DOWN ***
DOCHAMBURG99: shows [Js 3s] (two pair, Jacks and Nines)
komansche74: mucks hand 
DOCHAMBURG99 collected $1.05 from pot
*** SUMMARY ***
Total pot $1.10 | Rake $0.05 
Board [As 9c Jc 9d 8d]
Seat 1: RollTideRoll folded before Flop (didn't bet)
Seat 2: allison04111 folded before Flop (didn't bet)
Seat 3: Alameda22 folded before Flop (didn't bet)
Seat 4: thundercop folded before Flop (didn't bet)
Seat 5: komansche74 mucked [3d 3c]
Seat 6: CuCbKu folded before Flop (didn't bet)
Seat 7: danila177 (button) folded before Flop (didn't bet)
Seat 8: magic26v (small blind) folded before Flop
Seat 9: DOCHAMBURG99 (big blind) showed [Js 3s] and won ($1.05) with two pair, Jacks and Nines



PokerStars Game #19301368464:  Hold'em No Limit ($0.10/$0.25) - 2008/08/02 - 14:16:31 (ET)
Table 'Amphios II' 9-max Seat #8 is the button
Seat 1: RollTideRoll ($24.65 in chips) 
Seat 2: allison04111 ($17.35 in chips) 
Seat 3: Alameda22 ($23.95 in chips) 
Seat 4: thundercop ($35.40 in chips) 
Seat 5: komansche74 ($9.10 in chips) 
Seat 6: CuCbKu ($40.15 in chips) 
Seat 7: danila177 ($36.95 in chips) 
Seat 8: magic26v ($25.40 in chips) 
Seat 9: DOCHAMBURG99 ($40.10 in chips) 
DOCHAMBURG99: posts small blind $0.10
RollTideRoll: posts big blind $0.25
*** HOLE CARDS ***
Dealt to Alameda22 [5h 8c]
allison04111: folds 
Alameda22: folds 
thundercop: folds 
komansche74: folds 
CuCbKu: raises $0.75 to $1
danila177: folds 
magic26v: folds 
DOCHAMBURG99: calls $0.90
RollTideRoll: folds 
*** FLOP *** [9c Qh Ts]
DOCHAMBURG99: checks 
CuCbKu: bets $1.50
DOCHAMBURG99: calls $1.50
*** TURN *** [9c Qh Ts] [9h]
DOCHAMBURG99: checks 
CuCbKu: bets $3.50
DOCHAMBURG99: folds 
Uncalled bet ($3.50) returned to CuCbKu
CuCbKu collected $5 from pot
CuCbKu: doesn't show hand 
*** SUMMARY ***
Total pot $5.25 | Rake $0.25 
Board [9c Qh Ts 9h]
Seat 1: RollTideRoll (big blind) folded before Flop
Seat 2: allison04111 folded before Flop (didn't bet)
Seat 3: Alameda22 folded before Flop (didn't bet)
Seat 4: thundercop folded before Flop (didn't bet)
Seat 5: komansche74 folded before Flop (didn't bet)
Seat 6: CuCbKu collected ($5)
Seat 7: danila177 folded before Flop (didn't bet)
Seat 8: magic26v (button) folded before Flop (didn't bet)
Seat 9: DOCHAMBURG99 (small blind) folded on the Turn



PokerStars Game #19301401997:  Hold'em No Limit ($0.10/$0.25) - 2008/08/02 - 14:17:55 (ET)
Table 'Amphios II' 9-max Seat #9 is the button
Seat 1: RollTideRoll ($24.40 in chips) 
Seat 2: allison04111 ($17.35 in chips) 
Seat 3: Alameda22 ($23.95 in chips) 
Seat 4: thundercop ($35.40 in chips) 
Seat 5: komansche74 ($9.10 in chips) 
Seat 6: CuCbKu ($42.65 in chips) 
Seat 7: danila177 ($36.95 in chips) 
Seat 8: magic26v ($25.40 in chips) 
Seat 9: DOCHAMBURG99 ($37.60 in chips) 
RollTideRoll: posts small blind $0.10
allison04111: posts big blind $0.25
*** HOLE CARDS ***
Dealt to Alameda22 [As Ad]
Alameda22: raises $0.75 to $1
thundercop: folds 
komansche74: folds 
CuCbKu: folds 
danila177: folds 
magic26v: folds 
DOCHAMBURG99: calls $1
RollTideRoll: folds 
allison04111: folds 
*** FLOP *** [6s 2h Qs]
Alameda22: bets $1.50
DOCHAMBURG99: calls $1.50
*** TURN *** [6s 2h Qs] [4c]
Alameda22: bets $3.50
DOCHAMBURG99: folds 
Uncalled bet ($3.50) returned to Alameda22
Alameda22 collected $5.10 from pot
Alameda22: doesn't show hand 
*** SUMMARY ***
Total pot $5.35 | Rake $0.25 
Board [6s 2h Qs 4c]
Seat 1: RollTideRoll (small blind) folded before Flop
Seat 2: allison04111 (big blind) folded before Flop
Seat 3: Alameda22 collected ($5.10)
Seat 4: thundercop folded before Flop (didn't bet)
Seat 5: komansche74 folded before Flop (didn't bet)
Seat 6: CuCbKu folded before Flop (didn't bet)
Seat 7: danila177 folded before Flop (didn't bet)
Seat 8: magic26v folded before Flop (didn't bet)
Seat 9: DOCHAMBURG99 (button) folded on the Turn



PokerStars Game #19301428899:  Hold'em No Limit ($0.10/$0.25) - 2008/08/02 - 14:19:03 (ET)
Table 'Amphios II' 9-max Seat #1 is the button
Seat 1: RollTideRoll ($24.30 in chips) 
Seat 2: allison04111 ($17.10 in chips) 
Seat 3: Alameda22 ($26.55 in chips) 
Seat 4: thundercop ($35.40 in chips) 
Seat 5: komansche74 ($9.10 in chips) 
Seat 6: CuCbKu ($42.65 in chips) 
Seat 7: danila177 ($36.95 in chips) 
Seat 8: magic26v ($25.40 in chips) 
Seat 9: DOCHAMBURG99 ($35.10 in chips) 
allison04111: posts small blind $0.10
Alameda22: posts big blind $0.25
*** HOLE CARDS ***
Dealt to Alameda22 [2d 5h]
thundercop: folds 
komansche74: folds 
CuCbKu: folds 
danila177: folds 
magic26v: folds 
DOCHAMBURG99: calls $0.25
RollTideRoll: folds 
allison04111: calls $0.15
Alameda22: checks 
*** FLOP *** [Js 3d 5s]
allison04111: checks 
Alameda22: checks 
DOCHAMBURG99: checks 
*** TURN *** [Js 3d 5s] [Kh]
allison04111: checks 
Alameda22: checks 
DOCHAMBURG99: bets $0.25
allison04111: folds 
Alameda22: folds 
Uncalled bet ($0.25) returned to DOCHAMBURG99
DOCHAMBURG99 collected $0.75 from pot
*** SUMMARY ***
Total pot $0.75 | Rake $0 
Board [Js 3d 5s Kh]
Seat 1: RollTideRoll (button) folded before Flop (didn't bet)
Seat 2: allison04111 (small blind) folded on the Turn
Seat 3: Alameda22 (big blind) folded on the Turn
Seat 4: thundercop folded before Flop (didn't bet)
Seat 5: komansche74 folded before Flop (didn't bet)
Seat 6: CuCbKu folded before Flop (didn't bet)
Seat 7: danila177 folded before Flop (didn't bet)
Seat 8: magic26v folded before Flop (didn't bet)
Seat 9: DOCHAMBURG99 collected ($0.75)



PokerStars Game #19301458291:  Hold'em No Limit ($0.10/$0.25) - 2008/08/02 - 14:20:17 (ET)
Table 'Amphios II' 9-max Seat #2 is the button
Seat 1: RollTideRoll ($24.30 in chips) 
Seat 2: allison04111 ($16.85 in chips) 
Seat 3: Alameda22 ($26.30 in chips) 
Seat 4: thundercop ($35.40 in chips) 
Seat 5: komansche74 ($9.10 in chips) 
Seat 6: CuCbKu ($42.65 in chips) 
Seat 7: danila177 ($36.95 in chips) 
Seat 8: magic26v ($25.40 in chips) 
Seat 9: DOCHAMBURG99 ($35.60 in chips) 
Alameda22: posts small blind $0.10
thundercop: posts big blind $0.25
*** HOLE CARDS ***
Dealt to Alameda22 [3s Tc]
komansche74: calls $0.25
CuCbKu: calls $0.25
danila177: folds 
magic26v: folds 
DOCHAMBURG99: folds 
RollTideRoll: folds 
allison04111: folds 
Alameda22: folds 
thundercop: checks 
*** FLOP *** [Ah 8h Qs]
thundercop: checks 
komansche74: checks 
CuCbKu: checks 
*** TURN *** [Ah 8h Qs] [Jh]
thundercop: checks 
komansche74: bets $0.50
CuCbKu: folds 
thundercop: calls $0.50
*** RIVER *** [Ah 8h Qs Jh] [Kd]
thundercop: checks 
allison04111 is sitting out
komansche74: bets $1
thundercop: folds 
Uncalled bet ($1) returned to komansche74
komansche74 collected $1.80 from pot
komansche74: doesn't show hand 
*** SUMMARY ***
Total pot $1.85 | Rake $0.05 
Board [Ah 8h Qs Jh Kd]
Seat 1: RollTideRoll folded before Flop (didn't bet)
Seat 2: allison04111 (button) folded before Flop (didn't bet)
Seat 3: Alameda22 (small blind) folded before Flop
Seat 4: thundercop (big blind) folded on the River
Seat 5: komansche74 collected ($1.80)
Seat 6: CuCbKu folded on the Turn
Seat 7: danila177 folded before Flop (didn't bet)
Seat 8: magic26v folded before Flop (didn't bet)
Seat 9: DOCHAMBURG99 folded before Flop (didn't bet)



PokerStars Game #19301499494:  Hold'em No Limit ($0.10/$0.25) - 2008/08/02 - 14:22:00 (ET)
Table 'Amphios II' 9-max Seat #3 is the button
Seat 1: RollTideRoll ($24.30 in chips) 
Seat 3: Alameda22 ($26.20 in chips) 
Seat 4: thundercop ($34.65 in chips) 
Seat 5: komansche74 ($10.15 in chips) 
Seat 6: CuCbKu ($42.40 in chips) 
Seat 7: danila177 ($36.95 in chips) 
Seat 8: magic26v ($25.40 in chips) 
Seat 9: DOCHAMBURG99 ($35.60 in chips) 
thundercop: posts small blind $0.10
komansche74: posts big blind $0.25
*** HOLE CARDS ***
Dealt to Alameda22 [Kc 8h]
CuCbKu: folds 
danila177: folds 
magic26v: folds 
DOCHAMBURG99: folds 
RollTideRoll: raises $1.25 to $1.50
Alameda22: folds 
thundercop: folds 
komansche74: folds 
Uncalled bet ($1.25) returned to RollTideRoll
RollTideRoll collected $0.60 from pot
RollTideRoll: doesn't show hand 
*** SUMMARY ***
Total pot $0.60 | Rake $0 
Seat 1: RollTideRoll collected ($0.60)
Seat 3: Alameda22 (button) folded before Flop (didn't bet)
Seat 4: thundercop (small blind) folded before Flop
Seat 5: komansche74 (big blind) folded before Flop
Seat 6: CuCbKu folded before Flop (didn't bet)
Seat 7: danila177 folded before Flop (didn't bet)
Seat 8: magic26v folded before Flop (didn't bet)
Seat 9: DOCHAMBURG99 folded before Flop (didn't bet)



PokerStars Game #19301516328:  Hold'em No Limit ($0.10/$0.25) - 2008/08/02 - 14:22:42 (ET)
Table 'Amphios II' 9-max Seat #4 is the button
Seat 1: RollTideRoll ($24.65 in chips) 
Seat 3: Alameda22 ($26.20 in chips) 
Seat 4: thundercop ($34.55 in chips) 
Seat 5: komansche74 ($9.90 in chips) 
Seat 6: CuCbKu ($42.40 in chips) 
Seat 7: danila177 ($36.95 in chips) 
Seat 8: magic26v ($25.40 in chips) 
Seat 9: DOCHAMBURG99 ($35.60 in chips) 
komansche74: posts small blind $0.10
CuCbKu: posts big blind $0.25
*** HOLE CARDS ***
Dealt to Alameda22 [4s 5s]
danila177: folds 
magic26v: folds 
DOCHAMBURG99: calls $0.25
RollTideRoll: folds 
Alameda22: calls $0.25
thundercop: folds 
komansche74: calls $0.15
CuCbKu: checks 
*** FLOP *** [Tc Jh 4c]
komansche74: checks 
CuCbKu: checks 
DOCHAMBURG99: checks 
Alameda22: checks 
*** TURN *** [Tc Jh 4c] [4d]
komansche74: checks 
CuCbKu: checks 
DOCHAMBURG99: checks 
Alameda22: bets $0.75
komansche74: folds 
CuCbKu: folds 
allison04111 has returned
DOCHAMBURG99: calls $0.75
*** RIVER *** [Tc Jh 4c 4d] [Ac]
DOCHAMBURG99: bets $2.50
Alameda22: raises $2.50 to $5
DOCHAMBURG99: calls $2.50
*** SHOW DOWN ***
Alameda22: shows [4s 5s] (three of a kind, Fours)
DOCHAMBURG99: shows [Qh Kh] (a straight, Ten to Ace)
DOCHAMBURG99 collected $11.90 from pot
*** SUMMARY ***
Total pot $12.50 | Rake $0.60 
Board [Tc Jh 4c 4d Ac]
Seat 1: RollTideRoll folded before Flop (didn't bet)
Seat 3: Alameda22 showed [4s 5s] and lost with three of a kind, Fours
Seat 4: thundercop (button) folded before Flop (didn't bet)
Seat 5: komansche74 (small blind) folded on the Turn
Seat 6: CuCbKu (big blind) folded on the Turn
Seat 7: danila177 folded before Flop (didn't bet)
Seat 8: magic26v folded before Flop (didn't bet)
Seat 9: DOCHAMBURG99 showed [Qh Kh] and won ($11.90) with a straight, Ten to Ace



PokerStars Game #19301556609:  Hold'em No Limit ($0.10/$0.25) - 2008/08/02 - 14:24:24 (ET)
Table 'Amphios II' 9-max Seat #5 is the button
Seat 1: RollTideRoll ($24.65 in chips) 
Seat 2: allison04111 ($16.85 in chips) 
Seat 3: Alameda22 ($20.20 in chips) 
Seat 4: thundercop ($34.55 in chips) 
Seat 5: komansche74 ($9.65 in chips) 
Seat 6: CuCbKu ($42.15 in chips) 
Seat 7: danila177 ($36.95 in chips) 
Seat 8: magic26v ($25.40 in chips) 
Seat 9: DOCHAMBURG99 ($41.50 in chips) 
CuCbKu: posts small blind $0.10
danila177: posts big blind $0.25
*** HOLE CARDS ***
Dealt to Alameda22 [Qh 5d]
magic26v: folds 
DOCHAMBURG99: folds 
RollTideRoll: folds 
allison04111: raises $0.50 to $0.75
Alameda22: folds 
thundercop: folds 
komansche74: calls $0.75
CuCbKu: folds 
danila177: raises $2.25 to $3
allison04111: calls $2.25
komansche74: folds 
*** FLOP *** [Ts 8c Tc]
danila177: bets $4
allison04111: folds 
Uncalled bet ($4) returned to danila177
danila177 collected $6.55 from pot
*** SUMMARY ***
Total pot $6.85 | Rake $0.30 
Board [Ts 8c Tc]
Seat 1: RollTideRoll folded before Flop (didn't bet)
Seat 2: allison04111 folded on the Flop
Seat 3: Alameda22 folded before Flop (didn't bet)
Seat 4: thundercop folded before Flop (didn't bet)
Seat 5: komansche74 (button) folded before Flop
Seat 6: CuCbKu (small blind) folded before Flop
Seat 7: danila177 (big blind) collected ($6.55)
Seat 8: magic26v folded before Flop (didn't bet)
Seat 9: DOCHAMBURG99 folded before Flop (didn't bet)



PokerStars Game #19301582276:  Hold'em No Limit ($0.10/$0.25) - 2008/08/02 - 14:25:28 (ET)
Table 'Amphios II' 9-max Seat #6 is the button
Seat 1: RollTideRoll ($24.65 in chips) 
Seat 2: allison04111 ($13.85 in chips) 
Seat 3: Alameda22 ($20.20 in chips) 
Seat 4: thundercop ($34.55 in chips) 
Seat 5: komansche74 ($8.90 in chips) 
Seat 6: CuCbKu ($42.05 in chips) 
Seat 7: danila177 ($40.50 in chips) 
Seat 8: magic26v ($25.40 in chips) 
Seat 9: DOCHAMBURG99 ($41.50 in chips) 
danila177: posts small blind $0.10
magic26v: posts big blind $0.25
*** HOLE CARDS ***
Dealt to Alameda22 [7h Js]
DOCHAMBURG99: calls $0.25
RollTideRoll: folds 
allison04111: calls $0.25
Alameda22: folds 
thundercop: folds 
komansche74: folds 
komansche74 is sitting out
CuCbKu: calls $0.25
danila177: folds 
magic26v: checks 
*** FLOP *** [Jd 3d Ts]
magic26v: checks 
DOCHAMBURG99: checks 
allison04111: bets $0.50
CuCbKu: raises $1 to $1.50
magic26v: folds 
DOCHAMBURG99: folds 
allison04111: calls $1
*** TURN *** [Jd 3d Ts] [8s]
allison04111: checks 
CuCbKu: bets $2
allison04111: calls $2
*** RIVER *** [Jd 3d Ts 8s] [6s]
allison04111: checks 
CuCbKu: checks 
*** SHOW DOWN ***
allison04111: shows [Jh Qh] (a pair of Jacks)
CuCbKu: shows [Tc Jc] (two pair, Jacks and Tens)
CuCbKu collected $7.75 from pot
*** SUMMARY ***
Total pot $8.10 | Rake $0.35 
Board [Jd 3d Ts 8s 6s]
Seat 1: RollTideRoll folded before Flop (didn't bet)
Seat 2: allison04111 showed [Jh Qh] and lost with a pair of Jacks
Seat 3: Alameda22 folded before Flop (didn't bet)
Seat 4: thundercop folded before Flop (didn't bet)
Seat 5: komansche74 folded before Flop (didn't bet)
Seat 6: CuCbKu (button) showed [Tc Jc] and won ($7.75) with two pair, Jacks and Tens
Seat 7: danila177 (small blind) folded before Flop
Seat 8: magic26v (big blind) folded on the Flop
Seat 9: DOCHAMBURG99 folded on the Flop



PokerStars Game #19301633446:  Hold'em No Limit ($0.10/$0.25) - 2008/08/02 - 14:27:38 (ET)
Table 'Amphios II' 9-max Seat #7 is the button
Seat 1: RollTideRoll ($24.65 in chips) 
Seat 2: allison04111 ($10.10 in chips) 
Seat 3: Alameda22 ($20.20 in chips) 
Seat 4: thundercop ($34.55 in chips) 
Seat 6: CuCbKu ($46.05 in chips) 
Seat 7: danila177 ($40.40 in chips) 
Seat 8: magic26v ($25.15 in chips) 
Seat 9: DOCHAMBURG99 ($41.25 in chips) 
magic26v: posts small blind $0.10
DOCHAMBURG99: posts big blind $0.25
*** HOLE CARDS ***
Dealt to Alameda22 [7c Qh]
RollTideRoll: folds 
allison04111: folds 
Alameda22: folds 
thundercop: folds 
CuCbKu: folds 
danila177: folds 
magic26v: folds 
Uncalled bet ($0.15) returned to DOCHAMBURG99
DOCHAMBURG99 collected $0.20 from pot
*** SUMMARY ***
Total pot $0.20 | Rake $0 
Seat 1: RollTideRoll folded before Flop (didn't bet)
Seat 2: allison04111 folded before Flop (didn't bet)
Seat 3: Alameda22 folded before Flop (didn't bet)
Seat 4: thundercop folded before Flop (didn't bet)
Seat 6: CuCbKu folded before Flop (didn't bet)
Seat 7: danila177 (button) folded before Flop (didn't bet)
Seat 8: magic26v (small blind) folded before Flop
Seat 9: DOCHAMBURG99 (big blind) collected ($0.20)



PokerStars Game #19301647143:  Hold'em No Limit ($0.10/$0.25) - 2008/08/02 - 14:28:14 (ET)
Table 'Amphios II' 9-max Seat #8 is the button
Seat 1: RollTideRoll ($24.65 in chips) 
Seat 2: allison04111 ($10.10 in chips) 
Seat 3: Alameda22 ($20.20 in chips) 
Seat 4: thundercop ($34.55 in chips) 
Seat 6: CuCbKu ($46.05 in chips) 
Seat 7: danila177 ($40.40 in chips) 
Seat 8: magic26v ($25.05 in chips) 
Seat 9: DOCHAMBURG99 ($41.35 in chips) 
DOCHAMBURG99: posts small blind $0.10
RollTideRoll: posts big blind $0.25
*** HOLE CARDS ***
Dealt to Alameda22 [4d 6c]
allison04111: folds 
Alameda22: folds 
thundercop: folds 
CuCbKu: folds 
danila177: raises $0.75 to $1
magic26v: folds 
DOCHAMBURG99: folds 
RollTideRoll: folds 
Uncalled bet ($0.75) returned to danila177
danila177 collected $0.60 from pot
*** SUMMARY ***
Total pot $0.60 | Rake $0 
Seat 1: RollTideRoll (big blind) folded before Flop
Seat 2: allison04111 folded before Flop (didn't bet)
Seat 3: Alameda22 folded before Flop (didn't bet)
Seat 4: thundercop folded before Flop (didn't bet)
Seat 6: CuCbKu folded before Flop (didn't bet)
Seat 7: danila177 collected ($0.60)
Seat 8: magic26v (button) folded before Flop (didn't bet)
Seat 9: DOCHAMBURG99 (small blind) folded before Flop



PokerStars Game #19301659742:  Hold'em No Limit ($0.10/$0.25) - 2008/08/02 - 14:28:46 (ET)
Table 'Amphios II' 9-max Seat #9 is the button
Seat 1: RollTideRoll ($24.40 in chips) 
Seat 2: allison04111 ($10.10 in chips) 
Seat 3: Alameda22 ($20.20 in chips) 
Seat 4: thundercop ($34.55 in chips) 
Seat 6: CuCbKu ($46.05 in chips) 
Seat 7: danila177 ($40.75 in chips) 
Seat 8: magic26v ($25.05 in chips) 
Seat 9: DOCHAMBURG99 ($41.25 in chips) 
RollTideRoll: posts small blind $0.10
allison04111: posts big blind $0.25
*** HOLE CARDS ***
Dealt to Alameda22 [Ac 8c]
Alameda22: folds 
thundercop: folds 
CuCbKu: folds 
danila177: folds 
magic26v: folds 
DOCHAMBURG99: folds 
RollTideRoll: folds 
Uncalled bet ($0.15) returned to allison04111
allison04111 collected $0.20 from pot
allison04111: doesn't show hand 
*** SUMMARY ***
Total pot $0.20 | Rake $0 
Seat 1: RollTideRoll (small blind) folded before Flop
Seat 2: allison04111 (big blind) collected ($0.20)
Seat 3: Alameda22 folded before Flop (didn't bet)
Seat 4: thundercop folded before Flop (didn't bet)
Seat 6: CuCbKu folded before Flop (didn't bet)
Seat 7: danila177 folded before Flop (didn't bet)
Seat 8: magic26v folded before Flop (didn't bet)
Seat 9: DOCHAMBURG99 (button) folded before Flop (didn't bet)



PokerStars Game #19301680508:  Hold'em No Limit ($0.10/$0.25) - 2008/08/02 - 14:29:40 (ET)
Table 'Amphios II' 9-max Seat #1 is the button
Seat 1: RollTideRoll ($24.30 in chips) 
Seat 2: allison04111 ($10.20 in chips) 
Seat 3: Alameda22 ($20.20 in chips) 
Seat 4: thundercop ($34.55 in chips) 
Seat 6: CuCbKu ($46.05 in chips) 
Seat 7: danila177 ($40.75 in chips) 
Seat 8: magic26v ($25.05 in chips) 
Seat 9: DOCHAMBURG99 ($41.25 in chips) 
allison04111: posts small blind $0.10
Alameda22: posts big blind $0.25
*** HOLE CARDS ***
Dealt to Alameda22 [Ts 5c]
thundercop: folds 
CuCbKu: folds 
danila177: folds 
magic26v: folds 
DOCHAMBURG99: folds 
RollTideRoll: folds 
allison04111: calls $0.15
Alameda22: checks 
*** FLOP *** [Ks Ah Qh]
allison04111: checks 
Alameda22: bets $0.25
allison04111: calls $0.25
*** TURN *** [Ks Ah Qh] [4d]
allison04111: checks 
Alameda22: checks 
*** RIVER *** [Ks Ah Qh 4d] [5s]
allison04111: checks 
Alameda22: checks 
*** SHOW DOWN ***
allison04111: shows [8h Jh] (high card Ace)
Alameda22: shows [Ts 5c] (a pair of Fives)
Alameda22 collected $0.95 from pot
*** SUMMARY ***
Total pot $1 | Rake $0.05 
Board [Ks Ah Qh 4d 5s]
Seat 1: RollTideRoll (button) folded before Flop (didn't bet)
Seat 2: allison04111 (small blind) showed [8h Jh] and lost with high card Ace
Seat 3: Alameda22 (big blind) showed [Ts 5c] and won ($0.95) with a pair of Fives
Seat 4: thundercop folded before Flop (didn't bet)
Seat 6: CuCbKu folded before Flop (didn't bet)
Seat 7: danila177 folded before Flop (didn't bet)
Seat 8: magic26v folded before Flop (didn't bet)
Seat 9: DOCHAMBURG99 folded before Flop (didn't bet)



PokerStars Game #19301710608:  Hold'em No Limit ($0.10/$0.25) - 2008/08/02 - 14:30:55 (ET)
Table 'Amphios II' 9-max Seat #2 is the button
Seat 1: RollTideRoll ($24.30 in chips) 
Seat 2: allison04111 ($9.70 in chips) 
Seat 3: Alameda22 ($20.65 in chips) 
Seat 4: thundercop ($34.55 in chips) 
Seat 6: CuCbKu ($46.05 in chips) 
Seat 7: danila177 ($40.75 in chips) 
Seat 8: magic26v ($25.05 in chips) 
Seat 9: DOCHAMBURG99 ($41.25 in chips) 
Alameda22: posts small blind $0.10
thundercop: posts big blind $0.25
*** HOLE CARDS ***
Dealt to Alameda22 [Kd 5h]
CuCbKu: folds 
danila177: folds 
magic26v: folds 
DOCHAMBURG99: calls $0.25
RollTideRoll: folds 
allison04111: folds 
Alameda22: folds 
thundercop: checks 
*** FLOP *** [As 8d Ks]
thundercop: checks 
DOCHAMBURG99: checks 
*** TURN *** [As 8d Ks] [Jc]
thundercop: checks 
DOCHAMBURG99: checks 
*** RIVER *** [As 8d Ks Jc] [9s]
thundercop: checks 
DOCHAMBURG99: checks 
*** SHOW DOWN ***
thundercop: shows [6c Ts] (high card Ace)
DOCHAMBURG99: shows [Kh Tc] (a pair of Kings)
DOCHAMBURG99 collected $0.60 from pot
*** SUMMARY ***
Total pot $0.60 | Rake $0 
Board [As 8d Ks Jc 9s]
Seat 1: RollTideRoll folded before Flop (didn't bet)
Seat 2: allison04111 (button) folded before Flop (didn't bet)
Seat 3: Alameda22 (small blind) folded before Flop
Seat 4: thundercop (big blind) showed [6c Ts] and lost with high card Ace
Seat 6: CuCbKu folded before Flop (didn't bet)
Seat 7: danila177 folded before Flop (didn't bet)
Seat 8: magic26v folded before Flop (didn't bet)
Seat 9: DOCHAMBURG99 showed [Kh Tc] and won ($0.60) with a pair of Kings



PokerStars Game #19301748005:  Hold'em No Limit ($0.10/$0.25) - 2008/08/02 - 14:32:30 (ET)
Table 'Amphios II' 9-max Seat #3 is the button
Seat 1: RollTideRoll ($24.30 in chips) 
Seat 2: allison04111 ($9.70 in chips) 
Seat 3: Alameda22 ($20.55 in chips) 
Seat 4: thundercop ($34.30 in chips) 
Seat 6: CuCbKu ($46.05 in chips) 
Seat 7: danila177 ($40.75 in chips) 
Seat 8: magic26v ($25.05 in chips) 
Seat 9: DOCHAMBURG99 ($41.60 in chips) 
thundercop: posts small blind $0.10
CuCbKu: posts big blind $0.25
*** HOLE CARDS ***
Dealt to Alameda22 [7s 6d]
danila177: folds 
magic26v: folds 
DOCHAMBURG99: folds 
RollTideRoll: folds 
allison04111: folds 
Alameda22: folds 
thundercop: folds 
Uncalled bet ($0.15) returned to CuCbKu
CuCbKu collected $0.20 from pot
CuCbKu: doesn't show hand 
*** SUMMARY ***
Total pot $0.20 | Rake $0 
Seat 1: RollTideRoll folded before Flop (didn't bet)
Seat 2: allison04111 folded before Flop (didn't bet)
Seat 3: Alameda22 (button) folded before Flop (didn't bet)
Seat 4: thundercop (small blind) folded before Flop
Seat 6: CuCbKu (big blind) collected ($0.20)
Seat 7: danila177 folded before Flop (didn't bet)
Seat 8: magic26v folded before Flop (didn't bet)
Seat 9: DOCHAMBURG99 folded before Flop (didn't bet)



PokerStars Game #19301765208:  Hold'em No Limit ($0.10/$0.25) - 2008/08/02 - 14:33:14 (ET)
Table 'Amphios II' 9-max Seat #4 is the button
Seat 1: RollTideRoll ($24.30 in chips) 
Seat 2: allison04111 ($9.70 in chips) 
Seat 3: Alameda22 ($20.55 in chips) 
Seat 4: thundercop ($34.20 in chips) 
Seat 6: CuCbKu ($46.15 in chips) 
Seat 7: danila177 ($40.75 in chips) 
Seat 8: magic26v ($25.05 in chips) 
Seat 9: DOCHAMBURG99 ($41.60 in chips) 
CuCbKu: posts small blind $0.10
danila177: posts big blind $0.25
*** HOLE CARDS ***
Dealt to Alameda22 [5h Jd]
magic26v: folds 
DOCHAMBURG99: folds 
RollTideRoll: folds 
allison04111: folds 
Alameda22: folds 
thundercop: raises $0.50 to $0.75
CuCbKu: folds 
DOCHAMBURG99 leaves the table
legionverde joins the table at seat #9 
danila177: folds 
Uncalled bet ($0.50) returned to thundercop
thundercop collected $0.60 from pot
thundercop: doesn't show hand 
*** SUMMARY ***
Total pot $0.60 | Rake $0 
Seat 1: RollTideRoll folded before Flop (didn't bet)
Seat 2: allison04111 folded before Flop (didn't bet)
Seat 3: Alameda22 folded before Flop (didn't bet)
Seat 4: thundercop (button) collected ($0.60)
Seat 6: CuCbKu (small blind) folded before Flop
Seat 7: danila177 (big blind) folded before Flop
Seat 8: magic26v folded before Flop (didn't bet)
Seat 9: DOCHAMBURG99 folded before Flop (didn't bet)



PokerStars Game #19301785643:  Hold'em No Limit ($0.10/$0.25) - 2008/08/02 - 14:34:06 (ET)
Table 'Amphios II' 9-max Seat #6 is the button
Seat 1: RollTideRoll ($24.30 in chips) 
Seat 2: allison04111 ($9.70 in chips) 
Seat 3: Alameda22 ($20.55 in chips) 
Seat 4: thundercop ($34.55 in chips) 
Seat 6: CuCbKu ($46.05 in chips) 
Seat 7: danila177 ($40.50 in chips) 
Seat 8: magic26v ($25.05 in chips) 
danila177: posts small blind $0.10
magic26v: posts big blind $0.25
komansche74 has returned
legionverde: sits out 
*** HOLE CARDS ***
Dealt to Alameda22 [Ts Qs]
RollTideRoll: folds 
allison04111: folds 
Alameda22: folds 
thundercop: folds 
CuCbKu: folds 
danila177: folds 
Uncalled bet ($0.15) returned to magic26v
magic26v collected $0.20 from pot
magic26v: doesn't show hand 
*** SUMMARY ***
Total pot $0.20 | Rake $0 
Seat 1: RollTideRoll folded before Flop (didn't bet)
Seat 2: allison04111 folded before Flop (didn't bet)
Seat 3: Alameda22 folded before Flop (didn't bet)
Seat 4: thundercop folded before Flop (didn't bet)
Seat 6: CuCbKu (button) folded before Flop (didn't bet)
Seat 7: danila177 (small blind) folded before Flop
Seat 8: magic26v (big blind) collected ($0.20)



PokerStars Game #19301805866:  Hold'em No Limit ($0.10/$0.25) - 2008/08/02 - 14:34:58 (ET)
Table 'Amphios II' 9-max Seat #7 is the button
Seat 1: RollTideRoll ($24.30 in chips) 
Seat 2: allison04111 ($9.70 in chips) 
Seat 3: Alameda22 ($20.55 in chips) 
Seat 4: thundercop ($34.55 in chips) 
Seat 5: komansche74 ($8.90 in chips) 
Seat 6: CuCbKu ($46.05 in chips) 
Seat 7: danila177 ($40.40 in chips) 
Seat 8: magic26v ($25.15 in chips) 
Seat 9: legionverde ($10 in chips) 
magic26v: posts small blind $0.10
legionverde: posts big blind $0.25
komansche74: posts small & big blinds $0.35
*** HOLE CARDS ***
Dealt to Alameda22 [5d Tc]
RollTideRoll: folds 
allison04111: folds 
Alameda22: folds 
thundercop: folds 
komansche74: checks 
CuCbKu: folds 
danila177: folds 
magic26v: folds 
legionverde: checks 
*** FLOP *** [9s 3s 5c]
legionverde: checks 
komansche74: checks 
*** TURN *** [9s 3s 5c] [6d]
legionverde: checks 
komansche74: checks 
*** RIVER *** [9s 3s 5c 6d] [8s]
legionverde: checks 
komansche74: bets $0.50
legionverde: folds 
Uncalled bet ($0.50) returned to komansche74
komansche74 collected $0.70 from pot
komansche74: doesn't show hand 
*** SUMMARY ***
Total pot $0.70 | Rake $0 
Board [9s 3s 5c 6d 8s]
Seat 1: RollTideRoll folded before Flop (didn't bet)
Seat 2: allison04111 folded before Flop (didn't bet)
Seat 3: Alameda22 folded before Flop (didn't bet)
Seat 4: thundercop folded before Flop (didn't bet)
Seat 5: komansche74 collected ($0.70)
Seat 6: CuCbKu folded before Flop (didn't bet)
Seat 7: danila177 (button) folded before Flop (didn't bet)
Seat 8: magic26v (small blind) folded before Flop
Seat 9: legionverde (big blind) folded on the River



