PokerStars Game #19899054274:  Hold'em No Limit ($0.10/$0.25) - 2008/08/25 - 20:28:54 (ET)
Table 'Metis' 9-max Seat #1 is the button
Seat 1: uctavi ($24.65 in chips) 
Seat 3: toyfan ($6.55 in chips) 
Seat 4: Alameda22 ($25 in chips) 
Seat 6: Texastrolls ($25 in chips) 
Seat 7: XdanX1972 ($11.20 in chips) 
Seat 8: HappyPixel ($27.85 in chips) 
Seat 9: Vanda 12 ($14.10 in chips) 
Skudero will be allowed to play after the button
toyfan: posts small blind $0.10
Alameda22: posts big blind $0.25
*** HOLE CARDS ***
Dealt to Alameda22 [9s 3c]
Texastrolls: calls $0.25
XdanX1972: folds 
HappyPixel: folds 
Vanda 12 is disconnected 
Vanda 12 is connected 
Vanda 12: calls $0.25
uctavi: folds 
toyfan: calls $0.15
Alameda22: checks 
*** FLOP *** [8s 9d 3h]
toyfan: checks 
Alameda22: bets $0.50
Texastrolls: folds 
Vanda 12: raises $1 to $1.50
toyfan: folds 
Alameda22: calls $1
*** TURN *** [8s 9d 3h] [9c]
Fflash has returned
Alameda22: checks 
Vanda 12 is disconnected 
Vanda 12 has timed out while disconnected
Vanda 12: checks 
*** RIVER *** [8s 9d 3h 9c] [2h]
Alameda22: bets $2.50
Vanda 12 is connected 
Vanda 12: calls $2.50
*** SHOW DOWN ***
Alameda22: shows [9s 3c] (a full house, Nines full of Threes)
Vanda 12: mucks hand 
Alameda22 collected $8.60 from pot
*** SUMMARY ***
Total pot $9 | Rake $0.40 
Board [8s 9d 3h 9c 2h]
Seat 1: uctavi (button) folded before Flop (didn't bet)
Seat 3: toyfan (small blind) folded on the Flop
Seat 4: Alameda22 (big blind) showed [9s 3c] and won ($8.60) with a full house, Nines full of Threes
Seat 6: Texastrolls folded on the Flop
Seat 7: XdanX1972 folded before Flop (didn't bet)
Seat 8: HappyPixel folded before Flop (didn't bet)
Seat 9: Vanda 12 mucked [8d 3d]



PokerStars Game #19899151413:  Hold'em No Limit ($0.10/$0.25) - 2008/08/25 - 20:32:59 (ET)
Table 'Metis' 9-max Seat #3 is the button
Seat 1: uctavi ($24.65 in chips) 
Seat 2: Skudero ($25 in chips) 
Seat 3: toyfan ($6.30 in chips) 
Seat 4: Alameda22 ($29.35 in chips) 
Seat 5: Fflash ($36.30 in chips) 
Seat 6: Texastrolls ($24.75 in chips) 
Seat 7: XdanX1972 ($11.20 in chips) 
Seat 8: HappyPixel ($27.85 in chips) 
Seat 9: Vanda 12 ($9.85 in chips) 
Alameda22: posts small blind $0.10
Fflash: posts big blind $0.25
Skudero: posts big blind $0.25
*** HOLE CARDS ***
Dealt to Alameda22 [Ts 3c]
Texastrolls: folds 
XdanX1972: folds 
HappyPixel: folds 
Vanda 12: calls $0.25
uctavi: calls $0.25
Skudero: checks 
toyfan: raises $1.25 to $1.50
Alameda22: folds 
Fflash: folds 
Vanda 12: calls $1.25
uctavi: calls $1.25
Skudero: folds 
*** FLOP *** [4d 2c 5s]
Vanda 12: checks 
uctavi: checks 
toyfan: bets $4.80 and is all-in
Vanda 12: folds 
uctavi: calls $4.80
*** TURN *** [4d 2c 5s] [2h]
*** RIVER *** [4d 2c 5s 2h] [Jc]
*** SHOW DOWN ***
uctavi: shows [Ah 3h] (a straight, Ace to Five)
toyfan: mucks hand 
uctavi collected $14 from pot
*** SUMMARY ***
Total pot $14.70 | Rake $0.70 
Board [4d 2c 5s 2h Jc]
Seat 1: uctavi showed [Ah 3h] and won ($14) with a straight, Ace to Five
Seat 2: Skudero folded before Flop
Seat 3: toyfan (button) mucked [9c 9d]
Seat 4: Alameda22 (small blind) folded before Flop
Seat 5: Fflash (big blind) folded before Flop
Seat 6: Texastrolls folded before Flop (didn't bet)
Seat 7: XdanX1972 folded before Flop (didn't bet)
Seat 8: HappyPixel folded before Flop (didn't bet)
Seat 9: Vanda 12 folded on the Flop



PokerStars Game #19899212347:  Hold'em No Limit ($0.10/$0.25) - 2008/08/25 - 20:35:28 (ET)
Table 'Metis' 9-max Seat #4 is the button
Seat 1: uctavi ($32.35 in chips) 
Seat 2: Skudero ($24.75 in chips) 
Seat 4: Alameda22 ($29.25 in chips) 
Seat 5: Fflash ($36.05 in chips) 
Seat 6: Texastrolls ($24.75 in chips) 
Seat 7: XdanX1972 ($11.20 in chips) 
Seat 8: HappyPixel ($27.85 in chips) 
Seat 9: Vanda 12 ($8.35 in chips) 
Fflash: posts small blind $0.10
Texastrolls: posts big blind $0.25
*** HOLE CARDS ***
Dealt to Alameda22 [2c 5d]
XdanX1972: folds 
HappyPixel: folds 
toyfan has returned
Vanda 12 is disconnected 
Vanda 12 has timed out while disconnected
Vanda 12: folds 
Vanda 12 is sitting out
uctavi: folds 
Skudero: raises $1 to $1.25
Alameda22: folds 
Fflash: folds 
Texastrolls: folds 
Uncalled bet ($1) returned to Skudero
Vanda 12 is connected 
Skudero collected $0.60 from pot
Skudero: doesn't show hand 
*** SUMMARY ***
Total pot $0.60 | Rake $0 
Seat 1: uctavi folded before Flop (didn't bet)
Seat 2: Skudero collected ($0.60)
Seat 4: Alameda22 (button) folded before Flop (didn't bet)
Seat 5: Fflash (small blind) folded before Flop
Seat 6: Texastrolls (big blind) folded before Flop
Seat 7: XdanX1972 folded before Flop (didn't bet)
Seat 8: HappyPixel folded before Flop (didn't bet)
Seat 9: Vanda 12 folded before Flop (didn't bet)



PokerStars Game #19899249302:  Hold'em No Limit ($0.10/$0.25) - 2008/08/25 - 20:37:00 (ET)
Table 'Metis' 9-max Seat #5 is the button
Seat 1: uctavi ($32.35 in chips) 
Seat 2: Skudero ($25.10 in chips) 
Seat 3: toyfan ($6.60 in chips) 
Seat 4: Alameda22 ($29.25 in chips) 
Seat 5: Fflash ($35.95 in chips) 
Seat 6: Texastrolls ($24.50 in chips) 
Seat 7: XdanX1972 ($11.20 in chips) 
Seat 8: HappyPixel ($27.85 in chips) 
Texastrolls: posts small blind $0.10
XdanX1972: posts big blind $0.25
*** HOLE CARDS ***
Dealt to Alameda22 [Qh 7c]
HappyPixel: folds 
Vanda 12 has returned
uctavi: folds 
Skudero: folds 
toyfan: folds 
Alameda22: folds 
Fflash: folds 
Texastrolls: folds 
Uncalled bet ($0.15) returned to XdanX1972
XdanX1972 collected $0.20 from pot
XdanX1972: doesn't show hand 
*** SUMMARY ***
Total pot $0.20 | Rake $0 
Seat 1: uctavi folded before Flop (didn't bet)
Seat 2: Skudero folded before Flop (didn't bet)
Seat 3: toyfan folded before Flop (didn't bet)
Seat 4: Alameda22 folded before Flop (didn't bet)
Seat 5: Fflash (button) folded before Flop (didn't bet)
Seat 6: Texastrolls (small blind) folded before Flop
Seat 7: XdanX1972 (big blind) collected ($0.20)
Seat 8: HappyPixel folded before Flop (didn't bet)



PokerStars Game #19899261689:  Hold'em No Limit ($0.10/$0.25) - 2008/08/25 - 20:37:31 (ET)
Table 'Metis' 9-max Seat #6 is the button
Seat 1: uctavi ($32.35 in chips) 
Seat 2: Skudero ($25.10 in chips) 
Seat 3: toyfan ($6.60 in chips) 
Seat 4: Alameda22 ($29.25 in chips) 
Seat 5: Fflash ($35.95 in chips) 
Seat 6: Texastrolls ($24.40 in chips) 
Seat 7: XdanX1972 ($11.30 in chips) 
Seat 8: HappyPixel ($27.85 in chips) 
Seat 9: Vanda 12 ($8.35 in chips) 
XdanX1972: posts small blind $0.10
HappyPixel: posts big blind $0.25
*** HOLE CARDS ***
Dealt to Alameda22 [2s 9c]
Vanda 12: calls $0.25
uctavi: folds 
Skudero: folds 
toyfan: calls $0.25
Alameda22: folds 
Fflash: folds 
Texastrolls: calls $0.25
XdanX1972: folds 
HappyPixel: checks 
*** FLOP *** [2d 5d Js]
HappyPixel: checks 
Vanda 12 is disconnected 
Vanda 12 is connected 
Vanda 12: checks 
toyfan: bets $0.75
Texastrolls: folds 
HappyPixel: folds 
Vanda 12: calls $0.75
*** TURN *** [2d 5d Js] [3s]
Vanda 12: checks 
toyfan: bets $0.75
Vanda 12: calls $0.75
*** RIVER *** [2d 5d Js 3s] [9s]
Vanda 12: bets $3
toyfan: folds 
Uncalled bet ($3) returned to Vanda 12
Vanda 12 collected $3.90 from pot
Vanda 12: doesn't show hand 
*** SUMMARY ***
Total pot $4.10 | Rake $0.20 
Board [2d 5d Js 3s 9s]
Seat 1: uctavi folded before Flop (didn't bet)
Seat 2: Skudero folded before Flop (didn't bet)
Seat 3: toyfan folded on the River
Seat 4: Alameda22 folded before Flop (didn't bet)
Seat 5: Fflash folded before Flop (didn't bet)
Seat 6: Texastrolls (button) folded on the Flop
Seat 7: XdanX1972 (small blind) folded before Flop
Seat 8: HappyPixel (big blind) folded on the Flop
Seat 9: Vanda 12 collected ($3.90)



PokerStars Game #19899313092:  Hold'em No Limit ($0.10/$0.25) - 2008/08/25 - 20:39:39 (ET)
Table 'Metis' 9-max Seat #7 is the button
Seat 1: uctavi ($32.35 in chips) 
Seat 2: Skudero ($25.10 in chips) 
Seat 3: toyfan ($4.85 in chips) 
Seat 4: Alameda22 ($29.25 in chips) 
Seat 5: Fflash ($35.95 in chips) 
Seat 6: Texastrolls ($24.15 in chips) 
Seat 7: XdanX1972 ($11.20 in chips) 
Seat 8: HappyPixel ($27.60 in chips) 
Seat 9: Vanda 12 ($10.50 in chips) 
HappyPixel: posts small blind $0.10
Vanda 12: posts big blind $0.25
*** HOLE CARDS ***
Dealt to Alameda22 [6d 8h]
uctavi: folds 
Skudero: folds 
toyfan: folds 
Alameda22: folds 
Fflash: folds 
Texastrolls: calls $0.25
XdanX1972: calls $0.25
HappyPixel: calls $0.15
Vanda 12: checks 
*** FLOP *** [3c 5h 5d]
HappyPixel: checks 
Vanda 12: checks 
Texastrolls: checks 
XdanX1972: checks 
*** TURN *** [3c 5h 5d] [8d]
HappyPixel: checks 
Vanda 12: checks 
Texastrolls: checks 
XdanX1972: checks 
*** RIVER *** [3c 5h 5d 8d] [2s]
HappyPixel: checks 
Vanda 12: checks 
Texastrolls: bets $0.25
XdanX1972: calls $0.25
HappyPixel: folds 
Vanda 12: folds 
*** SHOW DOWN ***
Texastrolls: shows [Qd 8s] (two pair, Eights and Fives)
XdanX1972: mucks hand 
Texastrolls collected $1.45 from pot
*** SUMMARY ***
Total pot $1.50 | Rake $0.05 
Board [3c 5h 5d 8d 2s]
Seat 1: uctavi folded before Flop (didn't bet)
Seat 2: Skudero folded before Flop (didn't bet)
Seat 3: toyfan folded before Flop (didn't bet)
Seat 4: Alameda22 folded before Flop (didn't bet)
Seat 5: Fflash folded before Flop (didn't bet)
Seat 6: Texastrolls showed [Qd 8s] and won ($1.45) with two pair, Eights and Fives
Seat 7: XdanX1972 (button) mucked [Ts Js]
Seat 8: HappyPixel (small blind) folded on the River
Seat 9: Vanda 12 (big blind) folded on the River



PokerStars Game #19899338118:  Hold'em No Limit ($0.10/$0.25) - 2008/08/25 - 20:40:42 (ET)
Table 'Metis' 9-max Seat #8 is the button
Seat 1: uctavi ($32.35 in chips) 
Seat 2: Skudero ($25.10 in chips) 
Seat 3: toyfan ($4.85 in chips) 
Seat 4: Alameda22 ($29.25 in chips) 
Seat 5: Fflash ($35.95 in chips) 
Seat 6: Texastrolls ($25.10 in chips) 
Seat 7: XdanX1972 ($10.70 in chips) 
Seat 8: HappyPixel ($27.35 in chips) 
Seat 9: Vanda 12 ($10.25 in chips) 
Vanda 12: posts small blind $0.10
uctavi: posts big blind $0.25
*** HOLE CARDS ***
Dealt to Alameda22 [Ah 7c]
Skudero: folds 
toyfan: folds 
Alameda22: folds 
Fflash: calls $0.25
Texastrolls: calls $0.25
XdanX1972: folds 
HappyPixel: raises $1 to $1.25
Vanda 12: folds 
uctavi: folds 
Fflash: folds 
Texastrolls: calls $1
*** FLOP *** [7d As 5s]
Texastrolls: checks 
HappyPixel: bets $2.25
Texastrolls: folds 
Uncalled bet ($2.25) returned to HappyPixel
HappyPixel collected $2.95 from pot
*** SUMMARY ***
Total pot $3.10 | Rake $0.15 
Board [7d As 5s]
Seat 1: uctavi (big blind) folded before Flop
Seat 2: Skudero folded before Flop (didn't bet)
Seat 3: toyfan folded before Flop (didn't bet)
Seat 4: Alameda22 folded before Flop (didn't bet)
Seat 5: Fflash folded before Flop
Seat 6: Texastrolls folded on the Flop
Seat 7: XdanX1972 folded before Flop (didn't bet)
Seat 8: HappyPixel (button) collected ($2.95)
Seat 9: Vanda 12 (small blind) folded before Flop



PokerStars Game #19899366148:  Hold'em No Limit ($0.10/$0.25) - 2008/08/25 - 20:41:52 (ET)
Table 'Metis' 9-max Seat #9 is the button
Seat 1: uctavi ($32.10 in chips) 
Seat 2: Skudero ($25.10 in chips) 
Seat 3: toyfan ($4.85 in chips) 
Seat 4: Alameda22 ($29.25 in chips) 
Seat 5: Fflash ($35.70 in chips) 
Seat 6: Texastrolls ($23.85 in chips) 
Seat 7: XdanX1972 ($10.70 in chips) 
Seat 8: HappyPixel ($29.05 in chips) 
Seat 9: Vanda 12 ($10.15 in chips) 
uctavi: posts small blind $0.10
Skudero: posts big blind $0.25
*** HOLE CARDS ***
Dealt to Alameda22 [2h 8s]
toyfan: folds 
Alameda22: folds 
Fflash: folds 
Texastrolls: calls $0.25
XdanX1972: calls $0.25
HappyPixel: raises $1 to $1.25
Vanda 12: calls $1.25
uctavi: folds 
Skudero: calls $1
Texastrolls: calls $1
XdanX1972: calls $1
*** FLOP *** [2d Js 3h]
Skudero: checks 
Texastrolls: checks 
XdanX1972: bets $3.50
HappyPixel: folds 
Vanda 12: folds 
Skudero: folds 
Texastrolls: folds 
Uncalled bet ($3.50) returned to XdanX1972
XdanX1972 collected $6.05 from pot
XdanX1972: doesn't show hand 
*** SUMMARY ***
Total pot $6.35 | Rake $0.30 
Board [2d Js 3h]
Seat 1: uctavi (small blind) folded before Flop
Seat 2: Skudero (big blind) folded on the Flop
Seat 3: toyfan folded before Flop (didn't bet)
Seat 4: Alameda22 folded before Flop (didn't bet)
Seat 5: Fflash folded before Flop (didn't bet)
Seat 6: Texastrolls folded on the Flop
Seat 7: XdanX1972 collected ($6.05)
Seat 8: HappyPixel folded on the Flop
Seat 9: Vanda 12 (button) folded on the Flop



PokerStars Game #19899401419:  Hold'em No Limit ($0.10/$0.25) - 2008/08/25 - 20:43:21 (ET)
Table 'Metis' 9-max Seat #1 is the button
Seat 1: uctavi ($32 in chips) 
Seat 2: Skudero ($23.85 in chips) 
Seat 3: toyfan ($4.85 in chips) 
Seat 4: Alameda22 ($29.25 in chips) 
Seat 5: Fflash ($35.70 in chips) 
Seat 6: Texastrolls ($22.60 in chips) 
Seat 7: XdanX1972 ($15.50 in chips) 
Seat 8: HappyPixel ($27.80 in chips) 
Seat 9: Vanda 12 ($8.90 in chips) 
Skudero: posts small blind $0.10
toyfan: posts big blind $0.25
*** HOLE CARDS ***
Dealt to Alameda22 [Tc 6h]
Alameda22: folds 
Fflash: folds 
Texastrolls: folds 
XdanX1972: calls $0.25
HappyPixel: folds 
Vanda 12: calls $0.25
uctavi: folds 
Skudero: folds 
toyfan: checks 
*** FLOP *** [Td 4s 8h]
toyfan: checks 
XdanX1972: checks 
Vanda 12: checks 
*** TURN *** [Td 4s 8h] [Kd]
toyfan: checks 
XdanX1972: checks 
Vanda 12: checks 
*** RIVER *** [Td 4s 8h Kd] [Qd]
toyfan: checks 
XdanX1972: bets $0.50
Vanda 12: calls $0.50
toyfan: folds 
*** SHOW DOWN ***
XdanX1972: shows [Qc 4c] (two pair, Queens and Fours)
Vanda 12: mucks hand 
XdanX1972 collected $1.80 from pot
*** SUMMARY ***
Total pot $1.85 | Rake $0.05 
Board [Td 4s 8h Kd Qd]
Seat 1: uctavi (button) folded before Flop (didn't bet)
Seat 2: Skudero (small blind) folded before Flop
Seat 3: toyfan (big blind) folded on the River
Seat 4: Alameda22 folded before Flop (didn't bet)
Seat 5: Fflash folded before Flop (didn't bet)
Seat 6: Texastrolls folded before Flop (didn't bet)
Seat 7: XdanX1972 showed [Qc 4c] and won ($1.80) with two pair, Queens and Fours
Seat 8: HappyPixel folded before Flop (didn't bet)
Seat 9: Vanda 12 mucked [5c 8c]



PokerStars Game #19899435470:  Hold'em No Limit ($0.10/$0.25) - 2008/08/25 - 20:44:47 (ET)
Table 'Metis' 9-max Seat #2 is the button
Seat 1: uctavi ($32 in chips) 
Seat 2: Skudero ($23.75 in chips) 
Seat 3: toyfan ($4.60 in chips) 
Seat 4: Alameda22 ($29.25 in chips) 
Seat 5: Fflash ($35.70 in chips) 
Seat 6: Texastrolls ($22.60 in chips) 
Seat 7: XdanX1972 ($16.55 in chips) 
Seat 8: HappyPixel ($27.80 in chips) 
Seat 9: Vanda 12 ($8.15 in chips) 
toyfan: posts small blind $0.10
Alameda22: posts big blind $0.25
*** HOLE CARDS ***
Dealt to Alameda22 [2d Kd]
Fflash: folds 
Texastrolls: calls $0.25
XdanX1972: raises $0.25 to $0.50
HappyPixel: folds 
Vanda 12 is disconnected 
Vanda 12 has timed out while disconnected
Vanda 12: folds 
Vanda 12 is sitting out
Vanda 12 is connected 
Vanda 12 has returned
uctavi: folds 
Skudero: calls $0.50
toyfan: calls $0.40
Alameda22: calls $0.25
Texastrolls: calls $0.25
*** FLOP *** [Kh 6s 8h]
toyfan: checks 
Alameda22: checks 
Texastrolls: checks 
XdanX1972: bets $0.50
Skudero: folds 
toyfan: raises $1.50 to $2
Alameda22: folds 
Texastrolls: folds 
XdanX1972: calls $1.50
*** TURN *** [Kh 6s 8h] [Ad]
toyfan: bets $2.10 and is all-in
XdanX1972: folds 
Uncalled bet ($2.10) returned to toyfan
toyfan collected $6.20 from pot
toyfan: doesn't show hand 
*** SUMMARY ***
Total pot $6.50 | Rake $0.30 
Board [Kh 6s 8h Ad]
Seat 1: uctavi folded before Flop (didn't bet)
Seat 2: Skudero (button) folded on the Flop
Seat 3: toyfan (small blind) collected ($6.20)
Seat 4: Alameda22 (big blind) folded on the Flop
Seat 5: Fflash folded before Flop (didn't bet)
Seat 6: Texastrolls folded on the Flop
Seat 7: XdanX1972 folded on the Turn
Seat 8: HappyPixel folded before Flop (didn't bet)
Seat 9: Vanda 12 folded before Flop (didn't bet)



PokerStars Game #19899503079:  Hold'em No Limit ($0.10/$0.25) - 2008/08/25 - 20:47:44 (ET)
Table 'Metis' 9-max Seat #3 is the button
Seat 1: uctavi ($32 in chips) 
Seat 2: Skudero ($23.25 in chips) 
Seat 3: toyfan ($8.30 in chips) 
Seat 4: Alameda22 ($28.75 in chips) 
Seat 5: Fflash ($35.70 in chips) 
Seat 6: Texastrolls ($22.10 in chips) 
Seat 7: XdanX1972 ($14.05 in chips) 
Seat 8: HappyPixel ($27.80 in chips) 
Seat 9: Vanda 12 ($8.15 in chips) 
Alameda22: posts small blind $0.10
Fflash: posts big blind $0.25
*** HOLE CARDS ***
Dealt to Alameda22 [9h Ts]
Texastrolls: folds 
XdanX1972: calls $0.25
HappyPixel: folds 
Vanda 12: folds 
uctavi: folds 
Skudero: raises $1 to $1.25
toyfan: folds 
Alameda22: folds 
Fflash: folds 
XdanX1972: folds 
Uncalled bet ($1) returned to Skudero
Skudero collected $0.85 from pot
Skudero: doesn't show hand 
*** SUMMARY ***
Total pot $0.85 | Rake $0 
Seat 1: uctavi folded before Flop (didn't bet)
Seat 2: Skudero collected ($0.85)
Seat 3: toyfan (button) folded before Flop (didn't bet)
Seat 4: Alameda22 (small blind) folded before Flop
Seat 5: Fflash (big blind) folded before Flop
Seat 6: Texastrolls folded before Flop (didn't bet)
Seat 7: XdanX1972 folded before Flop
Seat 8: HappyPixel folded before Flop (didn't bet)
Seat 9: Vanda 12 folded before Flop (didn't bet)



PokerStars Game #19899525402:  Hold'em No Limit ($0.10/$0.25) - 2008/08/25 - 20:48:41 (ET)
Table 'Metis' 9-max Seat #4 is the button
Seat 1: uctavi ($32 in chips) 
Seat 2: Skudero ($23.85 in chips) 
Seat 3: toyfan ($8.30 in chips) 
Seat 4: Alameda22 ($28.65 in chips) 
Seat 5: Fflash ($35.45 in chips) 
Seat 6: Texastrolls ($22.10 in chips) 
Seat 7: XdanX1972 ($13.80 in chips) 
Seat 8: HappyPixel ($27.80 in chips) 
Seat 9: Vanda 12 ($8.15 in chips) 
Fflash: posts small blind $0.10
Texastrolls: posts big blind $0.25
*** HOLE CARDS ***
Dealt to Alameda22 [4s 8h]
XdanX1972: calls $0.25
HappyPixel: folds 
Vanda 12: folds 
uctavi: calls $0.25
Skudero: folds 
toyfan: folds 
Alameda22: folds 
Fflash: calls $0.15
Texastrolls: checks 
*** FLOP *** [Kc 6d 9h]
Fflash: checks 
Texastrolls: checks 
XdanX1972: bets $2
uctavi: folds 
Fflash: folds 
Texastrolls: folds 
Uncalled bet ($2) returned to XdanX1972
XdanX1972 collected $0.95 from pot
XdanX1972: doesn't show hand 
*** SUMMARY ***
Total pot $1 | Rake $0.05 
Board [Kc 6d 9h]
Seat 1: uctavi folded on the Flop
Seat 2: Skudero folded before Flop (didn't bet)
Seat 3: toyfan folded before Flop (didn't bet)
Seat 4: Alameda22 (button) folded before Flop (didn't bet)
Seat 5: Fflash (small blind) folded on the Flop
Seat 6: Texastrolls (big blind) folded on the Flop
Seat 7: XdanX1972 collected ($0.95)
Seat 8: HappyPixel folded before Flop (didn't bet)
Seat 9: Vanda 12 folded before Flop (didn't bet)



PokerStars Game #19899546650:  Hold'em No Limit ($0.10/$0.25) - 2008/08/25 - 20:49:35 (ET)
Table 'Metis' 9-max Seat #5 is the button
Seat 1: uctavi ($31.75 in chips) 
Seat 2: Skudero ($23.85 in chips) 
Seat 3: toyfan ($8.30 in chips) 
Seat 4: Alameda22 ($28.65 in chips) 
Seat 5: Fflash ($35.20 in chips) 
Seat 6: Texastrolls ($21.85 in chips) 
Seat 7: XdanX1972 ($14.50 in chips) 
Seat 8: HappyPixel ($27.80 in chips) 
Seat 9: Vanda 12 ($8.15 in chips) 
Texastrolls: posts small blind $0.10
XdanX1972: posts big blind $0.25
*** HOLE CARDS ***
Dealt to Alameda22 [3s 8s]
HappyPixel: folds 
Vanda 12: folds 
uctavi: folds 
Skudero: folds 
toyfan: calls $0.25
Alameda22: folds 
Fflash: raises $0.75 to $1
Texastrolls: folds 
XdanX1972: folds 
toyfan: calls $0.75
*** FLOP *** [7h Ad Js]
toyfan: checks 
Fflash: checks 
*** TURN *** [7h Ad Js] [As]
toyfan: checks 
Fflash: checks 
*** RIVER *** [7h Ad Js As] [Ks]
toyfan: bets $1.25
Fflash: raises $2.25 to $3.50
toyfan: folds 
Uncalled bet ($2.25) returned to Fflash
Fflash collected $4.65 from pot
Fflash: doesn't show hand 
*** SUMMARY ***
Total pot $4.85 | Rake $0.20 
Board [7h Ad Js As Ks]
Seat 1: uctavi folded before Flop (didn't bet)
Seat 2: Skudero folded before Flop (didn't bet)
Seat 3: toyfan folded on the River
Seat 4: Alameda22 folded before Flop (didn't bet)
Seat 5: Fflash (button) collected ($4.65)
Seat 6: Texastrolls (small blind) folded before Flop
Seat 7: XdanX1972 (big blind) folded before Flop
Seat 8: HappyPixel folded before Flop (didn't bet)
Seat 9: Vanda 12 folded before Flop (didn't bet)



PokerStars Game #19899592826:  Hold'em No Limit ($0.10/$0.25) - 2008/08/25 - 20:51:33 (ET)
Table 'Metis' 9-max Seat #6 is the button
Seat 1: uctavi ($31.75 in chips) 
Seat 2: Skudero ($23.85 in chips) 
Seat 3: toyfan ($6.05 in chips) 
Seat 4: Alameda22 ($28.65 in chips) 
Seat 5: Fflash ($37.60 in chips) 
Seat 6: Texastrolls ($21.75 in chips) 
Seat 7: XdanX1972 ($14.25 in chips) 
Seat 8: HappyPixel ($27.80 in chips) 
Seat 9: Vanda 12 ($8.15 in chips) 
XdanX1972: posts small blind $0.10
HappyPixel: posts big blind $0.25
*** HOLE CARDS ***
Dealt to Alameda22 [9s Ks]
Vanda 12: folds 
uctavi: folds 
Skudero: folds 
toyfan: raises $0.25 to $0.50
Alameda22: folds 
Fflash: folds 
Texastrolls: calls $0.50
XdanX1972: folds 
HappyPixel: folds 
*** FLOP *** [3s 4d 3h]
toyfan: bets $0.50
Texastrolls: folds 
Uncalled bet ($0.50) returned to toyfan
toyfan collected $1.30 from pot
toyfan: doesn't show hand 
*** SUMMARY ***
Total pot $1.35 | Rake $0.05 
Board [3s 4d 3h]
Seat 1: uctavi folded before Flop (didn't bet)
Seat 2: Skudero folded before Flop (didn't bet)
Seat 3: toyfan collected ($1.30)
Seat 4: Alameda22 folded before Flop (didn't bet)
Seat 5: Fflash folded before Flop (didn't bet)
Seat 6: Texastrolls (button) folded on the Flop
Seat 7: XdanX1972 (small blind) folded before Flop
Seat 8: HappyPixel (big blind) folded before Flop
Seat 9: Vanda 12 folded before Flop (didn't bet)



PokerStars Game #19899616105:  Hold'em No Limit ($0.10/$0.25) - 2008/08/25 - 20:52:32 (ET)
Table 'Metis' 9-max Seat #7 is the button
Seat 1: uctavi ($31.75 in chips) 
Seat 2: Skudero ($23.85 in chips) 
Seat 3: toyfan ($6.85 in chips) 
Seat 4: Alameda22 ($28.65 in chips) 
Seat 5: Fflash ($37.60 in chips) 
Seat 6: Texastrolls ($21.25 in chips) 
Seat 7: XdanX1972 ($14.15 in chips) 
Seat 8: HappyPixel ($27.55 in chips) 
Seat 9: Vanda 12 ($8.15 in chips) 
HappyPixel: posts small blind $0.10
Vanda 12: posts big blind $0.25
*** HOLE CARDS ***
Dealt to Alameda22 [8h 6h]
uctavi: folds 
Skudero: folds 
toyfan: raises $0.25 to $0.50
Alameda22: folds 
Fflash: folds 
Texastrolls: folds 
XdanX1972: folds 
HappyPixel: folds 
Vanda 12: calls $0.25
*** FLOP *** [3c 5s Qs]
Vanda 12: checks 
toyfan: bets $0.50
Vanda 12: calls $0.50
*** TURN *** [3c 5s Qs] [7h]
Vanda 12: checks 
toyfan: checks 
*** RIVER *** [3c 5s Qs 7h] [3h]
Vanda 12: checks 
toyfan: bets $1
Vanda 12: folds 
Uncalled bet ($1) returned to toyfan
toyfan collected $2 from pot
toyfan: doesn't show hand 
*** SUMMARY ***
Total pot $2.10 | Rake $0.10 
Board [3c 5s Qs 7h 3h]
Seat 1: uctavi folded before Flop (didn't bet)
Seat 2: Skudero folded before Flop (didn't bet)
Seat 3: toyfan collected ($2)
Seat 4: Alameda22 folded before Flop (didn't bet)
Seat 5: Fflash folded before Flop (didn't bet)
Seat 6: Texastrolls folded before Flop (didn't bet)
Seat 7: XdanX1972 (button) folded before Flop (didn't bet)
Seat 8: HappyPixel (small blind) folded before Flop
Seat 9: Vanda 12 (big blind) folded on the River



PokerStars Game #19899639526:  Hold'em No Limit ($0.10/$0.25) - 2008/08/25 - 20:53:32 (ET)
Table 'Metis' 9-max Seat #8 is the button
Seat 1: uctavi ($31.75 in chips) 
Seat 2: Skudero ($23.85 in chips) 
Seat 3: toyfan ($7.85 in chips) 
Seat 4: Alameda22 ($28.65 in chips) 
Seat 5: Fflash ($37.60 in chips) 
Seat 6: Texastrolls ($21.25 in chips) 
Seat 7: XdanX1972 ($14.15 in chips) 
Seat 8: HappyPixel ($27.45 in chips) 
Seat 9: Vanda 12 ($7.15 in chips) 
Vanda 12: posts small blind $0.10
uctavi: posts big blind $0.25
*** HOLE CARDS ***
Dealt to Alameda22 [As Qh]
Skudero: folds 
toyfan: folds 
Alameda22: raises $0.50 to $0.75
Fflash: folds 
Texastrolls: calls $0.75
XdanX1972: calls $0.75
HappyPixel: folds 
Vanda 12: calls $0.65
uctavi: calls $0.50
*** FLOP *** [Kh 8h Qc]
Vanda 12: checks 
uctavi: checks 
Alameda22: bets $2.25
Texastrolls: folds 
XdanX1972: folds 
Vanda 12: folds 
uctavi: folds 
Uncalled bet ($2.25) returned to Alameda22
Alameda22 collected $3.60 from pot
Alameda22: doesn't show hand 
*** SUMMARY ***
Total pot $3.75 | Rake $0.15 
Board [Kh 8h Qc]
Seat 1: uctavi (big blind) folded on the Flop
Seat 2: Skudero folded before Flop (didn't bet)
Seat 3: toyfan folded before Flop (didn't bet)
Seat 4: Alameda22 collected ($3.60)
Seat 5: Fflash folded before Flop (didn't bet)
Seat 6: Texastrolls folded on the Flop
Seat 7: XdanX1972 folded on the Flop
Seat 8: HappyPixel (button) folded before Flop (didn't bet)
Seat 9: Vanda 12 (small blind) folded on the Flop



PokerStars Game #19899678190:  Hold'em No Limit ($0.10/$0.25) - 2008/08/25 - 20:55:10 (ET)
Table 'Metis' 9-max Seat #9 is the button
Seat 1: uctavi ($31 in chips) 
Seat 2: Skudero ($23.85 in chips) 
Seat 3: toyfan ($7.85 in chips) 
Seat 4: Alameda22 ($31.50 in chips) 
Seat 5: Fflash ($37.60 in chips) 
Seat 6: Texastrolls ($20.50 in chips) 
Seat 7: XdanX1972 ($13.40 in chips) 
Seat 8: HappyPixel ($27.45 in chips) 
Seat 9: Vanda 12 ($6.40 in chips) 
uctavi: posts small blind $0.10
Skudero: posts big blind $0.25
*** HOLE CARDS ***
Dealt to Alameda22 [6d As]
toyfan: calls $0.25
Alameda22: folds 
Fflash: folds 
Texastrolls: folds 
XdanX1972: calls $0.25
HappyPixel: folds 
Vanda 12: calls $0.25
uctavi: folds 
Skudero: checks 
*** FLOP *** [7c Td Qc]
Skudero: checks 
toyfan: bets $0.50
XdanX1972: calls $0.50
Vanda 12: calls $0.50
Skudero: folds 
*** TURN *** [7c Td Qc] [8d]
toyfan: checks 
XdanX1972: checks 
Vanda 12: checks 
*** RIVER *** [7c Td Qc 8d] [Kc]
toyfan: bets $1.25
XdanX1972: folds 
Vanda 12: folds 
Uncalled bet ($1.25) returned to toyfan
toyfan collected $2.50 from pot
toyfan: doesn't show hand 
*** SUMMARY ***
Total pot $2.60 | Rake $0.10 
Board [7c Td Qc 8d Kc]
Seat 1: uctavi (small blind) folded before Flop
Seat 2: Skudero (big blind) folded on the Flop
Seat 3: toyfan collected ($2.50)
Seat 4: Alameda22 folded before Flop (didn't bet)
Seat 5: Fflash folded before Flop (didn't bet)
Seat 6: Texastrolls folded before Flop (didn't bet)
Seat 7: XdanX1972 folded on the River
Seat 8: HappyPixel folded before Flop (didn't bet)
Seat 9: Vanda 12 (button) folded on the River



PokerStars Game #19899714532:  Hold'em No Limit ($0.10/$0.25) - 2008/08/25 - 20:56:44 (ET)
Table 'Metis' 9-max Seat #1 is the button
Seat 1: uctavi ($30.90 in chips) 
Seat 2: Skudero ($23.60 in chips) 
Seat 3: toyfan ($9.60 in chips) 
Seat 4: Alameda22 ($31.50 in chips) 
Seat 5: Fflash ($37.60 in chips) 
Seat 6: Texastrolls ($20.50 in chips) 
Seat 7: XdanX1972 ($12.65 in chips) 
Seat 8: HappyPixel ($27.45 in chips) 
Seat 9: Vanda 12 ($5.65 in chips) 
Skudero: posts small blind $0.10
toyfan: posts big blind $0.25
*** HOLE CARDS ***
Dealt to Alameda22 [6h As]
Alameda22: folds 
Fflash: folds 
Texastrolls: raises $0.25 to $0.50
XdanX1972: folds 
HappyPixel: folds 
Vanda 12: calls $0.50
uctavi: folds 
Skudero: calls $0.40
toyfan: calls $0.25
*** FLOP *** [Qh 6d Th]
Skudero: checks 
toyfan: checks 
Texastrolls: checks 
Vanda 12: bets $1
Skudero: calls $1
toyfan: folds 
Texastrolls: folds 
*** TURN *** [Qh 6d Th] [Kc]
Skudero: checks 
Vanda 12: checks 
*** RIVER *** [Qh 6d Th Kc] [9h]
Skudero: bets $1.50
Vanda 12: calls $1.50
*** SHOW DOWN ***
Skudero: shows [Jd Ad] (a straight, Ten to Ace)
Vanda 12: mucks hand 
Skudero collected $6.70 from pot
*** SUMMARY ***
Total pot $7 | Rake $0.30 
Board [Qh 6d Th Kc 9h]
Seat 1: uctavi (button) folded before Flop (didn't bet)
Seat 2: Skudero (small blind) showed [Jd Ad] and won ($6.70) with a straight, Ten to Ace
Seat 3: toyfan (big blind) folded on the Flop
Seat 4: Alameda22 folded before Flop (didn't bet)
Seat 5: Fflash folded before Flop (didn't bet)
Seat 6: Texastrolls folded on the Flop
Seat 7: XdanX1972 folded before Flop (didn't bet)
Seat 8: HappyPixel folded before Flop (didn't bet)
Seat 9: Vanda 12 mucked [4s Qs]



PokerStars Game #19899746991:  Hold'em No Limit ($0.10/$0.25) - 2008/08/25 - 20:58:08 (ET)
Table 'Metis' 9-max Seat #2 is the button
Seat 1: uctavi ($30.90 in chips) 
Seat 2: Skudero ($27.30 in chips) 
Seat 3: toyfan ($9.10 in chips) 
Seat 4: Alameda22 ($31.50 in chips) 
Seat 5: Fflash ($37.60 in chips) 
Seat 6: Texastrolls ($20 in chips) 
Seat 7: XdanX1972 ($12.65 in chips) 
Seat 8: HappyPixel ($27.45 in chips) 
Seat 9: Vanda 12 ($2.65 in chips) 
toyfan: posts small blind $0.10
Alameda22: posts big blind $0.25
*** HOLE CARDS ***
Dealt to Alameda22 [Ac 2c]
Fflash: raises $0.50 to $0.75
Texastrolls: calls $0.75
XdanX1972: calls $0.75
HappyPixel: folds 
Vanda 12: folds 
uctavi: folds 
Skudero: folds 
toyfan: folds 
Alameda22: folds 
*** FLOP *** [4s 3d 7h]
Fflash: bets $1.25
Texastrolls: raises $1.25 to $2.50
XdanX1972: folds 
Fflash: folds 
Uncalled bet ($1.25) returned to Texastrolls
Texastrolls collected $4.85 from pot
*** SUMMARY ***
Total pot $5.10 | Rake $0.25 
Board [4s 3d 7h]
Seat 1: uctavi folded before Flop (didn't bet)
Seat 2: Skudero (button) folded before Flop (didn't bet)
Seat 3: toyfan (small blind) folded before Flop
Seat 4: Alameda22 (big blind) folded before Flop
Seat 5: Fflash folded on the Flop
Seat 6: Texastrolls collected ($4.85)
Seat 7: XdanX1972 folded on the Flop
Seat 8: HappyPixel folded before Flop (didn't bet)
Seat 9: Vanda 12 folded before Flop (didn't bet)



PokerStars Game #19899778258:  Hold'em No Limit ($0.10/$0.25) - 2008/08/25 - 20:59:29 (ET)
Table 'Metis' 9-max Seat #3 is the button
Seat 1: uctavi ($30.90 in chips) 
Seat 2: Skudero ($27.30 in chips) 
Seat 3: toyfan ($9 in chips) 
Seat 4: Alameda22 ($31.25 in chips) 
Seat 5: Fflash ($35.60 in chips) 
Seat 6: Texastrolls ($22.85 in chips) 
Seat 7: XdanX1972 ($11.90 in chips) 
Seat 8: HappyPixel ($27.45 in chips) 
Seat 9: Vanda 12 ($2.65 in chips) 
Alameda22: posts small blind $0.10
Fflash: posts big blind $0.25
*** HOLE CARDS ***
Dealt to Alameda22 [8h Kd]
Texastrolls: calls $0.25
XdanX1972: calls $0.25
HappyPixel: folds 
Vanda 12: calls $0.25
uctavi: folds 
Skudero: folds 
toyfan: folds 
Alameda22: folds 
Fflash: checks 
*** FLOP *** [Kh 7d 3s]
Fflash: checks 
Texastrolls: checks 
XdanX1972: bets $1.25
Vanda 12: folds 
Fflash: folds 
Texastrolls: folds 
Uncalled bet ($1.25) returned to XdanX1972
XdanX1972 collected $1.05 from pot
XdanX1972: doesn't show hand 
*** SUMMARY ***
Total pot $1.10 | Rake $0.05 
Board [Kh 7d 3s]
Seat 1: uctavi folded before Flop (didn't bet)
Seat 2: Skudero folded before Flop (didn't bet)
Seat 3: toyfan (button) folded before Flop (didn't bet)
Seat 4: Alameda22 (small blind) folded before Flop
Seat 5: Fflash (big blind) folded on the Flop
Seat 6: Texastrolls folded on the Flop
Seat 7: XdanX1972 collected ($1.05)
Seat 8: HappyPixel folded before Flop (didn't bet)
Seat 9: Vanda 12 folded on the Flop



PokerStars Game #19899806641:  Hold'em No Limit ($0.10/$0.25) - 2008/08/25 - 21:00:43 (ET)
Table 'Metis' 9-max Seat #4 is the button
Seat 1: uctavi ($30.90 in chips) 
Seat 2: Skudero ($27.30 in chips) 
Seat 3: toyfan ($9 in chips) 
Seat 4: Alameda22 ($31.15 in chips) 
Seat 5: Fflash ($35.35 in chips) 
Seat 6: Texastrolls ($22.60 in chips) 
Seat 7: XdanX1972 ($12.70 in chips) 
Seat 8: HappyPixel ($27.45 in chips) 
Seat 9: Vanda 12 ($2.40 in chips) 
Fflash: posts small blind $0.10
Texastrolls: posts big blind $0.25
*** HOLE CARDS ***
Dealt to Alameda22 [Qs Kh]
XdanX1972: calls $0.25
HappyPixel: folds 
Vanda 12: folds 
uctavi: folds 
Skudero: raises $1 to $1.25
toyfan: folds 
Alameda22: folds 
Fflash: folds 
Texastrolls: folds 
XdanX1972: calls $1
*** FLOP *** [2c Jc 6s]
XdanX1972: checks 
Skudero: bets $1.25
XdanX1972: folds 
Uncalled bet ($1.25) returned to Skudero
XdanX1972 leaves the table
Skudero collected $2.75 from pot
Skudero: doesn't show hand 
*** SUMMARY ***
Total pot $2.85 | Rake $0.10 
Board [2c Jc 6s]
Seat 1: uctavi folded before Flop (didn't bet)
Seat 2: Skudero collected ($2.75)
Seat 3: toyfan folded before Flop (didn't bet)
Seat 4: Alameda22 (button) folded before Flop (didn't bet)
Seat 5: Fflash (small blind) folded before Flop
Seat 6: Texastrolls (big blind) folded before Flop
Seat 7: XdanX1972 folded on the Flop
Seat 8: HappyPixel folded before Flop (didn't bet)
Seat 9: Vanda 12 folded before Flop (didn't bet)



PokerStars Game #19899834766:  Hold'em No Limit ($0.10/$0.25) - 2008/08/25 - 21:01:55 (ET)
Table 'Metis' 9-max Seat #5 is the button
Seat 1: uctavi ($30.90 in chips) 
Seat 2: Skudero ($28.80 in chips) 
Seat 3: toyfan ($9 in chips) 
Seat 4: Alameda22 ($31.15 in chips) 
Seat 5: Fflash ($35.25 in chips) 
Seat 6: Texastrolls ($22.35 in chips) 
Seat 8: HappyPixel ($27.45 in chips) 
Seat 9: Vanda 12 ($2.40 in chips) 
Texastrolls: posts small blind $0.10
HappyPixel: posts big blind $0.25
*** HOLE CARDS ***
Dealt to Alameda22 [8h 6h]
BigSoonerFan joins the table at seat #7 
Vanda 12: calls $0.25
uctavi: folds 
Skudero: folds 
toyfan: folds 
Alameda22: folds 
Fflash: calls $0.25
Texastrolls: calls $0.15
HappyPixel: checks 
*** FLOP *** [9c 9d 4d]
Texastrolls: checks 
HappyPixel: checks 
Vanda 12: checks 
Fflash: bets $1
Texastrolls: calls $1
HappyPixel: folds 
Vanda 12: calls $1
*** TURN *** [9c 9d 4d] [Qd]
Texastrolls: checks 
Vanda 12: checks 
Fflash: checks 
*** RIVER *** [9c 9d 4d Qd] [Th]
Texastrolls: bets $2
Vanda 12: calls $1.15 and is all-in
Fflash: folds 
Uncalled bet ($0.85) returned to Texastrolls
*** SHOW DOWN ***
Texastrolls: shows [2d 7d] (a flush, Queen high)
Vanda 12: mucks hand 
Texastrolls collected $6 from pot
*** SUMMARY ***
Total pot $6.30 | Rake $0.30 
Board [9c 9d 4d Qd Th]
Seat 1: uctavi folded before Flop (didn't bet)
Seat 2: Skudero folded before Flop (didn't bet)
Seat 3: toyfan folded before Flop (didn't bet)
Seat 4: Alameda22 folded before Flop (didn't bet)
Seat 5: Fflash (button) folded on the River
Seat 6: Texastrolls (small blind) showed [2d 7d] and won ($6) with a flush, Queen high
Seat 8: HappyPixel (big blind) folded on the Flop
Seat 9: Vanda 12 mucked [As Td]



PokerStars Game #19899896488:  Hold'em No Limit ($0.10/$0.25) - 2008/08/25 - 21:04:35 (ET)
Table 'Metis' 9-max Seat #6 is the button
Seat 1: uctavi ($30.90 in chips) 
Seat 2: Skudero ($28.80 in chips) 
Seat 3: toyfan ($9 in chips) 
Seat 4: Alameda22 ($31.15 in chips) 
Seat 5: Fflash ($34 in chips) 
Seat 6: Texastrolls ($25.95 in chips) 
Seat 8: HappyPixel ($27.20 in chips) 
BigSoonerFan will be allowed to play after the button
HappyPixel: posts small blind $0.10
uctavi: posts big blind $0.25
*** HOLE CARDS ***
Dealt to Alameda22 [8d Kc]
Skudero: calls $0.25
toyfan: calls $0.25
Alameda22: folds 
Fflash: folds 
Texastrolls: calls $0.25
Vanda 12 leaves the table
HappyPixel: folds 
uctavi: checks 
*** FLOP *** [7s 9c 2d]
js1121 joins the table at seat #9 
uctavi: checks 
Skudero: checks 
toyfan: bets $0.25
Texastrolls: folds 
uctavi: folds 
Skudero: calls $0.25
*** TURN *** [7s 9c 2d] [Jh]
Skudero: checks 
toyfan: bets $0.50
Skudero: calls $0.50
*** RIVER *** [7s 9c 2d Jh] [5c]
Skudero: checks 
toyfan: checks 
*** SHOW DOWN ***
Skudero: shows [Jd Kd] (a pair of Jacks)
toyfan: shows [5d 7d] (two pair, Sevens and Fives)
toyfan collected $2.50 from pot
*** SUMMARY ***
Total pot $2.60 | Rake $0.10 
Board [7s 9c 2d Jh 5c]
Seat 1: uctavi (big blind) folded on the Flop
Seat 2: Skudero showed [Jd Kd] and lost with a pair of Jacks
Seat 3: toyfan showed [5d 7d] and won ($2.50) with two pair, Sevens and Fives
Seat 4: Alameda22 folded before Flop (didn't bet)
Seat 5: Fflash folded before Flop (didn't bet)
Seat 6: Texastrolls (button) folded on the Flop
Seat 8: HappyPixel (small blind) folded before Flop



PokerStars Game #19899936222:  Hold'em No Limit ($0.10/$0.25) - 2008/08/25 - 21:06:18 (ET)
Table 'Metis' 9-max Seat #8 is the button
Seat 1: uctavi ($30.65 in chips) 
Seat 2: Skudero ($27.80 in chips) 
Seat 3: toyfan ($10.50 in chips) 
Seat 4: Alameda22 ($31.15 in chips) 
Seat 5: Fflash ($34 in chips) 
Seat 6: Texastrolls ($25.70 in chips) 
Seat 7: BigSoonerFan ($15 in chips) 
Seat 8: HappyPixel ($27.10 in chips) 
js1121 will be allowed to play after the button
uctavi: posts small blind $0.10
Skudero: posts big blind $0.25
BigSoonerFan: posts big blind $0.25
*** HOLE CARDS ***
Dealt to Alameda22 [Js 9s]
toyfan: folds 
toyfan leaves the table
Alameda22: folds 
Fflash: folds 
Texastrolls: folds 
BigSoonerFan: checks 
HappyPixel: folds 
uctavi: raises $1 to $1.25
Skudero: calls $1
shaktale66 joins the table at seat #3 
BigSoonerFan: folds 
*** FLOP *** [3c 6d 3s]
Fflash leaves the table
uctavi: bets $2
Skudero: folds 
Uncalled bet ($2) returned to uctavi
uctavi collected $2.65 from pot
*** SUMMARY ***
Total pot $2.75 | Rake $0.10 
Board [3c 6d 3s]
Seat 1: uctavi (small blind) collected ($2.65)
Seat 2: Skudero (big blind) folded on the Flop
Seat 3: toyfan folded before Flop (didn't bet)
Seat 4: Alameda22 folded before Flop (didn't bet)
Seat 5: Fflash folded before Flop (didn't bet)
Seat 6: Texastrolls folded before Flop (didn't bet)
Seat 7: BigSoonerFan folded before Flop
Seat 8: HappyPixel (button) folded before Flop (didn't bet)



