PokerStars Game #19903057765:  Hold'em No Limit ($0.10/$0.25) - 2008/08/25 - 23:22:23 (ET)
Table 'Miram II' 9-max Seat #1 is the button
Seat 1: PokyDon ($25 in chips) 
Seat 2: weepeel ($47.25 in chips) 
Seat 3: SpielerABC ($24.25 in chips) 
Seat 4: Sheets7879 ($22.65 in chips) 
Seat 5: stinky3 ($30.60 in chips) 
Seat 6: TheSeraph ($22.80 in chips) 
Seat 7: JCONNOLLY09 ($13.60 in chips) 
Seat 9: Alameda22 ($25 in chips) 
weepeel: posts small blind $0.10
SpielerABC: posts big blind $0.25
Alameda22: posts big blind $0.25
*** HOLE CARDS ***
Dealt to Alameda22 [Kh 4h]
Sheets7879: folds 
stinky3: calls $0.25
TheSeraph: folds 
JCONNOLLY09: folds 
Alameda22: checks 
PokyDon: folds 
weepeel: calls $0.15
SpielerABC: checks 
*** FLOP *** [Qh Ac Kd]
weepeel: checks 
SpielerABC: checks 
stinky3: bets $1
Alameda22: folds 
weepeel: folds 
SpielerABC: folds 
Uncalled bet ($1) returned to stinky3
stinky3 collected $0.95 from pot
stinky3: doesn't show hand 
*** SUMMARY ***
Total pot $1 | Rake $0.05 
Board [Qh Ac Kd]
Seat 1: PokyDon (button) folded before Flop (didn't bet)
Seat 2: weepeel (small blind) folded on the Flop
Seat 3: SpielerABC (big blind) folded on the Flop
Seat 4: Sheets7879 folded before Flop (didn't bet)
Seat 5: stinky3 collected ($0.95)
Seat 6: TheSeraph folded before Flop (didn't bet)
Seat 7: JCONNOLLY09 folded before Flop (didn't bet)
Seat 9: Alameda22 folded on the Flop



PokerStars Game #19903074325:  Hold'em No Limit ($0.10/$0.25) - 2008/08/25 - 23:23:11 (ET)
Table 'Miram II' 9-max Seat #2 is the button
Seat 1: PokyDon ($25 in chips) 
Seat 2: weepeel ($47 in chips) 
Seat 3: SpielerABC ($24 in chips) 
Seat 4: Sheets7879 ($22.65 in chips) 
Seat 5: stinky3 ($31.30 in chips) 
Seat 6: TheSeraph ($22.80 in chips) 
Seat 7: JCONNOLLY09 ($13.60 in chips) 
Seat 9: Alameda22 ($24.75 in chips) 
SpielerABC: posts small blind $0.10
Sheets7879: posts big blind $0.25
*** HOLE CARDS ***
Dealt to Alameda22 [Td 9s]
stinky3: folds 
TheSeraph: folds 
JCONNOLLY09: folds 
Alameda22: folds 
PokyDon: calls $0.25
weepeel: calls $0.25
SpielerABC: calls $0.15
Sheets7879: checks 
*** FLOP *** [Ac Jh Jc]
SpielerABC: checks 
Sheets7879: bets $0.50
PokyDon: folds 
weepeel: raises $1.75 to $2.25
SpielerABC: folds 
Sheets7879: calls $1.75
*** TURN *** [Ac Jh Jc] [4s]
Sheets7879: checks 
weepeel: bets $3.50
Sheets7879: calls $3.50
*** RIVER *** [Ac Jh Jc 4s] [3h]
Sheets7879: checks 
weepeel: bets $7.75
Sheets7879: folds 
Uncalled bet ($7.75) returned to weepeel
weepeel collected $11.90 from pot
weepeel: doesn't show hand 
*** SUMMARY ***
Total pot $12.50 | Rake $0.60 
Board [Ac Jh Jc 4s 3h]
Seat 1: PokyDon folded on the Flop
Seat 2: weepeel (button) collected ($11.90)
Seat 3: SpielerABC (small blind) folded on the Flop
Seat 4: Sheets7879 (big blind) folded on the River
Seat 5: stinky3 folded before Flop (didn't bet)
Seat 6: TheSeraph folded before Flop (didn't bet)
Seat 7: JCONNOLLY09 folded before Flop (didn't bet)
Seat 9: Alameda22 folded before Flop (didn't bet)



PokerStars Game #19903132098:  Hold'em No Limit ($0.10/$0.25) - 2008/08/25 - 23:26:03 (ET)
Table 'Miram II' 9-max Seat #3 is the button
Seat 1: PokyDon ($24.75 in chips) 
Seat 2: weepeel ($52.90 in chips) 
Seat 3: SpielerABC ($25 in chips) 
Seat 4: Sheets7879 ($16.65 in chips) 
Seat 5: stinky3 ($31.30 in chips) 
Seat 6: TheSeraph ($22.80 in chips) 
Seat 7: JCONNOLLY09 ($13.60 in chips) 
Seat 9: Alameda22 ($24.75 in chips) 
Sheets7879: posts small blind $0.10
stinky3: posts big blind $0.25
*** HOLE CARDS ***
Dealt to Alameda22 [3h Ks]
TheSeraph: folds 
Sheets7879 said, "had the a"
JCONNOLLY09: folds 
Sheets7879 said, "u had j"
Alameda22: folds 
PokyDon: folds 
weepeel: raises $0.50 to $0.75
Sheets7879 said, "had 2"
SpielerABC: folds 
Sheets7879: folds 
stinky3: calls $0.50
*** FLOP *** [4h Kc 8s]
stinky3: checks 
weepeel: checks 
*** TURN *** [4h Kc 8s] [6c]
stinky3: bets $0.25
weepeel: folds 
Uncalled bet ($0.25) returned to stinky3
stinky3 collected $1.55 from pot
stinky3: doesn't show hand 
*** SUMMARY ***
Total pot $1.60 | Rake $0.05 
Board [4h Kc 8s 6c]
Seat 1: PokyDon folded before Flop (didn't bet)
Seat 2: weepeel folded on the Turn
Seat 3: SpielerABC (button) folded before Flop (didn't bet)
Seat 4: Sheets7879 (small blind) folded before Flop
Seat 5: stinky3 (big blind) collected ($1.55)
Seat 6: TheSeraph folded before Flop (didn't bet)
Seat 7: JCONNOLLY09 folded before Flop (didn't bet)
Seat 9: Alameda22 folded before Flop (didn't bet)



PokerStars Game #19903150048:  Hold'em No Limit ($0.10/$0.25) - 2008/08/25 - 23:26:55 (ET)
Table 'Miram II' 9-max Seat #4 is the button
Seat 1: PokyDon ($24.75 in chips) 
Seat 2: weepeel ($52.15 in chips) 
Seat 3: SpielerABC ($25 in chips) 
Seat 4: Sheets7879 ($16.55 in chips) 
Seat 5: stinky3 ($32.10 in chips) 
Seat 6: TheSeraph ($22.80 in chips) 
Seat 7: JCONNOLLY09 ($13.60 in chips) 
Seat 9: Alameda22 ($24.75 in chips) 
stinky3: posts small blind $0.10
TheSeraph: posts big blind $0.25
*** HOLE CARDS ***
Dealt to Alameda22 [Td Kd]
Sheets7879 said, "nh"
JCONNOLLY09: folds 
Alameda22: folds 
PokyDon: folds 
weepeel: raises $0.50 to $0.75
SpielerABC: folds 
Sheets7879 said, "man i think u mighta"
Sheets7879: folds 
stinky3: calls $0.65
TheSeraph: calls $0.50
*** FLOP *** [2d 6c 9h]
Sheets7879 said, "got over on me there"
stinky3: checks 
TheSeraph: checks 
weepeel: checks 
*** TURN *** [2d 6c 9h] [4d]
stinky3: checks 
TheSeraph: checks 
weepeel: checks 
*** RIVER *** [2d 6c 9h 4d] [2c]
stinky3: bets $0.75
TheSeraph: folds 
weepeel: folds 
Uncalled bet ($0.75) returned to stinky3
stinky3 collected $2.15 from pot
stinky3: doesn't show hand 
*** SUMMARY ***
Total pot $2.25 | Rake $0.10 
Board [2d 6c 9h 4d 2c]
Seat 1: PokyDon folded before Flop (didn't bet)
Seat 2: weepeel folded on the River
Seat 3: SpielerABC folded before Flop (didn't bet)
Seat 4: Sheets7879 (button) folded before Flop (didn't bet)
Seat 5: stinky3 (small blind) collected ($2.15)
Seat 6: TheSeraph (big blind) folded on the River
Seat 7: JCONNOLLY09 folded before Flop (didn't bet)
Seat 9: Alameda22 folded before Flop (didn't bet)



PokerStars Game #19903180234:  Hold'em No Limit ($0.10/$0.25) - 2008/08/25 - 23:28:25 (ET)
Table 'Miram II' 9-max Seat #5 is the button
Seat 1: PokyDon ($24.75 in chips) 
Seat 2: weepeel ($51.40 in chips) 
Seat 3: SpielerABC ($25 in chips) 
Seat 4: Sheets7879 ($16.55 in chips) 
Seat 5: stinky3 ($33.50 in chips) 
Seat 6: TheSeraph ($22.05 in chips) 
Seat 7: JCONNOLLY09 ($13.60 in chips) 
Seat 9: Alameda22 ($24.75 in chips) 
TheSeraph: posts small blind $0.10
JCONNOLLY09: posts big blind $0.25
*** HOLE CARDS ***
Dealt to Alameda22 [6c 6h]
Alameda22: folds 
PokyDon: folds 
weepeel: folds 
SpielerABC: folds 
Sheets7879: folds 
stinky3: calls $0.25
TheSeraph: calls $0.15
JCONNOLLY09: checks 
*** FLOP *** [8h 9c 7h]
TheSeraph: checks 
JCONNOLLY09: checks 
stinky3: checks 
*** TURN *** [8h 9c 7h] [Jc]
TheSeraph: checks 
JCONNOLLY09: checks 
stinky3: bets $0.75
TheSeraph: folds 
JCONNOLLY09: folds 
Uncalled bet ($0.75) returned to stinky3
stinky3 collected $0.75 from pot
stinky3: doesn't show hand 
*** SUMMARY ***
Total pot $0.75 | Rake $0 
Board [8h 9c 7h Jc]
Seat 1: PokyDon folded before Flop (didn't bet)
Seat 2: weepeel folded before Flop (didn't bet)
Seat 3: SpielerABC folded before Flop (didn't bet)
Seat 4: Sheets7879 folded before Flop (didn't bet)
Seat 5: stinky3 (button) collected ($0.75)
Seat 6: TheSeraph (small blind) folded on the Turn
Seat 7: JCONNOLLY09 (big blind) folded on the Turn
Seat 9: Alameda22 folded before Flop (didn't bet)



PokerStars Game #19903199723:  Hold'em No Limit ($0.10/$0.25) - 2008/08/25 - 23:29:23 (ET)
Table 'Miram II' 9-max Seat #6 is the button
Seat 1: PokyDon ($24.75 in chips) 
Seat 2: weepeel ($51.40 in chips) 
Seat 3: SpielerABC ($25 in chips) 
Seat 4: Sheets7879 ($16.55 in chips) 
Seat 5: stinky3 ($34 in chips) 
Seat 6: TheSeraph ($21.80 in chips) 
Seat 7: JCONNOLLY09 ($13.35 in chips) 
Seat 9: Alameda22 ($24.75 in chips) 
JCONNOLLY09: posts small blind $0.10
Alameda22: posts big blind $0.25
*** HOLE CARDS ***
Dealt to Alameda22 [Kh Qs]
PokyDon: folds 
weepeel: folds 
SpielerABC: folds 
Sheets7879: raises $0.50 to $0.75
stinky3: calls $0.75
TheSeraph: folds 
JCONNOLLY09: folds 
Alameda22: folds 
*** FLOP *** [5c Th 7d]
Sheets7879: checks 
stinky3: bets $0.75
Sheets7879: calls $0.75
*** TURN *** [5c Th 7d] [Ac]
Sheets7879: checks 
stinky3: checks 
*** RIVER *** [5c Th 7d Ac] [8c]
Sheets7879: bets $1
stinky3: calls $1
*** SHOW DOWN ***
Sheets7879: shows [5s 5d] (three of a kind, Fives)
stinky3: mucks hand 
Sheets7879 collected $5.10 from pot
*** SUMMARY ***
Total pot $5.35 | Rake $0.25 
Board [5c Th 7d Ac 8c]
Seat 1: PokyDon folded before Flop (didn't bet)
Seat 2: weepeel folded before Flop (didn't bet)
Seat 3: SpielerABC folded before Flop (didn't bet)
Seat 4: Sheets7879 showed [5s 5d] and won ($5.10) with three of a kind, Fives
Seat 5: stinky3 mucked [4c 4d]
Seat 6: TheSeraph (button) folded before Flop (didn't bet)
Seat 7: JCONNOLLY09 (small blind) folded before Flop
Seat 9: Alameda22 (big blind) folded before Flop



PokerStars Game #19903228250:  Hold'em No Limit ($0.10/$0.25) - 2008/08/25 - 23:30:49 (ET)
Table 'Miram II' 9-max Seat #7 is the button
Seat 1: PokyDon ($24.75 in chips) 
Seat 2: weepeel ($51.40 in chips) 
Seat 3: SpielerABC ($25 in chips) 
Seat 4: Sheets7879 ($19.15 in chips) 
Seat 5: stinky3 ($31.50 in chips) 
Seat 6: TheSeraph ($21.80 in chips) 
Seat 7: JCONNOLLY09 ($13.25 in chips) 
Seat 9: Alameda22 ($24.50 in chips) 
Alameda22: posts small blind $0.10
PokyDon: posts big blind $0.25
*** HOLE CARDS ***
Dealt to Alameda22 [Th 7h]
weepeel: folds 
SpielerABC: folds 
Sheets7879: raises $0.75 to $1
stinky3: calls $1
TheSeraph: folds 
JCONNOLLY09: calls $1
Alameda22: folds 
PokyDon: raises $3 to $4
Sheets7879: folds 
stinky3: folds 
JCONNOLLY09: folds 
Uncalled bet ($3) returned to PokyDon
PokyDon collected $4.10 from pot
PokyDon: doesn't show hand 
*** SUMMARY ***
Total pot $4.10 | Rake $0 
Seat 1: PokyDon (big blind) collected ($4.10)
Seat 2: weepeel folded before Flop (didn't bet)
Seat 3: SpielerABC folded before Flop (didn't bet)
Seat 4: Sheets7879 folded before Flop
Seat 5: stinky3 folded before Flop
Seat 6: TheSeraph folded before Flop (didn't bet)
Seat 7: JCONNOLLY09 (button) folded before Flop
Seat 9: Alameda22 (small blind) folded before Flop



PokerStars Game #19903249898:  Hold'em No Limit ($0.10/$0.25) - 2008/08/25 - 23:31:52 (ET)
Table 'Miram II' 9-max Seat #9 is the button
Seat 1: PokyDon ($27.85 in chips) 
Seat 2: weepeel ($51.40 in chips) 
Seat 3: SpielerABC ($25 in chips) 
Seat 4: Sheets7879 ($18.15 in chips) 
Seat 5: stinky3 ($30.50 in chips) 
Seat 6: TheSeraph ($21.80 in chips) 
Seat 7: JCONNOLLY09 ($12.25 in chips) 
Seat 9: Alameda22 ($24.40 in chips) 
PokyDon: posts small blind $0.10
weepeel: posts big blind $0.25
*** HOLE CARDS ***
Dealt to Alameda22 [9d 7c]
SpielerABC: folds 
Sheets7879 said, "imannnnnn"
Sheets7879: folds 
Sheets7879 said, "nb"
stinky3: calls $0.25
TheSeraph: calls $0.25
JCONNOLLY09: folds 
Alameda22: folds 
PokyDon: calls $0.15
weepeel: checks 
*** FLOP *** [Kc Ks 5h]
PokyDon: checks 
weepeel: checks 
stinky3: checks 
TheSeraph: checks 
*** TURN *** [Kc Ks 5h] [3d]
PokyDon: checks 
weepeel: checks 
stinky3: checks 
TheSeraph: checks 
*** RIVER *** [Kc Ks 5h 3d] [2h]
PokyDon: checks 
weepeel: checks 
stinky3: bets $1
TheSeraph: raises $3 to $4
PokyDon: folds 
weepeel: folds 
stinky3: folds 
Uncalled bet ($3) returned to TheSeraph
TheSeraph collected $2.90 from pot
TheSeraph: doesn't show hand 
*** SUMMARY ***
Total pot $3 | Rake $0.10 
Board [Kc Ks 5h 3d 2h]
Seat 1: PokyDon (small blind) folded on the River
Seat 2: weepeel (big blind) folded on the River
Seat 3: SpielerABC folded before Flop (didn't bet)
Seat 4: Sheets7879 folded before Flop (didn't bet)
Seat 5: stinky3 folded on the River
Seat 6: TheSeraph collected ($2.90)
Seat 7: JCONNOLLY09 folded before Flop (didn't bet)
Seat 9: Alameda22 (button) folded before Flop (didn't bet)



PokerStars Game #19903278021:  Hold'em No Limit ($0.10/$0.25) - 2008/08/25 - 23:33:15 (ET)
Table 'Miram II' 9-max Seat #1 is the button
Seat 1: PokyDon ($27.60 in chips) 
Seat 2: weepeel ($51.15 in chips) 
Seat 3: SpielerABC ($25 in chips) 
Seat 4: Sheets7879 ($18.15 in chips) 
Seat 5: stinky3 ($29.25 in chips) 
Seat 6: TheSeraph ($23.45 in chips) 
Seat 7: JCONNOLLY09 ($12.25 in chips) 
Seat 9: Alameda22 ($24.40 in chips) 
weepeel: posts small blind $0.10
SpielerABC: posts big blind $0.25
*** HOLE CARDS ***
Dealt to Alameda22 [4d Ad]
Sheets7879: folds 
stinky3: raises $0.50 to $0.75
TheSeraph: folds 
JCONNOLLY09: folds 
Alameda22: folds 
PokyDon: folds 
weepeel: folds 
SpielerABC: folds 
Uncalled bet ($0.50) returned to stinky3
stinky3 collected $0.60 from pot
stinky3: doesn't show hand 
*** SUMMARY ***
Total pot $0.60 | Rake $0 
Seat 1: PokyDon (button) folded before Flop (didn't bet)
Seat 2: weepeel (small blind) folded before Flop
Seat 3: SpielerABC (big blind) folded before Flop
Seat 4: Sheets7879 folded before Flop (didn't bet)
Seat 5: stinky3 collected ($0.60)
Seat 6: TheSeraph folded before Flop (didn't bet)
Seat 7: JCONNOLLY09 folded before Flop (didn't bet)
Seat 9: Alameda22 folded before Flop (didn't bet)



PokerStars Game #19903292522:  Hold'em No Limit ($0.10/$0.25) - 2008/08/25 - 23:33:58 (ET)
Table 'Miram II' 9-max Seat #2 is the button
Seat 1: PokyDon ($27.60 in chips) 
Seat 2: weepeel ($51.05 in chips) 
Seat 3: SpielerABC ($24.75 in chips) 
Seat 4: Sheets7879 ($18.15 in chips) 
Seat 5: stinky3 ($29.60 in chips) 
Seat 6: TheSeraph ($23.45 in chips) 
Seat 7: JCONNOLLY09 ($12.25 in chips) 
Seat 9: Alameda22 ($24.40 in chips) 
SpielerABC: posts small blind $0.10
Sheets7879: posts big blind $0.25
*** HOLE CARDS ***
Dealt to Alameda22 [Qd Tc]
stinky3: raises $0.25 to $0.50
TheSeraph: folds 
JCONNOLLY09: folds 
Alameda22: folds 
PokyDon: calls $0.50
weepeel: folds 
SpielerABC: calls $0.40
Sheets7879: calls $0.25
*** FLOP *** [7c Td Jc]
SpielerABC: checks 
Sheets7879: checks 
stinky3: bets $0.75
PokyDon: folds 
SpielerABC: calls $0.75
Sheets7879: folds 
*** TURN *** [7c Td Jc] [Kh]
SpielerABC: checks 
stinky3: checks 
*** RIVER *** [7c Td Jc Kh] [5s]
SpielerABC: bets $1.50
stinky3: raises $3.50 to $5
SpielerABC: calls $3.50
*** SHOW DOWN ***
stinky3: shows [Qh As] (a straight, Ten to Ace)
SpielerABC: mucks hand 
stinky3 collected $12.85 from pot
*** SUMMARY ***
Total pot $13.50 | Rake $0.65 
Board [7c Td Jc Kh 5s]
Seat 1: PokyDon folded on the Flop
Seat 2: weepeel (button) folded before Flop (didn't bet)
Seat 3: SpielerABC (small blind) mucked [Ac Kd]
Seat 4: Sheets7879 (big blind) folded on the Flop
Seat 5: stinky3 showed [Qh As] and won ($12.85) with a straight, Ten to Ace
Seat 6: TheSeraph folded before Flop (didn't bet)
Seat 7: JCONNOLLY09 folded before Flop (didn't bet)
Seat 9: Alameda22 folded before Flop (didn't bet)



PokerStars Game #19903326161:  Hold'em No Limit ($0.10/$0.25) - 2008/08/25 - 23:35:38 (ET)
Table 'Miram II' 9-max Seat #3 is the button
Seat 1: PokyDon ($27.10 in chips) 
Seat 2: weepeel ($51.05 in chips) 
Seat 3: SpielerABC ($25 in chips) 
Seat 4: Sheets7879 ($17.65 in chips) 
Seat 5: stinky3 ($36.20 in chips) 
Seat 6: TheSeraph ($23.45 in chips) 
Seat 7: JCONNOLLY09 ($12.25 in chips) 
Seat 9: Alameda22 ($24.40 in chips) 
Sheets7879: posts small blind $0.10
stinky3: posts big blind $0.25
*** HOLE CARDS ***
Dealt to Alameda22 [Qh Qs]
TheSeraph: folds 
JCONNOLLY09: calls $0.25
Alameda22: raises $0.75 to $1
PokyDon: folds 
weepeel: folds 
SpielerABC: folds 
Sheets7879: folds 
stinky3: calls $0.75
JCONNOLLY09: folds 
*** FLOP *** [9d 2d 8d]
stinky3: checks 
Alameda22: bets $1.50
stinky3: calls $1.50
*** TURN *** [9d 2d 8d] [5c]
stinky3: bets $0.25
Alameda22: raises $3 to $3.25
stinky3: folds 
Uncalled bet ($3) returned to Alameda22
Alameda22 collected $5.60 from pot
Alameda22: doesn't show hand 
*** SUMMARY ***
Total pot $5.85 | Rake $0.25 
Board [9d 2d 8d 5c]
Seat 1: PokyDon folded before Flop (didn't bet)
Seat 2: weepeel folded before Flop (didn't bet)
Seat 3: SpielerABC (button) folded before Flop (didn't bet)
Seat 4: Sheets7879 (small blind) folded before Flop
Seat 5: stinky3 (big blind) folded on the Turn
Seat 6: TheSeraph folded before Flop (didn't bet)
Seat 7: JCONNOLLY09 folded before Flop
Seat 9: Alameda22 collected ($5.60)



PokerStars Game #19903348252:  Hold'em No Limit ($0.10/$0.25) - 2008/08/25 - 23:36:44 (ET)
Table 'Miram II' 9-max Seat #4 is the button
Seat 1: PokyDon ($27.10 in chips) 
Seat 2: weepeel ($51.05 in chips) 
Seat 3: SpielerABC ($25 in chips) 
Seat 4: Sheets7879 ($17.55 in chips) 
Seat 5: stinky3 ($33.45 in chips) 
Seat 6: TheSeraph ($23.45 in chips) 
Seat 7: JCONNOLLY09 ($12 in chips) 
Seat 9: Alameda22 ($27.25 in chips) 
stinky3: posts small blind $0.10
TheSeraph: posts big blind $0.25
*** HOLE CARDS ***
Dealt to Alameda22 [8d Qd]
JCONNOLLY09: folds 
Alameda22: folds 
PokyDon: folds 
weepeel: folds 
SpielerABC: folds 
Sheets7879: folds 
stinky3: calls $0.15
TheSeraph: checks 
*** FLOP *** [4h Kd 9d]
stinky3: bets $0.25
TheSeraph: folds 
Uncalled bet ($0.25) returned to stinky3
stinky3 collected $0.50 from pot
stinky3: doesn't show hand 
*** SUMMARY ***
Total pot $0.50 | Rake $0 
Board [4h Kd 9d]
Seat 1: PokyDon folded before Flop (didn't bet)
Seat 2: weepeel folded before Flop (didn't bet)
Seat 3: SpielerABC folded before Flop (didn't bet)
Seat 4: Sheets7879 (button) folded before Flop (didn't bet)
Seat 5: stinky3 (small blind) collected ($0.50)
Seat 6: TheSeraph (big blind) folded on the Flop
Seat 7: JCONNOLLY09 folded before Flop (didn't bet)
Seat 9: Alameda22 folded before Flop (didn't bet)



PokerStars Game #19903368532:  Hold'em No Limit ($0.10/$0.25) - 2008/08/25 - 23:37:46 (ET)
Table 'Miram II' 9-max Seat #5 is the button
Seat 1: PokyDon ($27.10 in chips) 
Seat 2: weepeel ($51.05 in chips) 
Seat 3: SpielerABC ($25 in chips) 
Seat 4: Sheets7879 ($17.55 in chips) 
Seat 5: stinky3 ($33.70 in chips) 
Seat 6: TheSeraph ($23.20 in chips) 
Seat 7: JCONNOLLY09 ($12 in chips) 
Seat 9: Alameda22 ($27.25 in chips) 
TheSeraph: posts small blind $0.10
JCONNOLLY09: posts big blind $0.25
*** HOLE CARDS ***
Dealt to Alameda22 [9h 4c]
Alameda22: folds 
PokyDon: folds 
weepeel: folds 
SpielerABC: folds 
Sheets7879: calls $0.25
stinky3: folds 
TheSeraph: calls $0.15
JCONNOLLY09: checks 
*** FLOP *** [9s 3c 8d]
TheSeraph: checks 
JCONNOLLY09: bets $0.50
Sheets7879: calls $0.50
TheSeraph: calls $0.50
*** TURN *** [9s 3c 8d] [Jd]
TheSeraph: checks 
JCONNOLLY09: bets $1
Sheets7879: folds 
TheSeraph: folds 
Uncalled bet ($1) returned to JCONNOLLY09
JCONNOLLY09 collected $2.15 from pot
JCONNOLLY09: doesn't show hand 
*** SUMMARY ***
Total pot $2.25 | Rake $0.10 
Board [9s 3c 8d Jd]
Seat 1: PokyDon folded before Flop (didn't bet)
Seat 2: weepeel folded before Flop (didn't bet)
Seat 3: SpielerABC folded before Flop (didn't bet)
Seat 4: Sheets7879 folded on the Turn
Seat 5: stinky3 (button) folded before Flop (didn't bet)
Seat 6: TheSeraph (small blind) folded on the Turn
Seat 7: JCONNOLLY09 (big blind) collected ($2.15)
Seat 9: Alameda22 folded before Flop (didn't bet)



PokerStars Game #19903387195:  Hold'em No Limit ($0.10/$0.25) - 2008/08/25 - 23:38:42 (ET)
Table 'Miram II' 9-max Seat #6 is the button
Seat 1: PokyDon ($27.10 in chips) 
Seat 2: weepeel ($51.05 in chips) 
Seat 3: SpielerABC ($25 in chips) 
Seat 4: Sheets7879 ($16.80 in chips) 
Seat 5: stinky3 ($33.70 in chips) 
Seat 6: TheSeraph ($22.45 in chips) 
Seat 7: JCONNOLLY09 ($13.40 in chips) 
Seat 9: Alameda22 ($27.25 in chips) 
JCONNOLLY09: posts small blind $0.10
Alameda22: posts big blind $0.25
*** HOLE CARDS ***
Dealt to Alameda22 [Qc 8h]
PokyDon: folds 
weepeel: folds 
SpielerABC: folds 
Sheets7879: folds 
stinky3: calls $0.25
TheSeraph: raises $0.75 to $1
JCONNOLLY09: folds 
Alameda22: folds 
stinky3: calls $0.75
*** FLOP *** [4h Qh 6d]
stinky3: bets $1
TheSeraph: folds 
Uncalled bet ($1) returned to stinky3
stinky3 collected $2.25 from pot
stinky3: doesn't show hand 
*** SUMMARY ***
Total pot $2.35 | Rake $0.10 
Board [4h Qh 6d]
Seat 1: PokyDon folded before Flop (didn't bet)
Seat 2: weepeel folded before Flop (didn't bet)
Seat 3: SpielerABC folded before Flop (didn't bet)
Seat 4: Sheets7879 folded before Flop (didn't bet)
Seat 5: stinky3 collected ($2.25)
Seat 6: TheSeraph (button) folded on the Flop
Seat 7: JCONNOLLY09 (small blind) folded before Flop
Seat 9: Alameda22 (big blind) folded before Flop



PokerStars Game #19903406236:  Hold'em No Limit ($0.10/$0.25) - 2008/08/25 - 23:39:40 (ET)
Table 'Miram II' 9-max Seat #7 is the button
Seat 1: PokyDon ($27.10 in chips) 
Seat 2: weepeel ($51.05 in chips) 
Seat 3: SpielerABC ($25 in chips) 
Seat 4: Sheets7879 ($16.80 in chips) 
Seat 5: stinky3 ($34.95 in chips) 
Seat 6: TheSeraph ($21.45 in chips) 
Seat 7: JCONNOLLY09 ($13.30 in chips) 
Seat 9: Alameda22 ($27 in chips) 
Alameda22: posts small blind $0.10
PokyDon: posts big blind $0.25
*** HOLE CARDS ***
Dealt to Alameda22 [As 3c]
weepeel: raises $0.50 to $0.75
SpielerABC: folds 
Sheets7879: folds 
stinky3: calls $0.75
TheSeraph: folds 
JCONNOLLY09: folds 
Alameda22: folds 
PokyDon: calls $0.50
*** FLOP *** [5h 6c 9h]
PokyDon: checks 
weepeel: checks 
stinky3: checks 
*** TURN *** [5h 6c 9h] [3h]
PokyDon: bets $1
weepeel: folds 
stinky3: calls $1
*** RIVER *** [5h 6c 9h 3h] [9d]
PokyDon: checks 
stinky3: checks 
*** SHOW DOWN ***
PokyDon: shows [2s Ah] (a pair of Nines)
stinky3: mucks hand 
PokyDon collected $4.15 from pot
*** SUMMARY ***
Total pot $4.35 | Rake $0.20 
Board [5h 6c 9h 3h 9d]
Seat 1: PokyDon (big blind) showed [2s Ah] and won ($4.15) with a pair of Nines
Seat 2: weepeel folded on the Turn
Seat 3: SpielerABC folded before Flop (didn't bet)
Seat 4: Sheets7879 folded before Flop (didn't bet)
Seat 5: stinky3 mucked [8h Qc]
Seat 6: TheSeraph folded before Flop (didn't bet)
Seat 7: JCONNOLLY09 (button) folded before Flop (didn't bet)
Seat 9: Alameda22 (small blind) folded before Flop



PokerStars Game #19903435269:  Hold'em No Limit ($0.10/$0.25) - 2008/08/25 - 23:41:08 (ET)
Table 'Miram II' 9-max Seat #9 is the button
Seat 1: PokyDon ($29.50 in chips) 
Seat 2: weepeel ($50.30 in chips) 
Seat 3: SpielerABC ($25 in chips) 
Seat 4: Sheets7879 ($16.80 in chips) 
Seat 5: stinky3 ($33.20 in chips) 
Seat 6: TheSeraph ($21.45 in chips) 
Seat 7: JCONNOLLY09 ($13.30 in chips) 
Seat 9: Alameda22 ($26.90 in chips) 
PokyDon: posts small blind $0.10
weepeel: posts big blind $0.25
*** HOLE CARDS ***
Dealt to Alameda22 [7c Qh]
SpielerABC: folds 
Sheets7879: folds 
stinky3: calls $0.25
TheSeraph: folds 
JCONNOLLY09: raises $0.75 to $1
Alameda22: folds 
PokyDon: folds 
weepeel: folds 
stinky3: calls $0.75
*** FLOP *** [4c 3d 8d]
stinky3: bets $0.50
JCONNOLLY09: calls $0.50
*** TURN *** [4c 3d 8d] [6c]
stinky3: bets $1
JCONNOLLY09: calls $1
*** RIVER *** [4c 3d 8d 6c] [3s]
stinky3: bets $1
JCONNOLLY09: folds 
Uncalled bet ($1) returned to stinky3
stinky3 collected $5.10 from pot
stinky3: doesn't show hand 
*** SUMMARY ***
Total pot $5.35 | Rake $0.25 
Board [4c 3d 8d 6c 3s]
Seat 1: PokyDon (small blind) folded before Flop
Seat 2: weepeel (big blind) folded before Flop
Seat 3: SpielerABC folded before Flop (didn't bet)
Seat 4: Sheets7879 folded before Flop (didn't bet)
Seat 5: stinky3 collected ($5.10)
Seat 6: TheSeraph folded before Flop (didn't bet)
Seat 7: JCONNOLLY09 folded on the River
Seat 9: Alameda22 (button) folded before Flop (didn't bet)



PokerStars Game #19903456139:  Hold'em No Limit ($0.10/$0.25) - 2008/08/25 - 23:42:12 (ET)
Table 'Miram II' 9-max Seat #1 is the button
Seat 1: PokyDon ($29.40 in chips) 
Seat 2: weepeel ($50.05 in chips) 
Seat 3: SpielerABC ($25 in chips) 
Seat 4: Sheets7879 ($16.80 in chips) 
Seat 5: stinky3 ($35.80 in chips) 
Seat 6: TheSeraph ($21.45 in chips) 
Seat 7: JCONNOLLY09 ($10.80 in chips) 
Seat 9: Alameda22 ($26.90 in chips) 
weepeel: posts small blind $0.10
SpielerABC: posts big blind $0.25
*** HOLE CARDS ***
Dealt to Alameda22 [7s Jc]
Sheets7879: folds 
stinky3: calls $0.25
TheSeraph: folds 
JCONNOLLY09: calls $0.25
Alameda22: folds 
PokyDon: folds 
weepeel: folds 
SpielerABC: checks 
*** FLOP *** [8d Ks 4d]
SpielerABC: checks 
stinky3: bets $0.75
JCONNOLLY09: folds 
SpielerABC: folds 
Uncalled bet ($0.75) returned to stinky3
stinky3 collected $0.85 from pot
*** SUMMARY ***
Total pot $0.85 | Rake $0 
Board [8d Ks 4d]
Seat 1: PokyDon (button) folded before Flop (didn't bet)
Seat 2: weepeel (small blind) folded before Flop
Seat 3: SpielerABC (big blind) folded on the Flop
Seat 4: Sheets7879 folded before Flop (didn't bet)
Seat 5: stinky3 collected ($0.85)
Seat 6: TheSeraph folded before Flop (didn't bet)
Seat 7: JCONNOLLY09 folded on the Flop
Seat 9: Alameda22 folded before Flop (didn't bet)



PokerStars Game #19903477512:  Hold'em No Limit ($0.10/$0.25) - 2008/08/25 - 23:43:17 (ET)
Table 'Miram II' 9-max Seat #2 is the button
Seat 1: PokyDon ($29.40 in chips) 
Seat 2: weepeel ($49.95 in chips) 
Seat 3: SpielerABC ($24.75 in chips) 
Seat 4: Sheets7879 ($16.80 in chips) 
Seat 5: stinky3 ($36.40 in chips) 
Seat 6: TheSeraph ($21.45 in chips) 
Seat 7: JCONNOLLY09 ($10.55 in chips) 
Seat 9: Alameda22 ($26.90 in chips) 
SpielerABC: posts small blind $0.10
Sheets7879: posts big blind $0.25
*** HOLE CARDS ***
Dealt to Alameda22 [2s 3s]
stinky3: calls $0.25
TheSeraph: folds 
JCONNOLLY09: folds 
Alameda22: folds 
PokyDon: folds 
weepeel: folds 
SpielerABC: calls $0.15
Sheets7879: checks 
*** FLOP *** [4s 9s Jh]
SpielerABC: checks 
Sheets7879: bets $0.50
stinky3: raises $0.50 to $1
SpielerABC: folds 
Sheets7879: calls $0.50
*** TURN *** [4s 9s Jh] [Js]
Sheets7879: checks 
stinky3: bets $0.25
Sheets7879: folds 
Uncalled bet ($0.25) returned to stinky3
stinky3 collected $2.65 from pot
stinky3: doesn't show hand 
*** SUMMARY ***
Total pot $2.75 | Rake $0.10 
Board [4s 9s Jh Js]
Seat 1: PokyDon folded before Flop (didn't bet)
Seat 2: weepeel (button) folded before Flop (didn't bet)
Seat 3: SpielerABC (small blind) folded on the Flop
Seat 4: Sheets7879 (big blind) folded on the Turn
Seat 5: stinky3 collected ($2.65)
Seat 6: TheSeraph folded before Flop (didn't bet)
Seat 7: JCONNOLLY09 folded before Flop (didn't bet)
Seat 9: Alameda22 folded before Flop (didn't bet)



PokerStars Game #19903499963:  Hold'em No Limit ($0.10/$0.25) - 2008/08/25 - 23:44:25 (ET)
Table 'Miram II' 9-max Seat #3 is the button
Seat 1: PokyDon ($29.40 in chips) 
Seat 2: weepeel ($49.95 in chips) 
Seat 3: SpielerABC ($24.50 in chips) 
Seat 4: Sheets7879 ($15.55 in chips) 
Seat 5: stinky3 ($37.80 in chips) 
Seat 6: TheSeraph ($21.45 in chips) 
Seat 7: JCONNOLLY09 ($10.55 in chips) 
Seat 9: Alameda22 ($26.90 in chips) 
Sheets7879: posts small blind $0.10
stinky3: posts big blind $0.25
*** HOLE CARDS ***
Dealt to Alameda22 [3c 2d]
TheSeraph: folds 
JCONNOLLY09: folds 
Alameda22: folds 
PokyDon: folds 
weepeel: folds 
SpielerABC: raises $0.50 to $0.75
Sheets7879: folds 
stinky3: calls $0.50
*** FLOP *** [3h Tc 5s]
stinky3: checks 
SpielerABC: bets $0.75
stinky3: folds 
Uncalled bet ($0.75) returned to SpielerABC
SpielerABC collected $1.55 from pot
SpielerABC: doesn't show hand 
*** SUMMARY ***
Total pot $1.60 | Rake $0.05 
Board [3h Tc 5s]
Seat 1: PokyDon folded before Flop (didn't bet)
Seat 2: weepeel folded before Flop (didn't bet)
Seat 3: SpielerABC (button) collected ($1.55)
Seat 4: Sheets7879 (small blind) folded before Flop
Seat 5: stinky3 (big blind) folded on the Flop
Seat 6: TheSeraph folded before Flop (didn't bet)
Seat 7: JCONNOLLY09 folded before Flop (didn't bet)
Seat 9: Alameda22 folded before Flop (didn't bet)



PokerStars Game #19903520425:  Hold'em No Limit ($0.10/$0.25) - 2008/08/25 - 23:45:28 (ET)
Table 'Miram II' 9-max Seat #4 is the button
Seat 1: PokyDon ($29.40 in chips) 
Seat 2: weepeel ($49.95 in chips) 
Seat 3: SpielerABC ($25.30 in chips) 
Seat 4: Sheets7879 ($15.45 in chips) 
Seat 5: stinky3 ($37.05 in chips) 
Seat 6: TheSeraph ($21.45 in chips) 
Seat 7: JCONNOLLY09 ($10.55 in chips) 
Seat 9: Alameda22 ($26.90 in chips) 
stinky3: posts small blind $0.10
TheSeraph: posts big blind $0.25
*** HOLE CARDS ***
Dealt to Alameda22 [2c 9c]
JCONNOLLY09: calls $0.25
Alameda22: folds 
PokyDon: folds 
weepeel: folds 
SpielerABC: calls $0.25
Sheets7879: raises $0.50 to $0.75
stinky3: folds 
TheSeraph: folds 
JCONNOLLY09: calls $0.50
SpielerABC: calls $0.50
*** FLOP *** [Qc Ah 3c]
JCONNOLLY09: checks 
xzone has returned
SpielerABC: checks 
Sheets7879: bets $0.50
JCONNOLLY09: folds 
SpielerABC: calls $0.50
*** TURN *** [Qc Ah 3c] [5c]
SpielerABC: checks 
Sheets7879: bets $0.75
SpielerABC: calls $0.75
*** RIVER *** [Qc Ah 3c 5c] [Kc]
SpielerABC: bets $3
Sheets7879: calls $3
*** SHOW DOWN ***
SpielerABC: shows [9s 9h] (a pair of Nines)
Sheets7879: shows [8h 8c] (a flush, King high)
Sheets7879 collected $10.60 from pot
*** SUMMARY ***
Total pot $11.10 | Rake $0.50 
Board [Qc Ah 3c 5c Kc]
Seat 1: PokyDon folded before Flop (didn't bet)
Seat 2: weepeel folded before Flop (didn't bet)
Seat 3: SpielerABC showed [9s 9h] and lost with a pair of Nines
Seat 4: Sheets7879 (button) showed [8h 8c] and won ($10.60) with a flush, King high
Seat 5: stinky3 (small blind) folded before Flop
Seat 6: TheSeraph (big blind) folded before Flop
Seat 7: JCONNOLLY09 folded on the Flop
Seat 9: Alameda22 folded before Flop (didn't bet)



PokerStars Game #19903549738:  Hold'em No Limit ($0.10/$0.25) - 2008/08/25 - 23:46:58 (ET)
Table 'Miram II' 9-max Seat #5 is the button
Seat 1: PokyDon ($29.40 in chips) 
Seat 2: weepeel ($49.95 in chips) 
Seat 3: SpielerABC ($25 in chips) 
Seat 4: Sheets7879 ($21.05 in chips) 
Seat 5: stinky3 ($36.95 in chips) 
Seat 6: TheSeraph ($21.20 in chips) 
Seat 7: JCONNOLLY09 ($9.80 in chips) 
Seat 9: Alameda22 ($26.90 in chips) 
TheSeraph: posts small blind $0.10
JCONNOLLY09: posts big blind $0.25
xzone: sits out 
*** HOLE CARDS ***
Dealt to Alameda22 [7h 6h]
Alameda22: folds 
PokyDon: folds 
weepeel: folds 
SpielerABC: folds 
Sheets7879: folds 
stinky3: folds 
TheSeraph: folds 
Uncalled bet ($0.15) returned to JCONNOLLY09
JCONNOLLY09 collected $0.20 from pot
JCONNOLLY09: doesn't show hand 
*** SUMMARY ***
Total pot $0.20 | Rake $0 
Seat 1: PokyDon folded before Flop (didn't bet)
Seat 2: weepeel folded before Flop (didn't bet)
Seat 3: SpielerABC folded before Flop (didn't bet)
Seat 4: Sheets7879 folded before Flop (didn't bet)
Seat 5: stinky3 (button) folded before Flop (didn't bet)
Seat 6: TheSeraph (small blind) folded before Flop
Seat 7: JCONNOLLY09 (big blind) collected ($0.20)
Seat 9: Alameda22 folded before Flop (didn't bet)



PokerStars Game #19903564004:  Hold'em No Limit ($0.10/$0.25) - 2008/08/25 - 23:47:42 (ET)
Table 'Miram II' 9-max Seat #6 is the button
Seat 1: PokyDon ($29.40 in chips) 
Seat 2: weepeel ($49.95 in chips) 
Seat 3: SpielerABC ($25 in chips) 
Seat 4: Sheets7879 ($21.05 in chips) 
Seat 5: stinky3 ($36.95 in chips) 
Seat 6: TheSeraph ($21.10 in chips) 
Seat 7: JCONNOLLY09 ($9.90 in chips) 
Seat 8: xzone ($13.90 in chips) 
Seat 9: Alameda22 ($26.90 in chips) 
JCONNOLLY09: posts small blind $0.10
xzone: posts big blind $0.25
*** HOLE CARDS ***
Dealt to Alameda22 [3s Kd]
Alameda22: folds 
PokyDon: calls $0.25
weepeel: folds 
SpielerABC: folds 
Sheets7879: calls $0.25
stinky3: calls $0.25
TheSeraph: folds 
JCONNOLLY09: calls $0.15
xzone: checks 
*** FLOP *** [2c 7h 4c]
JCONNOLLY09: checks 
xzone: bets $0.75
PokyDon: calls $0.75
Sheets7879: folds 
stinky3: calls $0.75
JCONNOLLY09: folds 
*** TURN *** [2c 7h 4c] [8d]
xzone: bets $1
PokyDon: calls $1
stinky3: calls $1
*** RIVER *** [2c 7h 4c 8d] [6c]
xzone: bets $2
PokyDon: calls $2
stinky3: folds 
*** SHOW DOWN ***
xzone: shows [7c 5c] (a flush, Seven high)
PokyDon: mucks hand 
xzone collected $10 from pot
*** SUMMARY ***
Total pot $10.50 | Rake $0.50 
Board [2c 7h 4c 8d 6c]
Seat 1: PokyDon mucked [6h 5h]
Seat 2: weepeel folded before Flop (didn't bet)
Seat 3: SpielerABC folded before Flop (didn't bet)
Seat 4: Sheets7879 folded on the Flop
Seat 5: stinky3 folded on the River
Seat 6: TheSeraph (button) folded before Flop (didn't bet)
Seat 7: JCONNOLLY09 (small blind) folded on the Flop
Seat 8: xzone (big blind) showed [7c 5c] and won ($10) with a flush, Seven high
Seat 9: Alameda22 folded before Flop (didn't bet)



PokerStars Game #19903592541:  Hold'em No Limit ($0.10/$0.25) - 2008/08/25 - 23:49:11 (ET)
Table 'Miram II' 9-max Seat #7 is the button
Seat 1: PokyDon ($25.40 in chips) 
Seat 2: weepeel ($49.95 in chips) 
Seat 3: SpielerABC ($25 in chips) 
Seat 4: Sheets7879 ($20.80 in chips) 
Seat 5: stinky3 ($34.95 in chips) 
Seat 6: TheSeraph ($21.10 in chips) 
Seat 7: JCONNOLLY09 ($9.65 in chips) 
Seat 8: xzone ($19.90 in chips) 
Seat 9: Alameda22 ($26.90 in chips) 
xzone: posts small blind $0.10
Alameda22: posts big blind $0.25
*** HOLE CARDS ***
Dealt to Alameda22 [3d Ac]
PokyDon: folds 
weepeel: folds 
SpielerABC: folds 
Sheets7879: folds 
stinky3: calls $0.25
TheSeraph: folds 
JCONNOLLY09: folds 
xzone: folds 
Alameda22: checks 
*** FLOP *** [Qs 5s 4s]
Alameda22: checks 
stinky3: bets $1
Alameda22: folds 
Uncalled bet ($1) returned to stinky3
stinky3 collected $0.60 from pot
stinky3: doesn't show hand 
*** SUMMARY ***
Total pot $0.60 | Rake $0 
Board [Qs 5s 4s]
Seat 1: PokyDon folded before Flop (didn't bet)
Seat 2: weepeel folded before Flop (didn't bet)
Seat 3: SpielerABC folded before Flop (didn't bet)
Seat 4: Sheets7879 folded before Flop (didn't bet)
Seat 5: stinky3 collected ($0.60)
Seat 6: TheSeraph folded before Flop (didn't bet)
Seat 7: JCONNOLLY09 (button) folded before Flop (didn't bet)
Seat 8: xzone (small blind) folded before Flop
Seat 9: Alameda22 (big blind) folded on the Flop



PokerStars Game #19903613613:  Hold'em No Limit ($0.10/$0.25) - 2008/08/25 - 23:50:17 (ET)
Table 'Miram II' 9-max Seat #8 is the button
Seat 1: PokyDon ($25.40 in chips) 
Seat 2: weepeel ($49.95 in chips) 
Seat 3: SpielerABC ($25 in chips) 
Seat 4: Sheets7879 ($20.80 in chips) 
Seat 5: stinky3 ($35.30 in chips) 
Seat 6: TheSeraph ($21.10 in chips) 
Seat 7: JCONNOLLY09 ($9.65 in chips) 
Seat 8: xzone ($19.80 in chips) 
Seat 9: Alameda22 ($26.65 in chips) 
Alameda22: posts small blind $0.10
PokyDon: posts big blind $0.25
*** HOLE CARDS ***
Dealt to Alameda22 [4d 9s]
weepeel: folds 
SpielerABC: folds 
Sheets7879: calls $0.25
stinky3: calls $0.25
TheSeraph: folds 
JCONNOLLY09: folds 
xzone: folds 
Alameda22: folds 
PokyDon: raises $0.75 to $1
Sheets7879: folds 
stinky3: calls $0.75
*** FLOP *** [3d Qh 5c]
PokyDon: bets $1.25
stinky3: folds 
Uncalled bet ($1.25) returned to PokyDon
PokyDon collected $2.25 from pot
PokyDon: doesn't show hand 
*** SUMMARY ***
Total pot $2.35 | Rake $0.10 
Board [3d Qh 5c]
Seat 1: PokyDon (big blind) collected ($2.25)
Seat 2: weepeel folded before Flop (didn't bet)
Seat 3: SpielerABC folded before Flop (didn't bet)
Seat 4: Sheets7879 folded before Flop
Seat 5: stinky3 folded on the Flop
Seat 6: TheSeraph folded before Flop (didn't bet)
Seat 7: JCONNOLLY09 folded before Flop (didn't bet)
Seat 8: xzone (button) folded before Flop (didn't bet)
Seat 9: Alameda22 (small blind) folded before Flop



PokerStars Game #19903636201:  Hold'em No Limit ($0.10/$0.25) - 2008/08/25 - 23:51:28 (ET)
Table 'Miram II' 9-max Seat #9 is the button
Seat 1: PokyDon ($26.65 in chips) 
Seat 2: weepeel ($49.95 in chips) 
Seat 3: SpielerABC ($25 in chips) 
Seat 4: Sheets7879 ($20.55 in chips) 
Seat 5: stinky3 ($34.30 in chips) 
Seat 6: TheSeraph ($21.10 in chips) 
Seat 7: JCONNOLLY09 ($9.65 in chips) 
Seat 8: xzone ($19.80 in chips) 
Seat 9: Alameda22 ($26.55 in chips) 
PokyDon: posts small blind $0.10
weepeel: posts big blind $0.25
*** HOLE CARDS ***
Dealt to Alameda22 [Qd 4c]
SpielerABC: folds 
Sheets7879: folds 
stinky3: calls $0.25
TheSeraph: folds 
JCONNOLLY09: folds 
xzone: folds 
Alameda22: folds 
PokyDon: calls $0.15
weepeel: checks 
*** FLOP *** [Ah 9d 3d]
PokyDon: bets $0.25
weepeel: folds 
stinky3: raises $0.75 to $1
PokyDon: calls $0.75
*** TURN *** [Ah 9d 3d] [Ac]
PokyDon: bets $2
stinky3: calls $2
*** RIVER *** [Ah 9d 3d Ac] [Td]
PokyDon: bets $2
stinky3: folds 
Uncalled bet ($2) returned to PokyDon
PokyDon collected $6.45 from pot
PokyDon: doesn't show hand 
stinky3 leaves the table
*** SUMMARY ***
Total pot $6.75 | Rake $0.30 
Board [Ah 9d 3d Ac Td]
Seat 1: PokyDon (small blind) collected ($6.45)
Seat 2: weepeel (big blind) folded on the Flop
Seat 3: SpielerABC folded before Flop (didn't bet)
Seat 4: Sheets7879 folded before Flop (didn't bet)
Seat 5: stinky3 folded on the River
Seat 6: TheSeraph folded before Flop (didn't bet)
Seat 7: JCONNOLLY09 folded before Flop (didn't bet)
Seat 8: xzone folded before Flop (didn't bet)
Seat 9: Alameda22 (button) folded before Flop (didn't bet)



PokerStars Game #19903660690:  Hold'em No Limit ($0.10/$0.25) - 2008/08/25 - 23:52:46 (ET)
Table 'Miram II' 9-max Seat #1 is the button
Seat 1: PokyDon ($29.85 in chips) 
Seat 2: weepeel ($49.70 in chips) 
Seat 3: SpielerABC ($25 in chips) 
Seat 4: Sheets7879 ($20.55 in chips) 
Seat 6: TheSeraph ($21.10 in chips) 
Seat 7: JCONNOLLY09 ($9.65 in chips) 
Seat 8: xzone ($19.80 in chips) 
Seat 9: Alameda22 ($26.55 in chips) 
weepeel: posts small blind $0.10
porkygirl joins the table at seat #5 
SpielerABC: posts big blind $0.25
*** HOLE CARDS ***
Dealt to Alameda22 [9h Kh]
Sheets7879: folds 
TheSeraph: folds 
JCONNOLLY09: raises $0.50 to $0.75
xzone: folds 
Alameda22: folds 
PokyDon: folds 
weepeel: calls $0.65
SpielerABC: calls $0.50
*** FLOP *** [6c Jd 8d]
weepeel: checks 
SpielerABC: checks 
JCONNOLLY09: bets $1.25
weepeel: folds 
SpielerABC: folds 
Uncalled bet ($1.25) returned to JCONNOLLY09
JCONNOLLY09 collected $2.15 from pot
JCONNOLLY09: doesn't show hand 
*** SUMMARY ***
Total pot $2.25 | Rake $0.10 
Board [6c Jd 8d]
Seat 1: PokyDon (button) folded before Flop (didn't bet)
Seat 2: weepeel (small blind) folded on the Flop
Seat 3: SpielerABC (big blind) folded on the Flop
Seat 4: Sheets7879 folded before Flop (didn't bet)
Seat 6: TheSeraph folded before Flop (didn't bet)
Seat 7: JCONNOLLY09 collected ($2.15)
Seat 8: xzone folded before Flop (didn't bet)
Seat 9: Alameda22 folded before Flop (didn't bet)



PokerStars Game #19903692407:  Hold'em No Limit ($0.10/$0.25) - 2008/08/25 - 23:54:26 (ET)
Table 'Miram II' 9-max Seat #2 is the button
Seat 1: PokyDon ($29.85 in chips) 
Seat 2: weepeel ($48.95 in chips) 
Seat 3: SpielerABC ($24.25 in chips) 
Seat 4: Sheets7879 ($20.55 in chips) 
Seat 6: TheSeraph ($21.10 in chips) 
Seat 7: JCONNOLLY09 ($11.05 in chips) 
Seat 8: xzone ($19.80 in chips) 
Seat 9: Alameda22 ($26.55 in chips) 
SpielerABC: posts small blind $0.10
Sheets7879: posts big blind $0.25
porkygirl: sits out 
*** HOLE CARDS ***
Dealt to Alameda22 [5s Kd]
TheSeraph: folds 
JCONNOLLY09: folds 
xzone: folds 
Alameda22: folds 
PokyDon: folds 
weepeel: folds 
SpielerABC: raises $0.50 to $0.75
Sheets7879: folds 
Uncalled bet ($0.50) returned to SpielerABC
SpielerABC collected $0.50 from pot
SpielerABC: doesn't show hand 
*** SUMMARY ***
Total pot $0.50 | Rake $0 
Seat 1: PokyDon folded before Flop (didn't bet)
Seat 2: weepeel (button) folded before Flop (didn't bet)
Seat 3: SpielerABC (small blind) collected ($0.50)
Seat 4: Sheets7879 (big blind) folded before Flop
Seat 6: TheSeraph folded before Flop (didn't bet)
Seat 7: JCONNOLLY09 folded before Flop (didn't bet)
Seat 8: xzone folded before Flop (didn't bet)
Seat 9: Alameda22 folded before Flop (didn't bet)



PokerStars Game #19903715022:  Hold'em No Limit ($0.10/$0.25) - 2008/08/25 - 23:55:38 (ET)
Table 'Miram II' 9-max Seat #3 is the button
Seat 1: PokyDon ($29.85 in chips) 
Seat 2: weepeel ($48.95 in chips) 
Seat 3: SpielerABC ($24.50 in chips) 
Seat 4: Sheets7879 ($20.30 in chips) 
Seat 5: porkygirl ($15 in chips) 
Seat 6: TheSeraph ($21.10 in chips) 
Seat 7: JCONNOLLY09 ($11.05 in chips) 
Seat 8: xzone ($19.80 in chips) 
Seat 9: Alameda22 ($26.55 in chips) 
Sheets7879: posts small blind $0.10
porkygirl: posts big blind $0.25
*** HOLE CARDS ***
Dealt to Alameda22 [8c Jc]
TheSeraph: folds 
JCONNOLLY09: folds 
xzone: folds 
TheSeraph leaves the table
Alameda22: folds 
PokyDon: calls $0.25
weepeel: folds 
SpielerABC: calls $0.25
Sheets7879: calls $0.15
porkygirl: checks 
*** FLOP *** [8h 8d 2c]
Sheets7879: checks 
porkygirl: checks 
PokyDon: bets $0.50
JCONNOLLY09 leaves the table
KIGold joins the table at seat #6 
SpielerABC: folds 
SpielerABC leaves the table
Sheets7879: folds 
porkygirl: folds 
Uncalled bet ($0.50) returned to PokyDon
PokyDon collected $0.95 from pot
PokyDon: doesn't show hand 
*** SUMMARY ***
Total pot $1 | Rake $0.05 
Board [8h 8d 2c]
Seat 1: PokyDon collected ($0.95)
Seat 2: weepeel folded before Flop (didn't bet)
Seat 3: SpielerABC (button) folded on the Flop
Seat 4: Sheets7879 (small blind) folded on the Flop
Seat 5: porkygirl (big blind) folded on the Flop
Seat 6: TheSeraph folded before Flop (didn't bet)
Seat 7: JCONNOLLY09 folded before Flop (didn't bet)
Seat 8: xzone folded before Flop (didn't bet)
Seat 9: Alameda22 folded before Flop (didn't bet)



PokerStars Game #19903740816:  Hold'em No Limit ($0.10/$0.25) - 2008/08/25 - 23:57:01 (ET)
Table 'Miram II' 9-max Seat #4 is the button
Seat 1: PokyDon ($30.55 in chips) 
Seat 2: weepeel ($48.95 in chips) 
Seat 4: Sheets7879 ($20.05 in chips) 
Seat 5: porkygirl ($14.75 in chips) 
Seat 6: KIGold ($25 in chips) 
Seat 8: xzone ($19.80 in chips) 
Seat 9: Alameda22 ($26.55 in chips) 
porkygirl: posts small blind $0.10
KIGold: posts big blind $0.25
*** HOLE CARDS ***
Dealt to Alameda22 [3s 2s]
xzone: folds 
Alameda22: folds 
PokyDon: folds 
weepeel: folds 
Sheets7879: raises $0.50 to $0.75
porkygirl: calls $0.65
KIGold: folds 
*** FLOP *** [6d Th 4s]
porkygirl: checks 
Sheets7879: bets $0.75
porkygirl: calls $0.75
*** TURN *** [6d Th 4s] [2c]
porkygirl: checks 
Sheets7879: checks 
*** RIVER *** [6d Th 4s 2c] [Td]
porkygirl: bets $1.25
Sheets7879: folds 
Uncalled bet ($1.25) returned to porkygirl
porkygirl collected $3.10 from pot
porkygirl: doesn't show hand 
*** SUMMARY ***
Total pot $3.25 | Rake $0.15 
Board [6d Th 4s 2c Td]
Seat 1: PokyDon folded before Flop (didn't bet)
Seat 2: weepeel folded before Flop (didn't bet)
Seat 4: Sheets7879 (button) folded on the River
Seat 5: porkygirl (small blind) collected ($3.10)
Seat 6: KIGold (big blind) folded before Flop
Seat 8: xzone folded before Flop (didn't bet)
Seat 9: Alameda22 folded before Flop (didn't bet)



PokerStars Game #19903759676:  Hold'em No Limit ($0.10/$0.25) - 2008/08/25 - 23:58:01 (ET)
Table 'Miram II' 9-max Seat #5 is the button
Seat 1: PokyDon ($30.55 in chips) 
Seat 2: weepeel ($48.95 in chips) 
Seat 4: Sheets7879 ($18.55 in chips) 
Seat 5: porkygirl ($16.35 in chips) 
Seat 6: KIGold ($24.75 in chips) 
Seat 8: xzone ($19.80 in chips) 
Seat 9: Alameda22 ($26.55 in chips) 
KIGold: posts small blind $0.10
xzone: posts big blind $0.25
*** HOLE CARDS ***
Dealt to Alameda22 [Qc Kh]
Alameda22: folds 
PokyDon: calls $0.25
weepeel: folds 
Sheets7879: raises $0.50 to $0.75
porkygirl: folds 
KIGold: folds 
xzone: folds 
PokyDon: calls $0.50
*** FLOP *** [8s Qh 2c]
PokyDon: checks 
Sheets7879: checks 
*** TURN *** [8s Qh 2c] [5c]
PokyDon: checks 
Sheets7879: bets $0.75
PokyDon: folds 
Uncalled bet ($0.75) returned to Sheets7879
Sheets7879 collected $1.80 from pot
Sheets7879: doesn't show hand 
*** SUMMARY ***
Total pot $1.85 | Rake $0.05 
Board [8s Qh 2c 5c]
Seat 1: PokyDon folded on the Turn
Seat 2: weepeel folded before Flop (didn't bet)
Seat 4: Sheets7879 collected ($1.80)
Seat 5: porkygirl (button) folded before Flop (didn't bet)
Seat 6: KIGold (small blind) folded before Flop
Seat 8: xzone (big blind) folded before Flop
Seat 9: Alameda22 folded before Flop (didn't bet)



PokerStars Game #19903785116:  Hold'em No Limit ($0.10/$0.25) - 2008/08/25 - 23:59:24 (ET)
Table 'Miram II' 9-max Seat #6 is the button
Seat 1: PokyDon ($29.80 in chips) 
Seat 2: weepeel ($48.95 in chips) 
Seat 4: Sheets7879 ($19.60 in chips) 
Seat 5: porkygirl ($16.35 in chips) 
Seat 6: KIGold ($24.65 in chips) 
Seat 8: xzone ($19.55 in chips) 
Seat 9: Alameda22 ($26.55 in chips) 
xzone: posts small blind $0.10
Alameda22: posts big blind $0.25
*** HOLE CARDS ***
Dealt to Alameda22 [3s Ac]
PokyDon: folds 
weepeel: folds 
Sheets7879: raises $0.75 to $1
porkygirl: folds 
KIGold: folds 
FARPCOL joins the table at seat #7 
FARPCOL is sitting out
xzone: folds 
Alameda22: folds 
Uncalled bet ($0.75) returned to Sheets7879
Sheets7879 collected $0.60 from pot
Sheets7879: doesn't show hand 
*** SUMMARY ***
Total pot $0.60 | Rake $0 
Seat 1: PokyDon folded before Flop (didn't bet)
Seat 2: weepeel folded before Flop (didn't bet)
Seat 4: Sheets7879 collected ($0.60)
Seat 5: porkygirl folded before Flop (didn't bet)
Seat 6: KIGold (button) folded before Flop (didn't bet)
Seat 8: xzone (small blind) folded before Flop
Seat 9: Alameda22 (big blind) folded before Flop



