PokerStars Game #19575995377:  Hold'em No Limit ($0.10/$0.25) - 2008/08/12 - 22:54:06 (ET)
Table 'Oileus' 9-max Seat #5 is the button
Seat 1: @nnapurna ($25 in chips) 
Seat 2: heffs976 ($27.50 in chips) 
Seat 3: Alameda22 ($25 in chips) 
Seat 4: moodymatt6 ($23.05 in chips) 
Seat 5: Francesa ($19.65 in chips) 
Seat 6: bownarrow ($32.80 in chips) 
Seat 7: jimssss ($38.85 in chips) 
Seat 8: rhoad006 ($57.95 in chips) 
Seat 9: 5K-MAN ($21 in chips) 
bownarrow: posts small blind $0.10
jimssss: posts big blind $0.25
Alameda22: posts big blind $0.25
*** HOLE CARDS ***
Dealt to Alameda22 [8d 5h]
rhoad006: calls $0.25
5K-MAN: folds 
@nnapurna: folds 
heffs976: folds 
Alameda22: checks 
moodymatt6: folds 
Francesa: folds 
bownarrow: folds 
jimssss: checks 
*** FLOP *** [2d 6s 5c]
jimssss: bets $0.50
rhoad006: calls $0.50
Alameda22: folds 
*** TURN *** [2d 6s 5c] [Jd]
jimssss: checks 
rhoad006: checks 
*** RIVER *** [2d 6s 5c Jd] [5d]
jimssss: bets $0.75
rhoad006: raises $0.75 to $1.50
jimssss: folds 
Uncalled bet ($0.75) returned to rhoad006
rhoad006 collected $3.20 from pot
rhoad006: doesn't show hand 
*** SUMMARY ***
Total pot $3.35 | Rake $0.15 
Board [2d 6s 5c Jd 5d]
Seat 1: @nnapurna folded before Flop (didn't bet)
Seat 2: heffs976 folded before Flop (didn't bet)
Seat 3: Alameda22 folded on the Flop
Seat 4: moodymatt6 folded before Flop (didn't bet)
Seat 5: Francesa (button) folded before Flop (didn't bet)
Seat 6: bownarrow (small blind) folded before Flop
Seat 7: jimssss (big blind) folded on the River
Seat 8: rhoad006 collected ($3.20)
Seat 9: 5K-MAN folded before Flop (didn't bet)



PokerStars Game #19576019727:  Hold'em No Limit ($0.10/$0.25) - 2008/08/12 - 22:55:11 (ET)
Table 'Oileus' 9-max Seat #6 is the button
Seat 1: @nnapurna ($25 in chips) 
Seat 2: heffs976 ($27.50 in chips) 
Seat 3: Alameda22 ($24.75 in chips) 
Seat 4: moodymatt6 ($23.05 in chips) 
Seat 5: Francesa ($19.65 in chips) 
Seat 6: bownarrow ($32.70 in chips) 
Seat 7: jimssss ($37.35 in chips) 
Seat 8: rhoad006 ($59.65 in chips) 
Seat 9: 5K-MAN ($21 in chips) 
jimssss: posts small blind $0.10
rhoad006: posts big blind $0.25
*** HOLE CARDS ***
Dealt to Alameda22 [2c 7h]
5K-MAN: raises $1 to $1.25
@nnapurna: calls $1.25
heffs976: calls $1.25
Alameda22: folds 
moodymatt6: folds 
Francesa: folds 
bownarrow: calls $1.25
jimssss: folds 
rhoad006: folds 
*** FLOP *** [4h 9c 2d]
5K-MAN: checks 
@nnapurna: checks 
heffs976: checks 
bownarrow: checks 
*** TURN *** [4h 9c 2d] [3c]
5K-MAN: bets $1.25
@nnapurna: calls $1.25
heffs976: folds 
bownarrow: folds 
*** RIVER *** [4h 9c 2d 3c] [6d]
5K-MAN: bets $1.50
@nnapurna: raises $5.50 to $7
5K-MAN: folds 
Uncalled bet ($5.50) returned to @nnapurna
@nnapurna collected $10.35 from pot
@nnapurna: doesn't show hand 
*** SUMMARY ***
Total pot $10.85 | Rake $0.50 
Board [4h 9c 2d 3c 6d]
Seat 1: @nnapurna collected ($10.35)
Seat 2: heffs976 folded on the Turn
Seat 3: Alameda22 folded before Flop (didn't bet)
Seat 4: moodymatt6 folded before Flop (didn't bet)
Seat 5: Francesa folded before Flop (didn't bet)
Seat 6: bownarrow (button) folded on the Turn
Seat 7: jimssss (small blind) folded before Flop
Seat 8: rhoad006 (big blind) folded before Flop
Seat 9: 5K-MAN folded on the River



PokerStars Game #19576053507:  Hold'em No Limit ($0.10/$0.25) - 2008/08/12 - 22:56:42 (ET)
Table 'Oileus' 9-max Seat #7 is the button
Seat 1: @nnapurna ($31.35 in chips) 
Seat 2: heffs976 ($26.25 in chips) 
Seat 3: Alameda22 ($24.75 in chips) 
Seat 4: moodymatt6 ($23.05 in chips) 
Seat 5: Francesa ($19.65 in chips) 
Seat 6: bownarrow ($31.45 in chips) 
Seat 7: jimssss ($37.25 in chips) 
Seat 8: rhoad006 ($59.40 in chips) 
Seat 9: 5K-MAN ($17 in chips) 
rhoad006: posts small blind $0.10
5K-MAN: posts big blind $0.25
*** HOLE CARDS ***
Dealt to Alameda22 [4d 3d]
@nnapurna: folds 
heffs976: folds 
Alameda22: folds 
moodymatt6: folds 
Francesa: raises $1 to $1.25
bownarrow: calls $1.25
jimssss: folds 
rhoad006: folds 
5K-MAN: folds 
*** FLOP *** [Ah 6d 2c]
Francesa: checks 
bownarrow: bets $1.50
Francesa: folds 
Uncalled bet ($1.50) returned to bownarrow
bownarrow collected $2.75 from pot
*** SUMMARY ***
Total pot $2.85 | Rake $0.10 
Board [Ah 6d 2c]
Seat 1: @nnapurna folded before Flop (didn't bet)
Seat 2: heffs976 folded before Flop (didn't bet)
Seat 3: Alameda22 folded before Flop (didn't bet)
Seat 4: moodymatt6 folded before Flop (didn't bet)
Seat 5: Francesa folded on the Flop
Seat 6: bownarrow collected ($2.75)
Seat 7: jimssss (button) folded before Flop (didn't bet)
Seat 8: rhoad006 (small blind) folded before Flop
Seat 9: 5K-MAN (big blind) folded before Flop



PokerStars Game #19576072929:  Hold'em No Limit ($0.10/$0.25) - 2008/08/12 - 22:57:34 (ET)
Table 'Oileus' 9-max Seat #8 is the button
Seat 1: @nnapurna ($31.35 in chips) 
Seat 2: heffs976 ($26.25 in chips) 
Seat 3: Alameda22 ($24.75 in chips) 
Seat 4: moodymatt6 ($23.05 in chips) 
Seat 5: Francesa ($18.40 in chips) 
Seat 6: bownarrow ($32.95 in chips) 
Seat 7: jimssss ($37.25 in chips) 
Seat 8: rhoad006 ($59.30 in chips) 
Seat 9: 5K-MAN ($25 in chips) 
5K-MAN: posts small blind $0.10
@nnapurna: posts big blind $0.25
*** HOLE CARDS ***
Dealt to Alameda22 [9s Kh]
heffs976: folds 
Alameda22: folds 
moodymatt6: raises $0.75 to $1
Francesa: folds 
bownarrow: calls $1
jimssss: folds 
rhoad006: folds 
5K-MAN: calls $0.90
@nnapurna: calls $0.75
*** FLOP *** [9c Js 8s]
5K-MAN: bets $5
@nnapurna: folds 
moodymatt6: folds 
bownarrow: folds 
Uncalled bet ($5) returned to 5K-MAN
5K-MAN collected $3.80 from pot
5K-MAN: doesn't show hand 
*** SUMMARY ***
Total pot $4 | Rake $0.20 
Board [9c Js 8s]
Seat 1: @nnapurna (big blind) folded on the Flop
Seat 2: heffs976 folded before Flop (didn't bet)
Seat 3: Alameda22 folded before Flop (didn't bet)
Seat 4: moodymatt6 folded on the Flop
Seat 5: Francesa folded before Flop (didn't bet)
Seat 6: bownarrow folded on the Flop
Seat 7: jimssss folded before Flop (didn't bet)
Seat 8: rhoad006 (button) folded before Flop (didn't bet)
Seat 9: 5K-MAN (small blind) collected ($3.80)



PokerStars Game #19576095975:  Hold'em No Limit ($0.10/$0.25) - 2008/08/12 - 22:58:37 (ET)
Table 'Oileus' 9-max Seat #9 is the button
Seat 1: @nnapurna ($30.35 in chips) 
Seat 2: heffs976 ($26.25 in chips) 
Seat 3: Alameda22 ($24.75 in chips) 
Seat 4: moodymatt6 ($22.05 in chips) 
Seat 5: Francesa ($18.40 in chips) 
Seat 6: bownarrow ($31.95 in chips) 
Seat 7: jimssss ($37.25 in chips) 
Seat 8: rhoad006 ($59.30 in chips) 
Seat 9: 5K-MAN ($27.80 in chips) 
@nnapurna: posts small blind $0.10
heffs976: posts big blind $0.25
*** HOLE CARDS ***
Dealt to Alameda22 [Td 4h]
Alameda22: folds 
moodymatt6: folds 
Francesa: folds 
bownarrow: raises $0.50 to $0.75
jimssss: folds 
rhoad006: calls $0.75
5K-MAN: folds 
@nnapurna: folds 
heffs976: folds 
*** FLOP *** [Qc 2d 2c]
bownarrow: checks 
rhoad006: checks 
*** TURN *** [Qc 2d 2c] [7h]
bownarrow: bets $1
rhoad006: folds 
Uncalled bet ($1) returned to bownarrow
bownarrow collected $1.80 from pot
bownarrow: doesn't show hand 
*** SUMMARY ***
Total pot $1.85 | Rake $0.05 
Board [Qc 2d 2c 7h]
Seat 1: @nnapurna (small blind) folded before Flop
Seat 2: heffs976 (big blind) folded before Flop
Seat 3: Alameda22 folded before Flop (didn't bet)
Seat 4: moodymatt6 folded before Flop (didn't bet)
Seat 5: Francesa folded before Flop (didn't bet)
Seat 6: bownarrow collected ($1.80)
Seat 7: jimssss folded before Flop (didn't bet)
Seat 8: rhoad006 folded on the Turn
Seat 9: 5K-MAN (button) folded before Flop (didn't bet)



PokerStars Game #19576112471:  Hold'em No Limit ($0.10/$0.25) - 2008/08/12 - 22:59:22 (ET)
Table 'Oileus' 9-max Seat #1 is the button
Seat 1: @nnapurna ($30.25 in chips) 
Seat 2: heffs976 ($26 in chips) 
Seat 3: Alameda22 ($24.75 in chips) 
Seat 4: moodymatt6 ($22.05 in chips) 
Seat 5: Francesa ($18.40 in chips) 
Seat 6: bownarrow ($33 in chips) 
Seat 7: jimssss ($37.25 in chips) 
Seat 8: rhoad006 ($58.55 in chips) 
Seat 9: 5K-MAN ($27.80 in chips) 
heffs976: posts small blind $0.10
Alameda22: posts big blind $0.25
*** HOLE CARDS ***
Dealt to Alameda22 [Kc 7h]
moodymatt6: folds 
Francesa: calls $0.25
bownarrow: folds 
jimssss: folds 
rhoad006: calls $0.25
5K-MAN: folds 
@nnapurna: folds 
heffs976: calls $0.15
Alameda22: checks 
*** FLOP *** [Qs 2c 6h]
heffs976: checks 
Alameda22: checks 
Francesa: checks 
rhoad006: bets $0.75
heffs976: folds 
Alameda22: folds 
Francesa: folds 
Uncalled bet ($0.75) returned to rhoad006
rhoad006 collected $0.95 from pot
rhoad006: doesn't show hand 
*** SUMMARY ***
Total pot $1 | Rake $0.05 
Board [Qs 2c 6h]
Seat 1: @nnapurna (button) folded before Flop (didn't bet)
Seat 2: heffs976 (small blind) folded on the Flop
Seat 3: Alameda22 (big blind) folded on the Flop
Seat 4: moodymatt6 folded before Flop (didn't bet)
Seat 5: Francesa folded on the Flop
Seat 6: bownarrow folded before Flop (didn't bet)
Seat 7: jimssss folded before Flop (didn't bet)
Seat 8: rhoad006 collected ($0.95)
Seat 9: 5K-MAN folded before Flop (didn't bet)



PokerStars Game #19576137705:  Hold'em No Limit ($0.10/$0.25) - 2008/08/12 - 23:00:32 (ET)
Table 'Oileus' 9-max Seat #2 is the button
Seat 1: @nnapurna ($30.25 in chips) 
Seat 2: heffs976 ($25.75 in chips) 
Seat 3: Alameda22 ($24.50 in chips) 
Seat 4: moodymatt6 ($22.05 in chips) 
Seat 5: Francesa ($18.15 in chips) 
Seat 6: bownarrow ($33 in chips) 
Seat 7: jimssss ($37.25 in chips) 
Seat 8: rhoad006 ($59.25 in chips) 
Seat 9: 5K-MAN ($27.80 in chips) 
Alameda22: posts small blind $0.10
moodymatt6: posts big blind $0.25
*** HOLE CARDS ***
Dealt to Alameda22 [2h 2d]
Francesa: folds 
bownarrow: folds 
jimssss: folds 
rhoad006: calls $0.25
5K-MAN: calls $0.25
@nnapurna: raises $0.50 to $0.75
heffs976: raises $1.75 to $2.50
Alameda22: folds 
moodymatt6: folds 
rhoad006: folds 
5K-MAN: folds 
@nnapurna: calls $1.75
*** FLOP *** [9c 8h Tc]
@nnapurna: checks 
heffs976: bets $4
@nnapurna: folds 
Uncalled bet ($4) returned to heffs976
heffs976 collected $5.60 from pot
heffs976: doesn't show hand 
*** SUMMARY ***
Total pot $5.85 | Rake $0.25 
Board [9c 8h Tc]
Seat 1: @nnapurna folded on the Flop
Seat 2: heffs976 (button) collected ($5.60)
Seat 3: Alameda22 (small blind) folded before Flop
Seat 4: moodymatt6 (big blind) folded before Flop
Seat 5: Francesa folded before Flop (didn't bet)
Seat 6: bownarrow folded before Flop (didn't bet)
Seat 7: jimssss folded before Flop (didn't bet)
Seat 8: rhoad006 folded before Flop
Seat 9: 5K-MAN folded before Flop



PokerStars Game #19576162105:  Hold'em No Limit ($0.10/$0.25) - 2008/08/12 - 23:01:41 (ET)
Table 'Oileus' 9-max Seat #3 is the button
Seat 1: @nnapurna ($27.75 in chips) 
Seat 2: heffs976 ($28.85 in chips) 
Seat 3: Alameda22 ($24.40 in chips) 
Seat 4: moodymatt6 ($21.80 in chips) 
Seat 5: Francesa ($18.15 in chips) 
Seat 6: bownarrow ($33 in chips) 
Seat 7: jimssss ($37.25 in chips) 
Seat 8: rhoad006 ($59 in chips) 
Seat 9: 5K-MAN ($27.55 in chips) 
moodymatt6: posts small blind $0.10
Francesa: posts big blind $0.25
*** HOLE CARDS ***
Dealt to Alameda22 [9s Qd]
bownarrow: folds 
jimssss: folds 
rhoad006: calls $0.25
5K-MAN: folds 
@nnapurna: calls $0.25
heffs976: calls $0.25
Alameda22: folds 
moodymatt6: folds 
Francesa: checks 
*** FLOP *** [Ah Ks 3h]
Francesa: checks 
rhoad006: checks 
@nnapurna: bets $1
heffs976: calls $1
Francesa: folds 
rhoad006: folds 
*** TURN *** [Ah Ks 3h] [4s]
@nnapurna: bets $2
heffs976: folds 
Uncalled bet ($2) returned to @nnapurna
@nnapurna collected $2.95 from pot
@nnapurna: doesn't show hand 
*** SUMMARY ***
Total pot $3.10 | Rake $0.15 
Board [Ah Ks 3h 4s]
Seat 1: @nnapurna collected ($2.95)
Seat 2: heffs976 folded on the Turn
Seat 3: Alameda22 (button) folded before Flop (didn't bet)
Seat 4: moodymatt6 (small blind) folded before Flop
Seat 5: Francesa (big blind) folded on the Flop
Seat 6: bownarrow folded before Flop (didn't bet)
Seat 7: jimssss folded before Flop (didn't bet)
Seat 8: rhoad006 folded on the Flop
Seat 9: 5K-MAN folded before Flop (didn't bet)



PokerStars Game #19576191236:  Hold'em No Limit ($0.10/$0.25) - 2008/08/12 - 23:03:04 (ET)
Table 'Oileus' 9-max Seat #4 is the button
Seat 1: @nnapurna ($29.45 in chips) 
Seat 2: heffs976 ($27.60 in chips) 
Seat 3: Alameda22 ($24.40 in chips) 
Seat 4: moodymatt6 ($21.70 in chips) 
Seat 5: Francesa ($17.90 in chips) 
Seat 6: bownarrow ($33 in chips) 
Seat 7: jimssss ($37.25 in chips) 
Seat 8: rhoad006 ($58.75 in chips) 
Seat 9: 5K-MAN ($27.55 in chips) 
Francesa: posts small blind $0.10
bownarrow: posts big blind $0.25
*** HOLE CARDS ***
Dealt to Alameda22 [Kd 8h]
jimssss: folds 
rhoad006: calls $0.25
5K-MAN: folds 
@nnapurna: calls $0.25
heffs976: folds 
Alameda22: folds 
moodymatt6: folds 
Francesa: calls $0.15
bownarrow: checks 
*** FLOP *** [2d 9s 5c]
Francesa: checks 
bownarrow: checks 
rhoad006: checks 
@nnapurna: bets $1
Francesa: folds 
bownarrow: folds 
rhoad006: calls $1
*** TURN *** [2d 9s 5c] [Kc]
rhoad006: checks 
@nnapurna: checks 
*** RIVER *** [2d 9s 5c Kc] [8d]
rhoad006: checks 
@nnapurna: checks 
*** SHOW DOWN ***
rhoad006: shows [Ah Jc] (high card Ace)
@nnapurna: shows [Td 9h] (a pair of Nines)
@nnapurna collected $2.90 from pot
*** SUMMARY ***
Total pot $3 | Rake $0.10 
Board [2d 9s 5c Kc 8d]
Seat 1: @nnapurna showed [Td 9h] and won ($2.90) with a pair of Nines
Seat 2: heffs976 folded before Flop (didn't bet)
Seat 3: Alameda22 folded before Flop (didn't bet)
Seat 4: moodymatt6 (button) folded before Flop (didn't bet)
Seat 5: Francesa (small blind) folded on the Flop
Seat 6: bownarrow (big blind) folded on the Flop
Seat 7: jimssss folded before Flop (didn't bet)
Seat 8: rhoad006 showed [Ah Jc] and lost with high card Ace
Seat 9: 5K-MAN folded before Flop (didn't bet)



PokerStars Game #19576214706:  Hold'em No Limit ($0.10/$0.25) - 2008/08/12 - 23:04:10 (ET)
Table 'Oileus' 9-max Seat #5 is the button
Seat 1: @nnapurna ($31.10 in chips) 
Seat 2: heffs976 ($27.60 in chips) 
Seat 3: Alameda22 ($24.40 in chips) 
Seat 4: moodymatt6 ($21.70 in chips) 
Seat 5: Francesa ($17.65 in chips) 
Seat 6: bownarrow ($32.75 in chips) 
Seat 7: jimssss ($37.25 in chips) 
Seat 8: rhoad006 ($57.50 in chips) 
Seat 9: 5K-MAN ($27.55 in chips) 
bownarrow: posts small blind $0.10
jimssss: posts big blind $0.25
*** HOLE CARDS ***
Dealt to Alameda22 [Kh Tc]
rhoad006: calls $0.25
5K-MAN: raises $0.25 to $0.50
@nnapurna: folds 
heffs976: calls $0.50
Alameda22: folds 
moodymatt6: folds 
Francesa is disconnected 
Francesa has timed out while disconnected
Francesa: folds 
Francesa is sitting out
bownarrow: folds 
jimssss: calls $0.25
rhoad006: folds 
*** FLOP *** [Ah Kd Qc]
jimssss: checks 
5K-MAN: bets $0.75
heffs976: folds 
jimssss: folds 
Uncalled bet ($0.75) returned to 5K-MAN
5K-MAN collected $1.80 from pot
Francesa is connected 
5K-MAN: doesn't show hand 
*** SUMMARY ***
Total pot $1.85 | Rake $0.05 
Board [Ah Kd Qc]
Seat 1: @nnapurna folded before Flop (didn't bet)
Seat 2: heffs976 folded on the Flop
Seat 3: Alameda22 folded before Flop (didn't bet)
Seat 4: moodymatt6 folded before Flop (didn't bet)
Seat 5: Francesa (button) folded before Flop (didn't bet)
Seat 6: bownarrow (small blind) folded before Flop
Seat 7: jimssss (big blind) folded on the Flop
Seat 8: rhoad006 folded before Flop
Seat 9: 5K-MAN collected ($1.80)



PokerStars Game #19576250073:  Hold'em No Limit ($0.10/$0.25) - 2008/08/12 - 23:05:51 (ET)
Table 'Oileus' 9-max Seat #6 is the button
Seat 1: @nnapurna ($31.10 in chips) 
Seat 2: heffs976 ($27.10 in chips) 
Seat 3: Alameda22 ($24.40 in chips) 
Seat 4: moodymatt6 ($21.70 in chips) 
Seat 6: bownarrow ($32.65 in chips) 
Seat 7: jimssss ($36.75 in chips) 
Seat 8: rhoad006 ($57.25 in chips) 
Seat 9: 5K-MAN ($28.85 in chips) 
jimssss: posts small blind $0.10
rhoad006: posts big blind $0.25
*** HOLE CARDS ***
Dealt to Alameda22 [8d 8s]
5K-MAN: calls $0.25
@nnapurna: folds 
heffs976: calls $0.25
Francesa has returned
Alameda22: calls $0.25
moodymatt6: folds 
bownarrow: raises $1 to $1.25
jimssss: folds 
rhoad006: folds 
5K-MAN: calls $1
heffs976: calls $1
Alameda22: calls $1
*** FLOP *** [As 9s 4c]
5K-MAN: checks 
heffs976: checks 
Alameda22: checks 
bownarrow: checks 
*** TURN *** [As 9s 4c] [Qc]
5K-MAN: checks 
heffs976: checks 
Alameda22: checks 
bownarrow: checks 
*** RIVER *** [As 9s 4c Qc] [5d]
5K-MAN: checks 
heffs976: checks 
Alameda22: checks 
bownarrow: checks 
*** SHOW DOWN ***
5K-MAN: shows [Kc 5h] (a pair of Fives)
heffs976: shows [9h Tc] (a pair of Nines)
Alameda22: mucks hand 
bownarrow: mucks hand 
heffs976 collected $5.10 from pot
*** SUMMARY ***
Total pot $5.35 | Rake $0.25 
Board [As 9s 4c Qc 5d]
Seat 1: @nnapurna folded before Flop (didn't bet)
Seat 2: heffs976 showed [9h Tc] and won ($5.10) with a pair of Nines
Seat 3: Alameda22 mucked [8d 8s]
Seat 4: moodymatt6 folded before Flop (didn't bet)
Seat 6: bownarrow (button) mucked [3h 3d]
Seat 7: jimssss (small blind) folded before Flop
Seat 8: rhoad006 (big blind) folded before Flop
Seat 9: 5K-MAN showed [Kc 5h] and lost with a pair of Fives



PokerStars Game #19576286368:  Hold'em No Limit ($0.10/$0.25) - 2008/08/12 - 23:07:34 (ET)
Table 'Oileus' 9-max Seat #7 is the button
Seat 1: @nnapurna ($31.10 in chips) 
Seat 2: heffs976 ($30.95 in chips) 
Seat 3: Alameda22 ($23.15 in chips) 
Seat 4: moodymatt6 ($21.70 in chips) 
Seat 5: Francesa ($17.65 in chips) 
Seat 6: bownarrow ($31.40 in chips) 
Seat 7: jimssss ($36.65 in chips) 
Seat 8: rhoad006 ($57 in chips) 
Seat 9: 5K-MAN ($27.60 in chips) 
rhoad006: posts small blind $0.10
5K-MAN: posts big blind $0.25
*** HOLE CARDS ***
Dealt to Alameda22 [5h Kd]
@nnapurna: folds 
heffs976: folds 
Alameda22: folds 
moodymatt6: raises $0.75 to $1
Francesa: folds 
bownarrow: folds 
jimssss: folds 
rhoad006: folds 
5K-MAN: calls $0.75
*** FLOP *** [2d 6d As]
5K-MAN: checks 
moodymatt6: bets $1.50
5K-MAN: calls $1.50
*** TURN *** [2d 6d As] [Qs]
5K-MAN: checks 
moodymatt6: checks 
*** RIVER *** [2d 6d As Qs] [6c]
5K-MAN: checks 
moodymatt6: checks 
*** SHOW DOWN ***
5K-MAN: shows [6h 3h] (three of a kind, Sixes)
moodymatt6: mucks hand 
5K-MAN collected $4.85 from pot
*** SUMMARY ***
Total pot $5.10 | Rake $0.25 
Board [2d 6d As Qs 6c]
Seat 1: @nnapurna folded before Flop (didn't bet)
Seat 2: heffs976 folded before Flop (didn't bet)
Seat 3: Alameda22 folded before Flop (didn't bet)
Seat 4: moodymatt6 mucked [9h 9c]
Seat 5: Francesa folded before Flop (didn't bet)
Seat 6: bownarrow folded before Flop (didn't bet)
Seat 7: jimssss (button) folded before Flop (didn't bet)
Seat 8: rhoad006 (small blind) folded before Flop
Seat 9: 5K-MAN (big blind) showed [6h 3h] and won ($4.85) with three of a kind, Sixes



PokerStars Game #19576314741:  Hold'em No Limit ($0.10/$0.25) - 2008/08/12 - 23:08:55 (ET)
Table 'Oileus' 9-max Seat #8 is the button
Seat 1: @nnapurna ($31.10 in chips) 
Seat 2: heffs976 ($30.95 in chips) 
Seat 3: Alameda22 ($23.15 in chips) 
Seat 4: moodymatt6 ($19.20 in chips) 
Seat 5: Francesa ($17.65 in chips) 
Seat 6: bownarrow ($31.40 in chips) 
Seat 7: jimssss ($36.65 in chips) 
Seat 8: rhoad006 ($56.90 in chips) 
Seat 9: 5K-MAN ($29.95 in chips) 
5K-MAN: posts small blind $0.10
@nnapurna: posts big blind $0.25
*** HOLE CARDS ***
Dealt to Alameda22 [Jh Js]
heffs976: folds 
Alameda22: raises $0.50 to $0.75
moodymatt6: folds 
Francesa: folds 
bownarrow: folds 
jimssss: folds 
rhoad006: folds 
5K-MAN: calls $0.65
@nnapurna: folds 
*** FLOP *** [8h 8c Kh]
5K-MAN: bets $1.50
Alameda22: calls $1.50
*** TURN *** [8h 8c Kh] [7h]
5K-MAN: bets $1.50
Alameda22: calls $1.50
*** RIVER *** [8h 8c Kh 7h] [2s]
5K-MAN: checks 
Alameda22: checks 
*** SHOW DOWN ***
5K-MAN: shows [Qs 7s] (two pair, Eights and Sevens)
Alameda22: shows [Jh Js] (two pair, Jacks and Eights)
Alameda22 collected $7.40 from pot
*** SUMMARY ***
Total pot $7.75 | Rake $0.35 
Board [8h 8c Kh 7h 2s]
Seat 1: @nnapurna (big blind) folded before Flop
Seat 2: heffs976 folded before Flop (didn't bet)
Seat 3: Alameda22 showed [Jh Js] and won ($7.40) with two pair, Jacks and Eights
Seat 4: moodymatt6 folded before Flop (didn't bet)
Seat 5: Francesa folded before Flop (didn't bet)
Seat 6: bownarrow folded before Flop (didn't bet)
Seat 7: jimssss folded before Flop (didn't bet)
Seat 8: rhoad006 (button) folded before Flop (didn't bet)
Seat 9: 5K-MAN (small blind) showed [Qs 7s] and lost with two pair, Eights and Sevens



PokerStars Game #19576342053:  Hold'em No Limit ($0.10/$0.25) - 2008/08/12 - 23:10:14 (ET)
Table 'Oileus' 9-max Seat #9 is the button
Seat 1: @nnapurna ($30.85 in chips) 
Seat 2: heffs976 ($30.95 in chips) 
Seat 3: Alameda22 ($26.80 in chips) 
Seat 4: moodymatt6 ($19.20 in chips) 
Seat 5: Francesa ($17.65 in chips) 
Seat 6: bownarrow ($31.40 in chips) 
Seat 7: jimssss ($36.65 in chips) 
Seat 8: rhoad006 ($56.90 in chips) 
Seat 9: 5K-MAN ($26.20 in chips) 
@nnapurna: posts small blind $0.10
heffs976: posts big blind $0.25
*** HOLE CARDS ***
Dealt to Alameda22 [5c 3h]
Alameda22: folds 
moodymatt6: folds 
Francesa: folds 
bownarrow: folds 
jimssss: raises $0.50 to $0.75
rhoad006: folds 
5K-MAN: calls $0.75
@nnapurna: folds 
heffs976: calls $0.50
*** FLOP *** [4c Kd 8c]
heffs976: checks 
jimssss: checks 
5K-MAN: checks 
*** TURN *** [4c Kd 8c] [Ks]
heffs976: checks 
jimssss: checks 
5K-MAN: bets $0.50
heffs976: folds 
jimssss: calls $0.50
*** RIVER *** [4c Kd 8c Ks] [3c]
jimssss: checks 
5K-MAN: bets $1.50
jimssss: folds 
Uncalled bet ($1.50) returned to 5K-MAN
5K-MAN collected $3.20 from pot
5K-MAN: doesn't show hand 
*** SUMMARY ***
Total pot $3.35 | Rake $0.15 
Board [4c Kd 8c Ks 3c]
Seat 1: @nnapurna (small blind) folded before Flop
Seat 2: heffs976 (big blind) folded on the Turn
Seat 3: Alameda22 folded before Flop (didn't bet)
Seat 4: moodymatt6 folded before Flop (didn't bet)
Seat 5: Francesa folded before Flop (didn't bet)
Seat 6: bownarrow folded before Flop (didn't bet)
Seat 7: jimssss folded on the River
Seat 8: rhoad006 folded before Flop (didn't bet)
Seat 9: 5K-MAN (button) collected ($3.20)



PokerStars Game #19576369721:  Hold'em No Limit ($0.10/$0.25) - 2008/08/12 - 23:11:35 (ET)
Table 'Oileus' 9-max Seat #1 is the button
Seat 1: @nnapurna ($30.75 in chips) 
Seat 2: heffs976 ($30.20 in chips) 
Seat 3: Alameda22 ($26.80 in chips) 
Seat 4: moodymatt6 ($19.20 in chips) 
Seat 5: Francesa ($17.65 in chips) 
Seat 6: bownarrow ($31.40 in chips) 
Seat 7: jimssss ($35.40 in chips) 
Seat 8: rhoad006 ($56.90 in chips) 
Seat 9: 5K-MAN ($28.15 in chips) 
heffs976: posts small blind $0.10
Alameda22: posts big blind $0.25
*** HOLE CARDS ***
Dealt to Alameda22 [As 9s]
moodymatt6: folds 
Francesa: folds 
bownarrow: folds 
jimssss: folds 
rhoad006: folds 
5K-MAN: folds 
@nnapurna: folds 
heffs976: calls $0.15
Alameda22: checks 
*** FLOP *** [Ts 4h Ah]
heffs976: checks 
Alameda22: bets $0.25
heffs976: folds 
Uncalled bet ($0.25) returned to Alameda22
Alameda22 collected $0.50 from pot
Alameda22: doesn't show hand 
*** SUMMARY ***
Total pot $0.50 | Rake $0 
Board [Ts 4h Ah]
Seat 1: @nnapurna (button) folded before Flop (didn't bet)
Seat 2: heffs976 (small blind) folded on the Flop
Seat 3: Alameda22 (big blind) collected ($0.50)
Seat 4: moodymatt6 folded before Flop (didn't bet)
Seat 5: Francesa folded before Flop (didn't bet)
Seat 6: bownarrow folded before Flop (didn't bet)
Seat 7: jimssss folded before Flop (didn't bet)
Seat 8: rhoad006 folded before Flop (didn't bet)
Seat 9: 5K-MAN folded before Flop (didn't bet)



PokerStars Game #19576384711:  Hold'em No Limit ($0.10/$0.25) - 2008/08/12 - 23:12:18 (ET)
Table 'Oileus' 9-max Seat #2 is the button
Seat 1: @nnapurna ($30.75 in chips) 
Seat 2: heffs976 ($29.95 in chips) 
Seat 3: Alameda22 ($27.05 in chips) 
Seat 4: moodymatt6 ($19.20 in chips) 
Seat 5: Francesa ($17.65 in chips) 
Seat 6: bownarrow ($31.40 in chips) 
Seat 7: jimssss ($35.40 in chips) 
Seat 8: rhoad006 ($56.90 in chips) 
Seat 9: 5K-MAN ($28.15 in chips) 
Alameda22: posts small blind $0.10
moodymatt6: posts big blind $0.25
*** HOLE CARDS ***
Dealt to Alameda22 [5c Ad]
Francesa: folds 
bownarrow: folds 
jimssss: raises $0.50 to $0.75
rhoad006: folds 
5K-MAN: folds 
@nnapurna: folds 
heffs976: folds 
Alameda22: folds 
moodymatt6: folds 
Uncalled bet ($0.50) returned to jimssss
jimssss collected $0.60 from pot
jimssss: doesn't show hand 
*** SUMMARY ***
Total pot $0.60 | Rake $0 
Seat 1: @nnapurna folded before Flop (didn't bet)
Seat 2: heffs976 (button) folded before Flop (didn't bet)
Seat 3: Alameda22 (small blind) folded before Flop
Seat 4: moodymatt6 (big blind) folded before Flop
Seat 5: Francesa folded before Flop (didn't bet)
Seat 6: bownarrow folded before Flop (didn't bet)
Seat 7: jimssss collected ($0.60)
Seat 8: rhoad006 folded before Flop (didn't bet)
Seat 9: 5K-MAN folded before Flop (didn't bet)



PokerStars Game #19576397835:  Hold'em No Limit ($0.10/$0.25) - 2008/08/12 - 23:12:57 (ET)
Table 'Oileus' 9-max Seat #3 is the button
Seat 1: @nnapurna ($30.75 in chips) 
Seat 2: heffs976 ($29.95 in chips) 
Seat 3: Alameda22 ($26.95 in chips) 
Seat 4: moodymatt6 ($18.95 in chips) 
Seat 5: Francesa ($17.65 in chips) 
Seat 6: bownarrow ($31.40 in chips) 
Seat 7: jimssss ($35.75 in chips) 
Seat 8: rhoad006 ($56.90 in chips) 
Seat 9: 5K-MAN ($28.15 in chips) 
moodymatt6: posts small blind $0.10
Francesa: posts big blind $0.25
*** HOLE CARDS ***
Dealt to Alameda22 [Qh 9d]
bownarrow: folds 
jimssss: folds 
rhoad006: calls $0.25
5K-MAN: folds 
@nnapurna: folds 
heffs976: raises $1 to $1.25
Alameda22: folds 
moodymatt6: folds 
Francesa: folds 
rhoad006: folds 
Uncalled bet ($1) returned to heffs976
heffs976 collected $0.85 from pot
heffs976: doesn't show hand 
*** SUMMARY ***
Total pot $0.85 | Rake $0 
Seat 1: @nnapurna folded before Flop (didn't bet)
Seat 2: heffs976 collected ($0.85)
Seat 3: Alameda22 (button) folded before Flop (didn't bet)
Seat 4: moodymatt6 (small blind) folded before Flop
Seat 5: Francesa (big blind) folded before Flop
Seat 6: bownarrow folded before Flop (didn't bet)
Seat 7: jimssss folded before Flop (didn't bet)
Seat 8: rhoad006 folded before Flop
Seat 9: 5K-MAN folded before Flop (didn't bet)



PokerStars Game #19576414005:  Hold'em No Limit ($0.10/$0.25) - 2008/08/12 - 23:13:45 (ET)
Table 'Oileus' 9-max Seat #4 is the button
Seat 1: @nnapurna ($30.75 in chips) 
Seat 2: heffs976 ($30.55 in chips) 
Seat 3: Alameda22 ($26.95 in chips) 
Seat 4: moodymatt6 ($18.85 in chips) 
Seat 5: Francesa ($17.40 in chips) 
Seat 6: bownarrow ($31.40 in chips) 
Seat 7: jimssss ($35.75 in chips) 
Seat 8: rhoad006 ($56.65 in chips) 
Seat 9: 5K-MAN ($28.15 in chips) 
Francesa: posts small blind $0.10
bownarrow: posts big blind $0.25
*** HOLE CARDS ***
Dealt to Alameda22 [Qd 4d]
jimssss: folds 
rhoad006: calls $0.25
5K-MAN: calls $0.25
@nnapurna: folds 
heffs976: folds 
Alameda22: folds 
moodymatt6: folds 
Francesa: calls $0.15
bownarrow: checks 
*** FLOP *** [Jc Ts 9c]
Francesa: checks 
bownarrow: bets $0.75
rhoad006: calls $0.75
5K-MAN: calls $0.75
Francesa: folds 
*** TURN *** [Jc Ts 9c] [3c]
bownarrow: checks 
rhoad006: checks 
5K-MAN: bets $5
bownarrow: folds 
rhoad006: folds 
Uncalled bet ($5) returned to 5K-MAN
5K-MAN collected $3.10 from pot
*** SUMMARY ***
Total pot $3.25 | Rake $0.15 
Board [Jc Ts 9c 3c]
Seat 1: @nnapurna folded before Flop (didn't bet)
Seat 2: heffs976 folded before Flop (didn't bet)
Seat 3: Alameda22 folded before Flop (didn't bet)
Seat 4: moodymatt6 (button) folded before Flop (didn't bet)
Seat 5: Francesa (small blind) folded on the Flop
Seat 6: bownarrow (big blind) folded on the Turn
Seat 7: jimssss folded before Flop (didn't bet)
Seat 8: rhoad006 folded on the Turn
Seat 9: 5K-MAN collected ($3.10)



PokerStars Game #19576445716:  Hold'em No Limit ($0.10/$0.25) - 2008/08/12 - 23:15:18 (ET)
Table 'Oileus' 9-max Seat #5 is the button
Seat 1: @nnapurna ($30.75 in chips) 
Seat 2: heffs976 ($30.55 in chips) 
Seat 3: Alameda22 ($26.95 in chips) 
Seat 4: moodymatt6 ($18.85 in chips) 
Seat 5: Francesa ($17.15 in chips) 
Seat 6: bownarrow ($30.40 in chips) 
Seat 7: jimssss ($35.75 in chips) 
Seat 8: rhoad006 ($55.65 in chips) 
Seat 9: 5K-MAN ($30.25 in chips) 
bownarrow: posts small blind $0.10
jimssss: posts big blind $0.25
*** HOLE CARDS ***
Dealt to Alameda22 [5h 6d]
rhoad006: calls $0.25
5K-MAN: folds 
@nnapurna: folds 
heffs976: folds 
Alameda22: folds 
moodymatt6: folds 
Francesa: folds 
bownarrow: folds 
jimssss: checks 
*** FLOP *** [2c 7s 8h]
jimssss: checks 
rhoad006: bets $0.75
jimssss: folds 
Uncalled bet ($0.75) returned to rhoad006
rhoad006 collected $0.60 from pot
rhoad006: doesn't show hand 
*** SUMMARY ***
Total pot $0.60 | Rake $0 
Board [2c 7s 8h]
Seat 1: @nnapurna folded before Flop (didn't bet)
Seat 2: heffs976 folded before Flop (didn't bet)
Seat 3: Alameda22 folded before Flop (didn't bet)
Seat 4: moodymatt6 folded before Flop (didn't bet)
Seat 5: Francesa (button) folded before Flop (didn't bet)
Seat 6: bownarrow (small blind) folded before Flop
Seat 7: jimssss (big blind) folded on the Flop
Seat 8: rhoad006 collected ($0.60)
Seat 9: 5K-MAN folded before Flop (didn't bet)



PokerStars Game #19576461798:  Hold'em No Limit ($0.10/$0.25) - 2008/08/12 - 23:16:06 (ET)
Table 'Oileus' 9-max Seat #6 is the button
Seat 1: @nnapurna ($30.75 in chips) 
Seat 2: heffs976 ($30.55 in chips) 
Seat 3: Alameda22 ($26.95 in chips) 
Seat 4: moodymatt6 ($18.85 in chips) 
Seat 5: Francesa ($17.15 in chips) 
Seat 6: bownarrow ($30.30 in chips) 
Seat 7: jimssss ($35.50 in chips) 
Seat 8: rhoad006 ($56 in chips) 
Seat 9: 5K-MAN ($30.25 in chips) 
jimssss: posts small blind $0.10
rhoad006: posts big blind $0.25
*** HOLE CARDS ***
Dealt to Alameda22 [Kd Td]
5K-MAN: folds 
@nnapurna: folds 
heffs976: folds 
Alameda22: folds 
moodymatt6: folds 
Francesa: calls $0.25
bownarrow: folds 
jimssss: folds 
rhoad006: checks 
*** FLOP *** [Kh Qs Qh]
rhoad006: checks 
Francesa: checks 
*** TURN *** [Kh Qs Qh] [4h]
rhoad006: checks 
Francesa: checks 
*** RIVER *** [Kh Qs Qh 4h] [9c]
rhoad006: checks 
Francesa: checks 
*** SHOW DOWN ***
rhoad006: shows [7d 9d] (two pair, Queens and Nines)
Francesa: mucks hand 
rhoad006 collected $0.60 from pot
*** SUMMARY ***
Total pot $0.60 | Rake $0 
Board [Kh Qs Qh 4h 9c]
Seat 1: @nnapurna folded before Flop (didn't bet)
Seat 2: heffs976 folded before Flop (didn't bet)
Seat 3: Alameda22 folded before Flop (didn't bet)
Seat 4: moodymatt6 folded before Flop (didn't bet)
Seat 5: Francesa mucked [Ac 5c]
Seat 6: bownarrow (button) folded before Flop (didn't bet)
Seat 7: jimssss (small blind) folded before Flop
Seat 8: rhoad006 (big blind) showed [7d 9d] and won ($0.60) with two pair, Queens and Nines
Seat 9: 5K-MAN folded before Flop (didn't bet)



PokerStars Game #19576489602:  Hold'em No Limit ($0.10/$0.25) - 2008/08/12 - 23:17:30 (ET)
Table 'Oileus' 9-max Seat #7 is the button
Seat 1: @nnapurna ($30.75 in chips) 
Seat 2: heffs976 ($30.55 in chips) 
Seat 3: Alameda22 ($26.95 in chips) 
Seat 4: moodymatt6 ($18.85 in chips) 
Seat 5: Francesa ($16.90 in chips) 
Seat 6: bownarrow ($30.30 in chips) 
Seat 7: jimssss ($35.40 in chips) 
Seat 8: rhoad006 ($56.35 in chips) 
Seat 9: 5K-MAN ($30.25 in chips) 
rhoad006: posts small blind $0.10
5K-MAN: posts big blind $0.25
*** HOLE CARDS ***
Dealt to Alameda22 [3d 7c]
@nnapurna: folds 
heffs976: folds 
Alameda22: folds 
moodymatt6: folds 
Francesa: folds 
bownarrow: raises $0.50 to $0.75
jimssss: folds 
rhoad006: calls $0.65
5K-MAN: calls $0.50
*** FLOP *** [Qs 9s Jd]
rhoad006: checks 
5K-MAN: checks 
bownarrow: bets $1.50
rhoad006: calls $1.50
5K-MAN: calls $1.50
*** TURN *** [Qs 9s Jd] [7h]
rhoad006: checks 
5K-MAN: checks 
bownarrow: checks 
*** RIVER *** [Qs 9s Jd 7h] [8c]
rhoad006: checks 
5K-MAN: bets $4.50
bownarrow: folds 
rhoad006: folds 
Uncalled bet ($4.50) returned to 5K-MAN
5K-MAN collected $6.45 from pot
5K-MAN: doesn't show hand 
*** SUMMARY ***
Total pot $6.75 | Rake $0.30 
Board [Qs 9s Jd 7h 8c]
Seat 1: @nnapurna folded before Flop (didn't bet)
Seat 2: heffs976 folded before Flop (didn't bet)
Seat 3: Alameda22 folded before Flop (didn't bet)
Seat 4: moodymatt6 folded before Flop (didn't bet)
Seat 5: Francesa folded before Flop (didn't bet)
Seat 6: bownarrow folded on the River
Seat 7: jimssss (button) folded before Flop (didn't bet)
Seat 8: rhoad006 (small blind) folded on the River
Seat 9: 5K-MAN (big blind) collected ($6.45)



PokerStars Game #19576519929:  Hold'em No Limit ($0.10/$0.25) - 2008/08/12 - 23:19:00 (ET)
Table 'Oileus' 9-max Seat #8 is the button
Seat 1: @nnapurna ($30.75 in chips) 
Seat 2: heffs976 ($30.55 in chips) 
Seat 3: Alameda22 ($26.95 in chips) 
Seat 4: moodymatt6 ($18.85 in chips) 
Seat 5: Francesa ($16.90 in chips) 
Seat 6: bownarrow ($28.05 in chips) 
Seat 7: jimssss ($35.40 in chips) 
Seat 8: rhoad006 ($54.10 in chips) 
Seat 9: 5K-MAN ($34.45 in chips) 
5K-MAN: posts small blind $0.10
@nnapurna: posts big blind $0.25
*** HOLE CARDS ***
Dealt to Alameda22 [Ah Qd]
heffs976: folds 
Alameda22: raises $0.50 to $0.75
moodymatt6: calls $0.75
Francesa: folds 
bownarrow: folds 
jimssss: calls $0.75
rhoad006: folds 
5K-MAN: raises $0.50 to $1.25
@nnapurna: folds 
Alameda22: calls $0.50
moodymatt6: calls $0.50
jimssss: calls $0.50
*** FLOP *** [Qc 3h 2s]
5K-MAN: checks 
Alameda22: bets $3.25
moodymatt6: folds 
jimssss: folds 
5K-MAN: calls $3.25
*** TURN *** [Qc 3h 2s] [6c]
5K-MAN: bets $5.50
Alameda22: raises $10 to $15.50
5K-MAN: calls $10
*** RIVER *** [Qc 3h 2s 6c] [As]
5K-MAN: bets $14.45 and is all-in
Alameda22: calls $6.95 and is all-in
Uncalled bet ($7.50) returned to 5K-MAN
*** SHOW DOWN ***
5K-MAN: shows [Kc Jc] (high card Ace)
Alameda22: shows [Ah Qd] (two pair, Aces and Queens)
Alameda22 collected $53.95 from pot
*** SUMMARY ***
Total pot $56.65 | Rake $2.70 
Board [Qc 3h 2s 6c As]
Seat 1: @nnapurna (big blind) folded before Flop
Seat 2: heffs976 folded before Flop (didn't bet)
Seat 3: Alameda22 showed [Ah Qd] and won ($53.95) with two pair, Aces and Queens
Seat 4: moodymatt6 folded on the Flop
Seat 5: Francesa folded before Flop (didn't bet)
Seat 6: bownarrow folded before Flop (didn't bet)
Seat 7: jimssss folded on the Flop
Seat 8: rhoad006 (button) folded before Flop (didn't bet)
Seat 9: 5K-MAN (small blind) showed [Kc Jc] and lost with high card Ace



PokerStars Game #19576571709:  Hold'em No Limit ($0.10/$0.25) - 2008/08/12 - 23:21:37 (ET)
Table 'Oileus' 9-max Seat #9 is the button
Seat 1: @nnapurna ($30.50 in chips) 
Seat 2: heffs976 ($30.55 in chips) 
Seat 3: Alameda22 ($53.95 in chips) 
Seat 4: moodymatt6 ($17.60 in chips) 
Seat 5: Francesa ($16.90 in chips) 
Seat 6: bownarrow ($28.05 in chips) 
Seat 7: jimssss ($34.15 in chips) 
Seat 8: rhoad006 ($54.10 in chips) 
Seat 9: 5K-MAN ($7.50 in chips) 
@nnapurna: posts small blind $0.10
heffs976: posts big blind $0.25
*** HOLE CARDS ***
Dealt to Alameda22 [3d Js]
Alameda22: folds 
moodymatt6: folds 
Francesa: folds 
bownarrow: raises $0.50 to $0.75
jimssss: raises $1.75 to $2.50
rhoad006: calls $2.50
5K-MAN: calls $2.50
@nnapurna: folds 
heffs976: calls $2.25
bownarrow: calls $1.75
*** FLOP *** [2c 8h 4d]
heffs976: checks 
bownarrow: bets $5.50
jimssss: folds 
rhoad006: folds 
5K-MAN: calls $5 and is all-in
heffs976: folds 
Uncalled bet ($0.50) returned to bownarrow
*** TURN *** [2c 8h 4d] [Ts]
*** RIVER *** [2c 8h 4d Ts] [9h]
*** SHOW DOWN ***
bownarrow: shows [4s 4h] (three of a kind, Fours)
5K-MAN: shows [Ah Ac] (a pair of Aces)
bownarrow collected $21.50 from pot
*** SUMMARY ***
Total pot $22.60 | Rake $1.10 
Board [2c 8h 4d Ts 9h]
Seat 1: @nnapurna (small blind) folded before Flop
Seat 2: heffs976 (big blind) folded on the Flop
Seat 3: Alameda22 folded before Flop (didn't bet)
Seat 4: moodymatt6 folded before Flop (didn't bet)
Seat 5: Francesa folded before Flop (didn't bet)
Seat 6: bownarrow showed [4s 4h] and won ($21.50) with three of a kind, Fours
Seat 7: jimssss folded on the Flop
Seat 8: rhoad006 folded on the Flop
Seat 9: 5K-MAN (button) showed [Ah Ac] and lost with a pair of Aces



PokerStars Game #19576603863:  Hold'em No Limit ($0.10/$0.25) - 2008/08/12 - 23:23:15 (ET)
Table 'Oileus' 9-max Seat #1 is the button
Seat 1: @nnapurna ($30.40 in chips) 
Seat 2: heffs976 ($28.05 in chips) 
Seat 3: Alameda22 ($53.95 in chips) 
Seat 4: moodymatt6 ($17.60 in chips) 
Seat 5: Francesa ($16.90 in chips) 
Seat 6: bownarrow ($42.05 in chips) 
Seat 7: jimssss ($31.65 in chips) 
Seat 8: rhoad006 ($51.60 in chips) 
heffs976: posts small blind $0.10
Alameda22: posts big blind $0.25
*** HOLE CARDS ***
Dealt to Alameda22 [2h 9s]
moodymatt6: folds 
Francesa: folds 
bownarrow: folds 
jimssss: folds 
rhoad006: folds 
rhoad006 leaves the table
@nnapurna: folds 
heffs976: calls $0.15
Alameda22: checks 
*** FLOP *** [Qc 4c 9h]
heffs976: checks 
Alameda22: bets $0.25
5K-MAN leaves the table
heffs976: calls $0.25
*** TURN *** [Qc 4c 9h] [Ah]
heffs976: checks 
Alameda22: checks 
*** RIVER *** [Qc 4c 9h Ah] [6d]
heffs976: checks 
Alameda22: checks 
*** SHOW DOWN ***
heffs976: shows [2d 2c] (a pair of Deuces)
Alameda22: shows [2h 9s] (a pair of Nines)
Alameda22 collected $0.95 from pot
*** SUMMARY ***
Total pot $1 | Rake $0.05 
Board [Qc 4c 9h Ah 6d]
Seat 1: @nnapurna (button) folded before Flop (didn't bet)
Seat 2: heffs976 (small blind) showed [2d 2c] and lost with a pair of Deuces
Seat 3: Alameda22 (big blind) showed [2h 9s] and won ($0.95) with a pair of Nines
Seat 4: moodymatt6 folded before Flop (didn't bet)
Seat 5: Francesa folded before Flop (didn't bet)
Seat 6: bownarrow folded before Flop (didn't bet)
Seat 7: jimssss folded before Flop (didn't bet)
Seat 8: rhoad006 folded before Flop (didn't bet)



PokerStars Game #19576631268:  Hold'em No Limit ($0.10/$0.25) - 2008/08/12 - 23:24:41 (ET)
Table 'Oileus' 9-max Seat #2 is the button
Seat 1: @nnapurna ($30.40 in chips) 
Seat 2: heffs976 ($27.55 in chips) 
Seat 3: Alameda22 ($54.40 in chips) 
Seat 4: moodymatt6 ($17.60 in chips) 
Seat 5: Francesa ($16.90 in chips) 
Seat 6: bownarrow ($42.05 in chips) 
Seat 7: jimssss ($31.65 in chips) 
Alameda22: posts small blind $0.10
moodymatt6: posts big blind $0.25
*** HOLE CARDS ***
Dealt to Alameda22 [5c Ad]
Francesa: folds 
bownarrow: folds 
jimssss: folds 
@nnapurna: folds 
heffs976: folds 
Alameda22: folds 
Uncalled bet ($0.15) returned to moodymatt6
moodymatt6 collected $0.20 from pot
moodymatt6: doesn't show hand 
*** SUMMARY ***
Total pot $0.20 | Rake $0 
Seat 1: @nnapurna folded before Flop (didn't bet)
Seat 2: heffs976 (button) folded before Flop (didn't bet)
Seat 3: Alameda22 (small blind) folded before Flop
Seat 4: moodymatt6 (big blind) collected ($0.20)
Seat 5: Francesa folded before Flop (didn't bet)
Seat 6: bownarrow folded before Flop (didn't bet)
Seat 7: jimssss folded before Flop (didn't bet)



PokerStars Game #19576640271:  Hold'em No Limit ($0.10/$0.25) - 2008/08/12 - 23:25:09 (ET)
Table 'Oileus' 9-max Seat #3 is the button
Seat 1: @nnapurna ($30.40 in chips) 
Seat 2: heffs976 ($27.55 in chips) 
Seat 3: Alameda22 ($54.30 in chips) 
Seat 4: moodymatt6 ($17.70 in chips) 
Seat 5: Francesa ($16.90 in chips) 
Seat 6: bownarrow ($42.05 in chips) 
Seat 7: jimssss ($31.65 in chips) 
moodymatt6: posts small blind $0.10
Francesa: posts big blind $0.25
*** HOLE CARDS ***
Dealt to Alameda22 [6h 2c]
bownarrow: folds 
jimssss: folds 
@nnapurna: folds 
heffs976: raises $0.75 to $1
Alameda22: folds 
moodymatt6: folds 
Francesa: folds 
Uncalled bet ($0.75) returned to heffs976
heffs976 collected $0.60 from pot
*** SUMMARY ***
Total pot $0.60 | Rake $0 
Seat 1: @nnapurna folded before Flop (didn't bet)
Seat 2: heffs976 collected ($0.60)
Seat 3: Alameda22 (button) folded before Flop (didn't bet)
Seat 4: moodymatt6 (small blind) folded before Flop
Seat 5: Francesa (big blind) folded before Flop
Seat 6: bownarrow folded before Flop (didn't bet)
Seat 7: jimssss folded before Flop (didn't bet)



PokerStars Game #19576651826:  Hold'em No Limit ($0.10/$0.25) - 2008/08/12 - 23:25:46 (ET)
Table 'Oileus' 9-max Seat #4 is the button
Seat 1: @nnapurna ($30.40 in chips) 
Seat 2: heffs976 ($27.90 in chips) 
Seat 3: Alameda22 ($54.30 in chips) 
Seat 4: moodymatt6 ($17.60 in chips) 
Seat 5: Francesa ($16.65 in chips) 
Seat 6: bownarrow ($42.05 in chips) 
Seat 7: jimssss ($31.65 in chips) 
Francesa: posts small blind $0.10
bownarrow: posts big blind $0.25
*** HOLE CARDS ***
Dealt to Alameda22 [7d Jh]
jimssss: folds 
@nnapurna: folds 
jimssss leaves the table
heffs976: raises $0.50 to $0.75
Alameda22: folds 
moodymatt6: folds 
Francesa: folds 
bownarrow: folds 
Uncalled bet ($0.50) returned to heffs976
heffs976 collected $0.60 from pot
*** SUMMARY ***
Total pot $0.60 | Rake $0 
Seat 1: @nnapurna folded before Flop (didn't bet)
Seat 2: heffs976 collected ($0.60)
Seat 3: Alameda22 folded before Flop (didn't bet)
Seat 4: moodymatt6 (button) folded before Flop (didn't bet)
Seat 5: Francesa (small blind) folded before Flop
Seat 6: bownarrow (big blind) folded before Flop
Seat 7: jimssss folded before Flop (didn't bet)



PokerStars Game #19576664777:  Hold'em No Limit ($0.10/$0.25) - 2008/08/12 - 23:26:26 (ET)
Table 'Oileus' 9-max Seat #5 is the button
Seat 1: @nnapurna ($30.40 in chips) 
Seat 2: heffs976 ($28.25 in chips) 
Seat 3: Alameda22 ($54.30 in chips) 
Seat 4: moodymatt6 ($17.60 in chips) 
Seat 5: Francesa ($16.55 in chips) 
Seat 6: bownarrow ($41.80 in chips) 
bownarrow: posts small blind $0.10
@nnapurna: posts big blind $0.25
*** HOLE CARDS ***
Dealt to Alameda22 [3d Td]
heffs976: raises $0.50 to $0.75
Alameda22: folds 
moodymatt6: calls $0.75
Francesa: calls $0.75
bownarrow: folds 
@nnapurna: folds 
*** FLOP *** [Ac Qc Ts]
heffs976: bets $0.75
moodymatt6: calls $0.75
Francesa: folds 
*** TURN *** [Ac Qc Ts] [3s]
heffs976: checks 
moodymatt6: bets $2
heffs976: calls $2
*** RIVER *** [Ac Qc Ts 3s] [5d]
heffs976: bets $0.75
moodymatt6: folds 
Uncalled bet ($0.75) returned to heffs976
heffs976 collected $7.75 from pot
heffs976 said, "lol"
*** SUMMARY ***
Total pot $8.10 | Rake $0.35 
Board [Ac Qc Ts 3s 5d]
Seat 1: @nnapurna (big blind) folded before Flop
Seat 2: heffs976 collected ($7.75)
Seat 3: Alameda22 folded before Flop (didn't bet)
Seat 4: moodymatt6 folded on the River
Seat 5: Francesa (button) folded on the Flop
Seat 6: bownarrow (small blind) folded before Flop



PokerStars Game #19576694238:  Hold'em No Limit ($0.10/$0.25) - 2008/08/12 - 23:27:58 (ET)
Table 'Oileus' 9-max Seat #6 is the button
Seat 1: @nnapurna ($30.15 in chips) 
Seat 2: heffs976 ($32.50 in chips) 
Seat 3: Alameda22 ($54.30 in chips) 
Seat 4: moodymatt6 ($14.10 in chips) 
Seat 5: Francesa ($15.80 in chips) 
Seat 6: bownarrow ($41.70 in chips) 
@nnapurna: posts small blind $0.10
heffs976: posts big blind $0.25
*** HOLE CARDS ***
Dealt to Alameda22 [5c 3c]
moodymatt6 said, "yep"
Alameda22: folds 
moodymatt6: raises $0.75 to $1
Francesa: folds 
bownarrow: folds 
@nnapurna: folds 
heffs976: calls $0.75
*** FLOP *** [Td Jc 7d]
heffs976: checks 
moodymatt6: checks 
*** TURN *** [Td Jc 7d] [8d]
heffs976: bets $1
moodymatt6: folds 
Uncalled bet ($1) returned to heffs976
heffs976 collected $2 from pot
heffs976: doesn't show hand 
*** SUMMARY ***
Total pot $2.10 | Rake $0.10 
Board [Td Jc 7d 8d]
Seat 1: @nnapurna (small blind) folded before Flop
Seat 2: heffs976 (big blind) collected ($2)
Seat 3: Alameda22 folded before Flop (didn't bet)
Seat 4: moodymatt6 folded on the Turn
Seat 5: Francesa folded before Flop (didn't bet)
Seat 6: bownarrow (button) folded before Flop (didn't bet)



PokerStars Game #19576706823:  Hold'em No Limit ($0.10/$0.25) - 2008/08/12 - 23:28:38 (ET)
Table 'Oileus' 9-max Seat #1 is the button
Seat 1: @nnapurna ($30.05 in chips) 
Seat 2: heffs976 ($33.50 in chips) 
Seat 3: Alameda22 ($54.30 in chips) 
Seat 4: moodymatt6 ($13.10 in chips) 
Seat 5: Francesa ($15.80 in chips) 
Seat 6: bownarrow ($41.70 in chips) 
heffs976: posts small blind $0.10
Alameda22: posts big blind $0.25
*** HOLE CARDS ***
Dealt to Alameda22 [3s Qd]
moodymatt6: folds 
Francesa: folds 
bownarrow: folds 
moodymatt6 leaves the table
@nnapurna: folds 
heffs976: calls $0.15
Alameda22: checks 
*** FLOP *** [Kd 2c 5c]
heffs976: checks 
Alameda22: checks 
*** TURN *** [Kd 2c 5c] [Td]
heffs976: bets $0.50
mikethemedic joins the table at seat #7 
Alameda22: folds 
Uncalled bet ($0.50) returned to heffs976
heffs976 collected $0.50 from pot
heffs976: doesn't show hand 
*** SUMMARY ***
Total pot $0.50 | Rake $0 
Board [Kd 2c 5c Td]
Seat 1: @nnapurna (button) folded before Flop (didn't bet)
Seat 2: heffs976 (small blind) collected ($0.50)
Seat 3: Alameda22 (big blind) folded on the Turn
Seat 4: moodymatt6 folded before Flop (didn't bet)
Seat 5: Francesa folded before Flop (didn't bet)
Seat 6: bownarrow folded before Flop (didn't bet)



PokerStars Game #19576724116:  Hold'em No Limit ($0.10/$0.25) - 2008/08/12 - 23:29:34 (ET)
Table 'Oileus' 9-max Seat #2 is the button
Seat 1: @nnapurna ($30.05 in chips) 
Seat 2: heffs976 ($33.75 in chips) 
Seat 3: Alameda22 ($54.05 in chips) 
Seat 5: Francesa ($15.80 in chips) 
Seat 6: bownarrow ($41.70 in chips) 
Seat 7: mikethemedic ($5 in chips) 
Alameda22: posts small blind $0.10
Francesa: posts big blind $0.25
mikethemedic: posts big blind $0.25
*** HOLE CARDS ***
Dealt to Alameda22 [Jd Kh]
bownarrow: folds 
mikethemedic: checks 
@nnapurna: folds 
heffs976: raises $0.75 to $1
Alameda22: folds 
Francesa: calls $0.75
mikethemedic: folds 
*** FLOP *** [9c 3h 2s]
Francesa: checks 
heffs976: bets $0.75
Francesa: raises $2.25 to $3
heffs976: folds 
Uncalled bet ($2.25) returned to Francesa
Francesa collected $3.70 from pot
Francesa: doesn't show hand 
*** SUMMARY ***
Total pot $3.85 | Rake $0.15 
Board [9c 3h 2s]
Seat 1: @nnapurna folded before Flop (didn't bet)
Seat 2: heffs976 (button) folded on the Flop
Seat 3: Alameda22 (small blind) folded before Flop
Seat 5: Francesa (big blind) collected ($3.70)
Seat 6: bownarrow folded before Flop (didn't bet)
Seat 7: mikethemedic folded before Flop



PokerStars Game #19576742908:  Hold'em No Limit ($0.10/$0.25) - 2008/08/12 - 23:30:34 (ET)
Table 'Oileus' 9-max Seat #3 is the button
Seat 1: @nnapurna ($30.05 in chips) 
Seat 2: heffs976 ($32 in chips) 
Seat 3: Alameda22 ($53.95 in chips) 
Seat 5: Francesa ($17.75 in chips) 
Seat 6: bownarrow ($41.70 in chips) 
Seat 7: mikethemedic ($4.75 in chips) 
Francesa: posts small blind $0.10
bownarrow: posts big blind $0.25
*** HOLE CARDS ***
Dealt to Alameda22 [8h 9c]
mikethemedic: calls $0.25
@nnapurna: folds 
heffs976: folds 
Alameda22: folds 
Francesa: folds 
bownarrow: checks 
*** FLOP *** [Kc 9d 2s]
bownarrow: checks 
mikethemedic: checks 
*** TURN *** [Kc 9d 2s] [Ah]
bownarrow: checks 
timeouttommy joins the table at seat #8 
mikethemedic: bets $1
bownarrow: folds 
Uncalled bet ($1) returned to mikethemedic
mikethemedic collected $0.60 from pot
mr keeyzz joins the table at seat #4 
mikethemedic: doesn't show hand 
*** SUMMARY ***
Total pot $0.60 | Rake $0 
Board [Kc 9d 2s Ah]
Seat 1: @nnapurna folded before Flop (didn't bet)
Seat 2: heffs976 folded before Flop (didn't bet)
Seat 3: Alameda22 (button) folded before Flop (didn't bet)
Seat 5: Francesa (small blind) folded before Flop
Seat 6: bownarrow (big blind) folded on the Turn
Seat 7: mikethemedic collected ($0.60)



PokerStars Game #19576775664:  Hold'em No Limit ($0.10/$0.25) - 2008/08/12 - 23:32:16 (ET)
Table 'Oileus' 9-max Seat #5 is the button
Seat 1: @nnapurna ($30.05 in chips) 
Seat 2: heffs976 ($32 in chips) 
Seat 3: Alameda22 ($53.95 in chips) 
Seat 4: mr keeyzz ($15 in chips) 
Seat 5: Francesa ($17.65 in chips) 
Seat 6: bownarrow ($41.45 in chips) 
Seat 7: mikethemedic ($5.10 in chips) 
bownarrow: posts small blind $0.10
mikethemedic: posts big blind $0.25
timeouttommy: sits out 
mr keeyzz: posts big blind $0.25
*** HOLE CARDS ***
Dealt to Alameda22 [7s 8d]
@nnapurna: calls $0.25
heffs976: folds 
Alameda22: folds 
mr keeyzz: checks 
Francesa: folds 
bownarrow: calls $0.15
mikethemedic: checks 
*** FLOP *** [8s 6s Jc]
bownarrow: bets $1.25
mikethemedic: folds 
@nnapurna: folds 
mr keeyzz: folds 
Uncalled bet ($1.25) returned to bownarrow
bownarrow collected $0.95 from pot
bownarrow: doesn't show hand 
*** SUMMARY ***
Total pot $1 | Rake $0.05 
Board [8s 6s Jc]
Seat 1: @nnapurna folded on the Flop
Seat 2: heffs976 folded before Flop (didn't bet)
Seat 3: Alameda22 folded before Flop (didn't bet)
Seat 4: mr keeyzz folded on the Flop
Seat 5: Francesa (button) folded before Flop (didn't bet)
Seat 6: bownarrow (small blind) collected ($0.95)
Seat 7: mikethemedic (big blind) folded on the Flop



PokerStars Game #19576794041:  Hold'em No Limit ($0.10/$0.25) - 2008/08/12 - 23:33:13 (ET)
Table 'Oileus' 9-max Seat #6 is the button
Seat 1: @nnapurna ($29.80 in chips) 
Seat 2: heffs976 ($32 in chips) 
Seat 3: Alameda22 ($53.95 in chips) 
Seat 4: mr keeyzz ($14.75 in chips) 
Seat 5: Francesa ($17.65 in chips) 
Seat 6: bownarrow ($42.15 in chips) 
Seat 7: mikethemedic ($4.85 in chips) 
Seat 8: timeouttommy ($10 in chips) 
mikethemedic: posts small blind $0.10
timeouttommy: posts big blind $0.25
*** HOLE CARDS ***
Dealt to Alameda22 [7c 9c]
@nnapurna: folds 
heffs976: folds 
Alameda22: folds 
mr keeyzz: calls $0.25
Francesa: folds 
bownarrow: folds 
mikethemedic: calls $0.15
timeouttommy: raises $0.50 to $0.75
mr keeyzz: calls $0.50
mikethemedic: folds 
*** FLOP *** [3d 4c 7h]
timeouttommy: bets $0.50
mr keeyzz: folds 
Uncalled bet ($0.50) returned to timeouttommy
timeouttommy collected $1.70 from pot
timeouttommy: doesn't show hand 
*** SUMMARY ***
Total pot $1.75 | Rake $0.05 
Board [3d 4c 7h]
Seat 1: @nnapurna folded before Flop (didn't bet)
Seat 2: heffs976 folded before Flop (didn't bet)
Seat 3: Alameda22 folded before Flop (didn't bet)
Seat 4: mr keeyzz folded on the Flop
Seat 5: Francesa folded before Flop (didn't bet)
Seat 6: bownarrow (button) folded before Flop (didn't bet)
Seat 7: mikethemedic (small blind) folded before Flop
Seat 8: timeouttommy (big blind) collected ($1.70)



PokerStars Game #19576818328:  Hold'em No Limit ($0.10/$0.25) - 2008/08/12 - 23:34:27 (ET)
Table 'Oileus' 9-max Seat #7 is the button
Seat 1: @nnapurna ($29.80 in chips) 
Seat 2: heffs976 ($32 in chips) 
Seat 3: Alameda22 ($53.95 in chips) 
Seat 4: mr keeyzz ($14 in chips) 
Seat 5: Francesa ($17.65 in chips) 
Seat 6: bownarrow ($42.15 in chips) 
Seat 7: mikethemedic ($4.60 in chips) 
Seat 8: timeouttommy ($10.95 in chips) 
timeouttommy: posts small blind $0.10
@nnapurna: posts big blind $0.25
*** HOLE CARDS ***
Dealt to Alameda22 [7s 8d]
heffs976: calls $0.25
Alameda22: folds 
mr keeyzz: folds 
Francesa: folds 
bownarrow: folds 
bownarrow leaves the table
mikethemedic: folds 
timeouttommy: folds 
@nnapurna: checks 
*** FLOP *** [2s 8h Ah]
@nnapurna: checks 
heffs976: checks 
*** TURN *** [2s 8h Ah] [7h]
@nnapurna: checks 
heffs976: bets $0.50
@nnapurna: folds 
Uncalled bet ($0.50) returned to heffs976
heffs976 collected $0.60 from pot
*** SUMMARY ***
Total pot $0.60 | Rake $0 
Board [2s 8h Ah 7h]
Seat 1: @nnapurna (big blind) folded on the Turn
Seat 2: heffs976 collected ($0.60)
Seat 3: Alameda22 folded before Flop (didn't bet)
Seat 4: mr keeyzz folded before Flop (didn't bet)
Seat 5: Francesa folded before Flop (didn't bet)
Seat 6: bownarrow folded before Flop (didn't bet)
Seat 7: mikethemedic (button) folded before Flop (didn't bet)
Seat 8: timeouttommy (small blind) folded before Flop



PokerStars Game #19576838325:  Hold'em No Limit ($0.10/$0.25) - 2008/08/12 - 23:35:30 (ET)
Table 'Oileus' 9-max Seat #8 is the button
Seat 1: @nnapurna ($29.55 in chips) 
Seat 2: heffs976 ($32.35 in chips) 
Seat 3: Alameda22 ($53.95 in chips) 
Seat 4: mr keeyzz ($14 in chips) 
Seat 5: Francesa ($17.65 in chips) 
Seat 7: mikethemedic ($4.60 in chips) 
Seat 8: timeouttommy ($10.85 in chips) 
@nnapurna: posts small blind $0.10
heffs976: posts big blind $0.25
*** HOLE CARDS ***
Dealt to Alameda22 [6d 9c]
Alameda22: folds 
mr keeyzz: calls $0.25
Francesa: folds 
mikethemedic: calls $0.25
timeouttommy: folds 
@nnapurna: calls $0.15
heffs976: raises $1.25 to $1.50
mr keeyzz: calls $1.25
mikethemedic: folds 
@nnapurna: folds 
*** FLOP *** [8s Tc 2s]
heffs976: bets $1.75
mr keeyzz: calls $1.75
*** TURN *** [8s Tc 2s] [7s]
heffs976: checks 
mr keeyzz: checks 
*** RIVER *** [8s Tc 2s 7s] [8d]
Cross Damon joins the table at seat #6 
heffs976: checks 
mr keeyzz: bets $1.25
heffs976: calls $1.25
*** SHOW DOWN ***
mr keeyzz: shows [8h 3h] (three of a kind, Eights)
heffs976: mucks hand 
mr keeyzz collected $9.05 from pot
chops - ls1 joins the table at seat #9 
*** SUMMARY ***
Total pot $9.50 | Rake $0.45 
Board [8s Tc 2s 7s 8d]
Seat 1: @nnapurna (small blind) folded before Flop
Seat 2: heffs976 (big blind) mucked [Kh Ad]
Seat 3: Alameda22 folded before Flop (didn't bet)
Seat 4: mr keeyzz showed [8h 3h] and won ($9.05) with three of a kind, Eights
Seat 5: Francesa folded before Flop (didn't bet)
Seat 7: mikethemedic folded before Flop
Seat 8: timeouttommy (button) folded before Flop (didn't bet)



PokerStars Game #19576862452:  Hold'em No Limit ($0.10/$0.25) - 2008/08/12 - 23:36:44 (ET)
Table 'Oileus' 9-max Seat #1 is the button
Seat 1: @nnapurna ($29.30 in chips) 
Seat 2: heffs976 ($27.85 in chips) 
Seat 3: Alameda22 ($53.95 in chips) 
Seat 4: mr keeyzz ($18.55 in chips) 
Seat 5: Francesa ($17.65 in chips) 
Seat 7: mikethemedic ($4.35 in chips) 
Seat 8: timeouttommy ($10.85 in chips) 
Seat 9: chops - ls1 ($15 in chips) 
heffs976: posts small blind $0.10
Alameda22: posts big blind $0.25
Cross Damon: sits out 
chops - ls1: posts big blind $0.25
*** HOLE CARDS ***
Dealt to Alameda22 [9h Js]
mr keeyzz: calls $0.25
Francesa: folds 
mikethemedic: calls $0.25
timeouttommy: calls $0.25
chops - ls1: checks 
@nnapurna: raises $1.25 to $1.50
heffs976: folds 
Alameda22: folds 
mr keeyzz: calls $1.25
mikethemedic: folds 
timeouttommy: calls $1.25
chops - ls1: folds 
*** FLOP *** [8h As Qh]
mr keeyzz: bets $1
timeouttommy: folds 
@nnapurna: folds 
Uncalled bet ($1) returned to mr keeyzz
mr keeyzz collected $5.10 from pot
mr keeyzz: doesn't show hand 
*** SUMMARY ***
Total pot $5.35 | Rake $0.25 
Board [8h As Qh]
Seat 1: @nnapurna (button) folded on the Flop
Seat 2: heffs976 (small blind) folded before Flop
Seat 3: Alameda22 (big blind) folded before Flop
Seat 4: mr keeyzz collected ($5.10)
Seat 5: Francesa folded before Flop (didn't bet)
Seat 7: mikethemedic folded before Flop
Seat 8: timeouttommy folded on the Flop
Seat 9: chops - ls1 folded before Flop



PokerStars Game #19576897257:  Hold'em No Limit ($0.10/$0.25) - 2008/08/12 - 23:38:34 (ET)
Table 'Oileus' 9-max Seat #2 is the button
Seat 1: @nnapurna ($27.80 in chips) 
Seat 2: heffs976 ($27.75 in chips) 
Seat 3: Alameda22 ($53.70 in chips) 
Seat 4: mr keeyzz ($22.15 in chips) 
Seat 5: Francesa ($17.65 in chips) 
Seat 7: mikethemedic ($4.10 in chips) 
Seat 8: timeouttommy ($9.35 in chips) 
Seat 9: chops - ls1 ($14.75 in chips) 
Alameda22: posts small blind $0.10
mr keeyzz: posts big blind $0.25
Cross Damon: sits out 
*** HOLE CARDS ***
Dealt to Alameda22 [6s 2h]
Francesa: folds 
mikethemedic: calls $0.25
timeouttommy: folds 
chops - ls1: folds 
@nnapurna: folds 
heffs976: raises $1.50 to $1.75
Alameda22: folds 
mr keeyzz: calls $1.50
mikethemedic: folds 
*** FLOP *** [9c Js Ad]
mr keeyzz: checks 
heffs976: bets $1.25
mr keeyzz: folds 
Uncalled bet ($1.25) returned to heffs976
heffs976 collected $3.70 from pot
*** SUMMARY ***
Total pot $3.85 | Rake $0.15 
Board [9c Js Ad]
Seat 1: @nnapurna folded before Flop (didn't bet)
Seat 2: heffs976 (button) collected ($3.70)
Seat 3: Alameda22 (small blind) folded before Flop
Seat 4: mr keeyzz (big blind) folded on the Flop
Seat 5: Francesa folded before Flop (didn't bet)
Seat 7: mikethemedic folded before Flop
Seat 8: timeouttommy folded before Flop (didn't bet)
Seat 9: chops - ls1 folded before Flop (didn't bet)



PokerStars Game #19576912172:  Hold'em No Limit ($0.10/$0.25) - 2008/08/12 - 23:39:21 (ET)
Table 'Oileus' 9-max Seat #3 is the button
Seat 1: @nnapurna ($27.80 in chips) 
Seat 2: heffs976 ($29.70 in chips) 
Seat 3: Alameda22 ($53.60 in chips) 
Seat 4: mr keeyzz ($20.40 in chips) 
Seat 5: Francesa ($17.65 in chips) 
Seat 7: mikethemedic ($3.85 in chips) 
Seat 8: timeouttommy ($9.35 in chips) 
Seat 9: chops - ls1 ($14.75 in chips) 
mr keeyzz: posts small blind $0.10
Francesa: posts big blind $0.25
Cross Damon: sits out 
*** HOLE CARDS ***
Dealt to Alameda22 [Kd 5c]
mikethemedic: folds 
timeouttommy: folds 
chops - ls1: folds 
@nnapurna: folds 
heffs976: folds 
Alameda22: folds 
mr keeyzz: calls $0.15
Francesa: checks 
*** FLOP *** [3d Kh 6h]
mr keeyzz: checks 
Francesa: checks 
*** TURN *** [3d Kh 6h] [4c]
mr keeyzz: bets $0.50
Francesa: folds 
Uncalled bet ($0.50) returned to mr keeyzz
mr keeyzz collected $0.50 from pot
mr keeyzz: doesn't show hand 
*** SUMMARY ***
Total pot $0.50 | Rake $0 
Board [3d Kh 6h 4c]
Seat 1: @nnapurna folded before Flop (didn't bet)
Seat 2: heffs976 folded before Flop (didn't bet)
Seat 3: Alameda22 (button) folded before Flop (didn't bet)
Seat 4: mr keeyzz (small blind) collected ($0.50)
Seat 5: Francesa (big blind) folded on the Turn
Seat 7: mikethemedic folded before Flop (didn't bet)
Seat 8: timeouttommy folded before Flop (didn't bet)
Seat 9: chops - ls1 folded before Flop (didn't bet)



PokerStars Game #19576929851:  Hold'em No Limit ($0.10/$0.25) - 2008/08/12 - 23:40:17 (ET)
Table 'Oileus' 9-max Seat #4 is the button
Seat 1: @nnapurna ($27.80 in chips) 
Seat 2: heffs976 ($29.70 in chips) 
Seat 3: Alameda22 ($53.60 in chips) 
Seat 4: mr keeyzz ($20.65 in chips) 
Seat 5: Francesa ($17.40 in chips) 
Seat 6: Cross Damon ($5 in chips) 
Seat 7: mikethemedic ($3.85 in chips) 
Seat 8: timeouttommy ($9.35 in chips) 
Seat 9: chops - ls1 ($14.75 in chips) 
Francesa: posts small blind $0.10
Cross Damon: posts big blind $0.25
*** HOLE CARDS ***
Dealt to Alameda22 [4s 5c]
mikethemedic: calls $0.25
timeouttommy: raises $0.55 to $0.80
chops - ls1: folds 
@nnapurna: folds 
heffs976: folds 
Alameda22: folds 
mr keeyzz: calls $0.80
Francesa: folds 
Cross Damon: folds 
mikethemedic: folds 
*** FLOP *** [5d Ts 8d]
timeouttommy: bets $0.75
mr keeyzz: calls $0.75
*** TURN *** [5d Ts 8d] [Ah]
timeouttommy: bets $1.75
mr keeyzz: folds 
Uncalled bet ($1.75) returned to timeouttommy
timeouttommy collected $3.55 from pot
timeouttommy: shows [Jc Tc] (a pair of Tens)
*** SUMMARY ***
Total pot $3.70 | Rake $0.15 
Board [5d Ts 8d Ah]
Seat 1: @nnapurna folded before Flop (didn't bet)
Seat 2: heffs976 folded before Flop (didn't bet)
Seat 3: Alameda22 folded before Flop (didn't bet)
Seat 4: mr keeyzz (button) folded on the Turn
Seat 5: Francesa (small blind) folded before Flop
Seat 6: Cross Damon (big blind) folded before Flop
Seat 7: mikethemedic folded before Flop
Seat 8: timeouttommy collected ($3.55)
Seat 9: chops - ls1 folded before Flop (didn't bet)



PokerStars Game #19576951585:  Hold'em No Limit ($0.10/$0.25) - 2008/08/12 - 23:41:25 (ET)
Table 'Oileus' 9-max Seat #5 is the button
Seat 1: @nnapurna ($27.80 in chips) 
Seat 2: heffs976 ($29.70 in chips) 
Seat 3: Alameda22 ($53.60 in chips) 
Seat 4: mr keeyzz ($19.10 in chips) 
Seat 5: Francesa ($17.30 in chips) 
Seat 6: Cross Damon ($4.75 in chips) 
Seat 7: mikethemedic ($3.60 in chips) 
Seat 8: timeouttommy ($11.35 in chips) 
Seat 9: chops - ls1 ($14.75 in chips) 
Cross Damon: posts small blind $0.10
mikethemedic: posts big blind $0.25
*** HOLE CARDS ***
Dealt to Alameda22 [2c 8s]
timeouttommy: folds 
chops - ls1: folds 
@nnapurna: folds 
heffs976: raises $0.75 to $1
Alameda22: folds 
mr keeyzz: folds 
Francesa: folds 
Cross Damon: folds 
mikethemedic: calls $0.75
*** FLOP *** [As 5s 5d]
mikethemedic: checks 
heffs976: bets $0.75
mikethemedic: raises $0.75 to $1.50
heffs976: calls $0.75
*** TURN *** [As 5s 5d] [7h]
mikethemedic: bets $1.10 and is all-in
heffs976: calls $1.10
*** RIVER *** [As 5s 5d 7h] [8d]
*** SHOW DOWN ***
mikethemedic: shows [Ac Th] (two pair, Aces and Fives)
heffs976: mucks hand 
mikethemedic collected $6.95 from pot
*** SUMMARY ***
Total pot $7.30 | Rake $0.35 
Board [As 5s 5d 7h 8d]
Seat 1: @nnapurna folded before Flop (didn't bet)
Seat 2: heffs976 mucked [Qs Ks]
Seat 3: Alameda22 folded before Flop (didn't bet)
Seat 4: mr keeyzz folded before Flop (didn't bet)
Seat 5: Francesa (button) folded before Flop (didn't bet)
Seat 6: Cross Damon (small blind) folded before Flop
Seat 7: mikethemedic (big blind) showed [Ac Th] and won ($6.95) with two pair, Aces and Fives
Seat 8: timeouttommy folded before Flop (didn't bet)
Seat 9: chops - ls1 folded before Flop (didn't bet)



PokerStars Game #19576973907:  Hold'em No Limit ($0.10/$0.25) - 2008/08/12 - 23:42:35 (ET)
Table 'Oileus' 9-max Seat #6 is the button
Seat 1: @nnapurna ($27.80 in chips) 
Seat 2: heffs976 ($26.10 in chips) 
Seat 3: Alameda22 ($53.60 in chips) 
Seat 4: mr keeyzz ($19.10 in chips) 
Seat 5: Francesa ($17.30 in chips) 
Seat 6: Cross Damon ($4.65 in chips) 
Seat 7: mikethemedic ($6.95 in chips) 
Seat 8: timeouttommy ($11.35 in chips) 
Seat 9: chops - ls1 ($14.75 in chips) 
mikethemedic: posts small blind $0.10
timeouttommy: posts big blind $0.25
*** HOLE CARDS ***
Dealt to Alameda22 [4d Qd]
chops - ls1: calls $0.25
@nnapurna: folds 
heffs976: raises $0.75 to $1
Alameda22: folds 
mr keeyzz: folds 
Francesa: folds 
Cross Damon: folds 
mikethemedic: folds 
timeouttommy: folds 
chops - ls1: calls $0.75
*** FLOP *** [9d Ac 2d]
chops - ls1: checks 
heffs976: bets $1.25
chops - ls1: folds 
Uncalled bet ($1.25) returned to heffs976
heffs976 collected $2.25 from pot
heffs976: doesn't show hand 
*** SUMMARY ***
Total pot $2.35 | Rake $0.10 
Board [9d Ac 2d]
Seat 1: @nnapurna folded before Flop (didn't bet)
Seat 2: heffs976 collected ($2.25)
Seat 3: Alameda22 folded before Flop (didn't bet)
Seat 4: mr keeyzz folded before Flop (didn't bet)
Seat 5: Francesa folded before Flop (didn't bet)
Seat 6: Cross Damon (button) folded before Flop (didn't bet)
Seat 7: mikethemedic (small blind) folded before Flop
Seat 8: timeouttommy (big blind) folded before Flop
Seat 9: chops - ls1 folded on the Flop



PokerStars Game #19576992112:  Hold'em No Limit ($0.10/$0.25) - 2008/08/12 - 23:43:33 (ET)
Table 'Oileus' 9-max Seat #7 is the button
Seat 1: @nnapurna ($27.80 in chips) 
Seat 2: heffs976 ($27.35 in chips) 
Seat 3: Alameda22 ($53.60 in chips) 
Seat 4: mr keeyzz ($19.10 in chips) 
Seat 5: Francesa ($17.30 in chips) 
Seat 6: Cross Damon ($4.65 in chips) 
Seat 7: mikethemedic ($6.85 in chips) 
Seat 8: timeouttommy ($11.10 in chips) 
Seat 9: chops - ls1 ($13.75 in chips) 
timeouttommy: posts small blind $0.10
chops - ls1: posts big blind $0.25
*** HOLE CARDS ***
Dealt to Alameda22 [Qc 5s]
@nnapurna: folds 
heffs976: raises $0.75 to $1
Alameda22: folds 
mr keeyzz: calls $1
Francesa: folds 
Cross Damon: folds 
mikethemedic: folds 
timeouttommy: calls $0.90
chops - ls1: folds 
*** FLOP *** [Qh 4d 5d]
timeouttommy: bets $1.50
heffs976: folds 
mr keeyzz: calls $1.50
*** TURN *** [Qh 4d 5d] [2c]
timeouttommy: bets $1.50
mr keeyzz: calls $1.50
*** RIVER *** [Qh 4d 5d 2c] [5h]
timeouttommy: bets $1.50
mr keeyzz: raises $2 to $3.50
timeouttommy: folds 
Uncalled bet ($2) returned to mr keeyzz
mr keeyzz collected $11.70 from pot
mr keeyzz: doesn't show hand 
*** SUMMARY ***
Total pot $12.25 | Rake $0.55 
Board [Qh 4d 5d 2c 5h]
Seat 1: @nnapurna folded before Flop (didn't bet)
Seat 2: heffs976 folded on the Flop
Seat 3: Alameda22 folded before Flop (didn't bet)
Seat 4: mr keeyzz collected ($11.70)
Seat 5: Francesa folded before Flop (didn't bet)
Seat 6: Cross Damon folded before Flop (didn't bet)
Seat 7: mikethemedic (button) folded before Flop (didn't bet)
Seat 8: timeouttommy (small blind) folded on the River
Seat 9: chops - ls1 (big blind) folded before Flop



PokerStars Game #19577037516:  Hold'em No Limit ($0.10/$0.25) - 2008/08/12 - 23:45:58 (ET)
Table 'Oileus' 9-max Seat #8 is the button
Seat 1: @nnapurna ($27.80 in chips) 
Seat 2: heffs976 ($26.35 in chips) 
Seat 3: Alameda22 ($53.60 in chips) 
Seat 4: mr keeyzz ($25.30 in chips) 
Seat 5: Francesa ($17.30 in chips) 
Seat 6: Cross Damon ($4.65 in chips) 
Seat 7: mikethemedic ($6.85 in chips) 
Seat 8: timeouttommy ($5.60 in chips) 
Seat 9: chops - ls1 ($13.50 in chips) 
chops - ls1: posts small blind $0.10
@nnapurna: posts big blind $0.25
*** HOLE CARDS ***
Dealt to Alameda22 [3c As]
heffs976: folds 
Alameda22: folds 
mr keeyzz: calls $0.25
Francesa: folds 
Cross Damon: folds 
mikethemedic: calls $0.25
timeouttommy: calls $0.25
chops - ls1: calls $0.15
@nnapurna: checks 
*** FLOP *** [9s Td Th]
chops - ls1: checks 
@nnapurna: checks 
mr keeyzz: bets $0.75
mikethemedic: folds 
timeouttommy: folds 
chops - ls1: folds 
@nnapurna: folds 
Uncalled bet ($0.75) returned to mr keeyzz
mr keeyzz collected $1.20 from pot
mr keeyzz: doesn't show hand 
*** SUMMARY ***
Total pot $1.25 | Rake $0.05 
Board [9s Td Th]
Seat 1: @nnapurna (big blind) folded on the Flop
Seat 2: heffs976 folded before Flop (didn't bet)
Seat 3: Alameda22 folded before Flop (didn't bet)
Seat 4: mr keeyzz collected ($1.20)
Seat 5: Francesa folded before Flop (didn't bet)
Seat 6: Cross Damon folded before Flop (didn't bet)
Seat 7: mikethemedic folded on the Flop
Seat 8: timeouttommy (button) folded on the Flop
Seat 9: chops - ls1 (small blind) folded on the Flop



PokerStars Game #19577060738:  Hold'em No Limit ($0.10/$0.25) - 2008/08/12 - 23:47:12 (ET)
Table 'Oileus' 9-max Seat #9 is the button
Seat 1: @nnapurna ($27.55 in chips) 
Seat 2: heffs976 ($26.35 in chips) 
Seat 3: Alameda22 ($53.60 in chips) 
Seat 4: mr keeyzz ($26.25 in chips) 
Seat 5: Francesa ($17.30 in chips) 
Seat 6: Cross Damon ($4.65 in chips) 
Seat 7: mikethemedic ($6.60 in chips) 
Seat 8: timeouttommy ($5.35 in chips) 
Seat 9: chops - ls1 ($13.25 in chips) 
@nnapurna: posts small blind $0.10
heffs976: posts big blind $0.25
*** HOLE CARDS ***
Dealt to Alameda22 [Jc Qs]
Alameda22: folds 
mr keeyzz: calls $0.25
Francesa: folds 
Cross Damon: folds 
mikethemedic: folds 
timeouttommy: folds 
chops - ls1: folds 
@nnapurna: folds 
heffs976: checks 
*** FLOP *** [5d 8s Td]
heffs976: bets $0.75
mr keeyzz: folds 
Uncalled bet ($0.75) returned to heffs976
heffs976 collected $0.60 from pot
heffs976: doesn't show hand 
*** SUMMARY ***
Total pot $0.60 | Rake $0 
Board [5d 8s Td]
Seat 1: @nnapurna (small blind) folded before Flop
Seat 2: heffs976 (big blind) collected ($0.60)
Seat 3: Alameda22 folded before Flop (didn't bet)
Seat 4: mr keeyzz folded on the Flop
Seat 5: Francesa folded before Flop (didn't bet)
Seat 6: Cross Damon folded before Flop (didn't bet)
Seat 7: mikethemedic folded before Flop (didn't bet)
Seat 8: timeouttommy folded before Flop (didn't bet)
Seat 9: chops - ls1 (button) folded before Flop (didn't bet)



PokerStars Game #19577080254:  Hold'em No Limit ($0.10/$0.25) - 2008/08/12 - 23:48:15 (ET)
Table 'Oileus' 9-max Seat #1 is the button
Seat 1: @nnapurna ($27.45 in chips) 
Seat 2: heffs976 ($26.70 in chips) 
Seat 3: Alameda22 ($53.60 in chips) 
Seat 4: mr keeyzz ($26 in chips) 
Seat 5: Francesa ($17.30 in chips) 
Seat 6: Cross Damon ($4.65 in chips) 
Seat 7: mikethemedic ($6.60 in chips) 
Seat 8: timeouttommy ($5.35 in chips) 
Seat 9: chops - ls1 ($13.25 in chips) 
heffs976: posts small blind $0.10
Alameda22: posts big blind $0.25
*** HOLE CARDS ***
Dealt to Alameda22 [2h 8s]
mr keeyzz: calls $0.25
Francesa: calls $0.25
Cross Damon: folds 
mikethemedic: calls $0.25
timeouttommy: folds 
chops - ls1: folds 
@nnapurna: folds 
heffs976: calls $0.15
Alameda22: checks 
*** FLOP *** [4d 2s 7s]
heffs976: checks 
Alameda22: checks 
mr keeyzz: checks 
Francesa: checks 
mikethemedic: checks 
*** TURN *** [4d 2s 7s] [Kc]
heffs976: checks 
Alameda22: checks 
mr keeyzz: bets $0.75
Francesa: folds 
mikethemedic: raises $0.75 to $1.50
heffs976: folds 
Alameda22: folds 
mr keeyzz: folds 
Uncalled bet ($0.75) returned to mikethemedic
mikethemedic collected $2.65 from pot
mikethemedic: doesn't show hand 
*** SUMMARY ***
Total pot $2.75 | Rake $0.10 
Board [4d 2s 7s Kc]
Seat 1: @nnapurna (button) folded before Flop (didn't bet)
Seat 2: heffs976 (small blind) folded on the Turn
Seat 3: Alameda22 (big blind) folded on the Turn
Seat 4: mr keeyzz folded on the Turn
Seat 5: Francesa folded on the Turn
Seat 6: Cross Damon folded before Flop (didn't bet)
Seat 7: mikethemedic collected ($2.65)
Seat 8: timeouttommy folded before Flop (didn't bet)
Seat 9: chops - ls1 folded before Flop (didn't bet)



PokerStars Game #19577109915:  Hold'em No Limit ($0.10/$0.25) - 2008/08/12 - 23:49:51 (ET)
Table 'Oileus' 9-max Seat #2 is the button
Seat 1: @nnapurna ($27.45 in chips) 
Seat 2: heffs976 ($26.45 in chips) 
Seat 3: Alameda22 ($53.35 in chips) 
Seat 4: mr keeyzz ($25 in chips) 
Seat 5: Francesa ($17.05 in chips) 
Seat 6: Cross Damon ($4.65 in chips) 
Seat 7: mikethemedic ($8.25 in chips) 
Seat 8: timeouttommy ($5.35 in chips) 
Seat 9: chops - ls1 ($13.25 in chips) 
Alameda22: posts small blind $0.10
mr keeyzz: posts big blind $0.25
*** HOLE CARDS ***
Dealt to Alameda22 [6c 9h]
Francesa: folds 
Cross Damon: folds 
mikethemedic: folds 
timeouttommy: raises $0.50 to $0.75
chops - ls1: folds 
@nnapurna: folds 
heffs976: folds 
Alameda22: folds 
mr keeyzz: calls $0.50
*** FLOP *** [6d 3h 2c]
mr keeyzz: checks 
timeouttommy: bets $1
mr keeyzz: calls $1
*** TURN *** [6d 3h 2c] [Jd]
mr keeyzz: bets $1
timeouttommy: raises $2.60 to $3.60 and is all-in
mr keeyzz: folds 
Uncalled bet ($2.60) returned to timeouttommy
timeouttommy collected $5.35 from pot
timeouttommy: doesn't show hand 
*** SUMMARY ***
Total pot $5.60 | Rake $0.25 
Board [6d 3h 2c Jd]
Seat 1: @nnapurna folded before Flop (didn't bet)
Seat 2: heffs976 (button) folded before Flop (didn't bet)
Seat 3: Alameda22 (small blind) folded before Flop
Seat 4: mr keeyzz (big blind) folded on the Turn
Seat 5: Francesa folded before Flop (didn't bet)
Seat 6: Cross Damon folded before Flop (didn't bet)
Seat 7: mikethemedic folded before Flop (didn't bet)
Seat 8: timeouttommy collected ($5.35)
Seat 9: chops - ls1 folded before Flop (didn't bet)



PokerStars Game #19577145696:  Hold'em No Limit ($0.10/$0.25) - 2008/08/12 - 23:51:47 (ET)
Table 'Oileus' 9-max Seat #3 is the button
Seat 1: @nnapurna ($27.45 in chips) 
Seat 2: heffs976 ($26.45 in chips) 
Seat 3: Alameda22 ($53.25 in chips) 
Seat 4: mr keeyzz ($22.25 in chips) 
Seat 5: Francesa ($17.05 in chips) 
Seat 6: Cross Damon ($4.65 in chips) 
Seat 7: mikethemedic ($8.25 in chips) 
Seat 8: timeouttommy ($7.95 in chips) 
Seat 9: chops - ls1 ($13.25 in chips) 
mr keeyzz: posts small blind $0.10
Francesa: posts big blind $0.25
*** HOLE CARDS ***
Dealt to Alameda22 [6c Td]
Cross Damon: folds 
mikethemedic: calls $0.25
timeouttommy: calls $0.25
chops - ls1: folds 
@nnapurna: folds 
heffs976: folds 
Alameda22: folds 
mr keeyzz: calls $0.15
Francesa: checks 
*** FLOP *** [9h Jc Qd]
mr keeyzz: checks 
Francesa: checks 
mikethemedic: checks 
timeouttommy: checks 
*** TURN *** [9h Jc Qd] [7c]
mr keeyzz: checks 
Francesa: checks 
mikethemedic: checks 
timeouttommy: checks 
*** RIVER *** [9h Jc Qd 7c] [As]
mr keeyzz: checks 
Francesa: checks 
mikethemedic: checks 
timeouttommy: checks 
*** SHOW DOWN ***
mr keeyzz: shows [Ad Th] (a pair of Aces)
Francesa: mucks hand 
mikethemedic: mucks hand 
timeouttommy: mucks hand 
mr keeyzz collected $0.95 from pot
*** SUMMARY ***
Total pot $1 | Rake $0.05 
Board [9h Jc Qd 7c As]
Seat 1: @nnapurna folded before Flop (didn't bet)
Seat 2: heffs976 folded before Flop (didn't bet)
Seat 3: Alameda22 (button) folded before Flop (didn't bet)
Seat 4: mr keeyzz (small blind) showed [Ad Th] and won ($0.95) with a pair of Aces
Seat 5: Francesa (big blind) mucked [7d Kd]
Seat 6: Cross Damon folded before Flop (didn't bet)
Seat 7: mikethemedic mucked [4d 5c]
Seat 8: timeouttommy mucked [6h 8h]
Seat 9: chops - ls1 folded before Flop (didn't bet)



PokerStars Game #19577178739:  Hold'em No Limit ($0.10/$0.25) - 2008/08/12 - 23:53:35 (ET)
Table 'Oileus' 9-max Seat #4 is the button
Seat 1: @nnapurna ($27.45 in chips) 
Seat 2: heffs976 ($26.45 in chips) 
Seat 3: Alameda22 ($53.25 in chips) 
Seat 4: mr keeyzz ($22.95 in chips) 
Seat 5: Francesa ($16.80 in chips) 
Seat 6: Cross Damon ($4.65 in chips) 
Seat 7: mikethemedic ($8 in chips) 
Seat 8: timeouttommy ($7.70 in chips) 
Seat 9: chops - ls1 ($13.25 in chips) 
Francesa: posts small blind $0.10
Cross Damon: posts big blind $0.25
*** HOLE CARDS ***
Dealt to Alameda22 [6s 9s]
mikethemedic: folds 
timeouttommy: calls $0.25
chops - ls1: folds 
@nnapurna: folds 
heffs976: raises $0.75 to $1
Alameda22: folds 
mr keeyzz: calls $1
Francesa: folds 
Cross Damon: folds 
timeouttommy: calls $0.75
*** FLOP *** [2c 3c 8d]
timeouttommy: checks 
heffs976: checks 
mr keeyzz: checks 
*** TURN *** [2c 3c 8d] [Ad]
timeouttommy: bets $1.50
heffs976: folds 
mr keeyzz: folds 
Uncalled bet ($1.50) returned to timeouttommy
timeouttommy collected $3.20 from pot
timeouttommy: doesn't show hand 
*** SUMMARY ***
Total pot $3.35 | Rake $0.15 
Board [2c 3c 8d Ad]
Seat 1: @nnapurna folded before Flop (didn't bet)
Seat 2: heffs976 folded on the Turn
Seat 3: Alameda22 folded before Flop (didn't bet)
Seat 4: mr keeyzz (button) folded on the Turn
Seat 5: Francesa (small blind) folded before Flop
Seat 6: Cross Damon (big blind) folded before Flop
Seat 7: mikethemedic folded before Flop (didn't bet)
Seat 8: timeouttommy collected ($3.20)
Seat 9: chops - ls1 folded before Flop (didn't bet)



PokerStars Game #19577212003:  Hold'em No Limit ($0.10/$0.25) - 2008/08/12 - 23:55:25 (ET)
Table 'Oileus' 9-max Seat #5 is the button
Seat 1: @nnapurna ($27.45 in chips) 
Seat 2: heffs976 ($25.45 in chips) 
Seat 3: Alameda22 ($53.25 in chips) 
Seat 4: mr keeyzz ($21.95 in chips) 
Seat 5: Francesa ($16.70 in chips) 
Seat 6: Cross Damon ($4.40 in chips) 
Seat 7: mikethemedic ($8 in chips) 
Seat 8: timeouttommy ($9.90 in chips) 
Seat 9: chops - ls1 ($13.25 in chips) 
Cross Damon: posts small blind $0.10
mikethemedic: posts big blind $0.25
*** HOLE CARDS ***
Dealt to Alameda22 [Ts 5s]
timeouttommy: folds 
chops - ls1: folds 
@nnapurna: raises $0.75 to $1
heffs976: folds 
Alameda22: folds 
mr keeyzz: folds 
Francesa: folds 
Cross Damon: folds 
mikethemedic: folds 
Uncalled bet ($0.75) returned to @nnapurna
@nnapurna collected $0.60 from pot
@nnapurna: doesn't show hand 
*** SUMMARY ***
Total pot $0.60 | Rake $0 
Seat 1: @nnapurna collected ($0.60)
Seat 2: heffs976 folded before Flop (didn't bet)
Seat 3: Alameda22 folded before Flop (didn't bet)
Seat 4: mr keeyzz folded before Flop (didn't bet)
Seat 5: Francesa (button) folded before Flop (didn't bet)
Seat 6: Cross Damon (small blind) folded before Flop
Seat 7: mikethemedic (big blind) folded before Flop
Seat 8: timeouttommy folded before Flop (didn't bet)
Seat 9: chops - ls1 folded before Flop (didn't bet)



PokerStars Game #19577221507:  Hold'em No Limit ($0.10/$0.25) - 2008/08/12 - 23:55:56 (ET)
Table 'Oileus' 9-max Seat #6 is the button
Seat 1: @nnapurna ($27.80 in chips) 
Seat 2: heffs976 ($25.45 in chips) 
Seat 3: Alameda22 ($53.25 in chips) 
Seat 4: mr keeyzz ($21.95 in chips) 
Seat 5: Francesa ($16.70 in chips) 
Seat 6: Cross Damon ($4.30 in chips) 
Seat 7: mikethemedic ($7.75 in chips) 
Seat 8: timeouttommy ($9.90 in chips) 
Seat 9: chops - ls1 ($13.25 in chips) 
mikethemedic: posts small blind $0.10
timeouttommy: posts big blind $0.25
*** HOLE CARDS ***
Dealt to Alameda22 [5h As]
chops - ls1: folds 
@nnapurna: folds 
heffs976: folds 
Alameda22: folds 
mr keeyzz: raises $1 to $1.25
Francesa: folds 
Cross Damon: folds 
mikethemedic: folds 
timeouttommy: calls $1
*** FLOP *** [2d 3c 8d]
timeouttommy: checks 
mr keeyzz: bets $1.75
timeouttommy: folds 
Uncalled bet ($1.75) returned to mr keeyzz
mr keeyzz collected $2.50 from pot
mr keeyzz: doesn't show hand 
*** SUMMARY ***
Total pot $2.60 | Rake $0.10 
Board [2d 3c 8d]
Seat 1: @nnapurna folded before Flop (didn't bet)
Seat 2: heffs976 folded before Flop (didn't bet)
Seat 3: Alameda22 folded before Flop (didn't bet)
Seat 4: mr keeyzz collected ($2.50)
Seat 5: Francesa folded before Flop (didn't bet)
Seat 6: Cross Damon (button) folded before Flop (didn't bet)
Seat 7: mikethemedic (small blind) folded before Flop
Seat 8: timeouttommy (big blind) folded on the Flop
Seat 9: chops - ls1 folded before Flop (didn't bet)



PokerStars Game #19577242689:  Hold'em No Limit ($0.10/$0.25) - 2008/08/12 - 23:57:07 (ET)
Table 'Oileus' 9-max Seat #7 is the button
Seat 1: @nnapurna ($27.80 in chips) 
Seat 2: heffs976 ($25.45 in chips) 
Seat 3: Alameda22 ($53.25 in chips) 
Seat 4: mr keeyzz ($23.20 in chips) 
Seat 5: Francesa ($16.70 in chips) 
Seat 6: Cross Damon ($4.30 in chips) 
Seat 7: mikethemedic ($7.65 in chips) 
Seat 8: timeouttommy ($8.65 in chips) 
Seat 9: chops - ls1 ($13.25 in chips) 
timeouttommy: posts small blind $0.10
chops - ls1: posts big blind $0.25
*** HOLE CARDS ***
Dealt to Alameda22 [8h Kd]
@nnapurna: folds 
heffs976: folds 
Alameda22: folds 
mr keeyzz: folds 
Francesa: folds 
Cross Damon: folds 
mikethemedic: folds 
mikethemedic leaves the table
timeouttommy: folds 
Uncalled bet ($0.15) returned to chops - ls1
chops - ls1 collected $0.20 from pot
*** SUMMARY ***
Total pot $0.20 | Rake $0 
Seat 1: @nnapurna folded before Flop (didn't bet)
Seat 2: heffs976 folded before Flop (didn't bet)
Seat 3: Alameda22 folded before Flop (didn't bet)
Seat 4: mr keeyzz folded before Flop (didn't bet)
Seat 5: Francesa folded before Flop (didn't bet)
Seat 6: Cross Damon folded before Flop (didn't bet)
Seat 7: mikethemedic (button) folded before Flop (didn't bet)
Seat 8: timeouttommy (small blind) folded before Flop
Seat 9: chops - ls1 (big blind) collected ($0.20)



PokerStars Game #19577251490:  Hold'em No Limit ($0.10/$0.25) - 2008/08/12 - 23:57:36 (ET)
Table 'Oileus' 9-max Seat #8 is the button
Seat 1: @nnapurna ($27.80 in chips) 
Seat 2: heffs976 ($25.45 in chips) 
Seat 3: Alameda22 ($53.25 in chips) 
Seat 4: mr keeyzz ($23.20 in chips) 
Seat 5: Francesa ($16.70 in chips) 
Seat 6: Cross Damon ($4.30 in chips) 
Seat 8: timeouttommy ($8.55 in chips) 
Seat 9: chops - ls1 ($13.35 in chips) 
chops - ls1: posts small blind $0.10
@nnapurna: posts big blind $0.25
*** HOLE CARDS ***
Dealt to Alameda22 [Ac Kh]
DERUY joins the table at seat #7 
heffs976: folds 
Alameda22: raises $0.50 to $0.75
mr keeyzz: folds 
Francesa: folds 
Cross Damon: folds 
timeouttommy: folds 
chops - ls1: folds 
@nnapurna: folds 
Uncalled bet ($0.50) returned to Alameda22
Alameda22 collected $0.60 from pot
Alameda22: doesn't show hand 
*** SUMMARY ***
Total pot $0.60 | Rake $0 
Seat 1: @nnapurna (big blind) folded before Flop
Seat 2: heffs976 folded before Flop (didn't bet)
Seat 3: Alameda22 collected ($0.60)
Seat 4: mr keeyzz folded before Flop (didn't bet)
Seat 5: Francesa folded before Flop (didn't bet)
Seat 6: Cross Damon folded before Flop (didn't bet)
Seat 8: timeouttommy (button) folded before Flop (didn't bet)
Seat 9: chops - ls1 (small blind) folded before Flop



PokerStars Game #19577265939:  Hold'em No Limit ($0.10/$0.25) - 2008/08/12 - 23:58:23 (ET)
Table 'Oileus' 9-max Seat #9 is the button
Seat 1: @nnapurna ($27.55 in chips) 
Seat 2: heffs976 ($25.45 in chips) 
Seat 3: Alameda22 ($53.60 in chips) 
Seat 4: mr keeyzz ($23.20 in chips) 
Seat 5: Francesa ($16.70 in chips) 
Seat 6: Cross Damon ($4.30 in chips) 
Seat 8: timeouttommy ($8.55 in chips) 
Seat 9: chops - ls1 ($13.25 in chips) 
@nnapurna: posts small blind $0.10
heffs976: posts big blind $0.25
DERUY: sits out 
*** HOLE CARDS ***
Dealt to Alameda22 [Qh 8c]
Alameda22: folds 
mr keeyzz: raises $0.25 to $0.50
Francesa: folds 
Cross Damon: folds 
timeouttommy: calls $0.50
chops - ls1: folds 
@nnapurna: folds 
heffs976: calls $0.25
*** FLOP *** [2c 9h Ad]
heffs976: checks 
mr keeyzz: checks 
timeouttommy: bets $0.75
heffs976: folds 
mr keeyzz: folds 
Uncalled bet ($0.75) returned to timeouttommy
timeouttommy collected $1.55 from pot
timeouttommy: doesn't show hand 
*** SUMMARY ***
Total pot $1.60 | Rake $0.05 
Board [2c 9h Ad]
Seat 1: @nnapurna (small blind) folded before Flop
Seat 2: heffs976 (big blind) folded on the Flop
Seat 3: Alameda22 folded before Flop (didn't bet)
Seat 4: mr keeyzz folded on the Flop
Seat 5: Francesa folded before Flop (didn't bet)
Seat 6: Cross Damon folded before Flop (didn't bet)
Seat 8: timeouttommy collected ($1.55)
Seat 9: chops - ls1 (button) folded before Flop (didn't bet)



PokerStars Game #19577285817:  Hold'em No Limit ($0.10/$0.25) - 2008/08/12 - 23:59:30 (ET)
Table 'Oileus' 9-max Seat #1 is the button
Seat 1: @nnapurna ($27.45 in chips) 
Seat 2: heffs976 ($24.95 in chips) 
Seat 3: Alameda22 ($53.60 in chips) 
Seat 4: mr keeyzz ($22.70 in chips) 
Seat 5: Francesa ($16.70 in chips) 
Seat 6: Cross Damon ($4.30 in chips) 
Seat 8: timeouttommy ($9.60 in chips) 
Seat 9: chops - ls1 ($13.25 in chips) 
heffs976: posts small blind $0.10
Alameda22: posts big blind $0.25
DERUY: sits out 
*** HOLE CARDS ***
Dealt to Alameda22 [4h Jc]
mr keeyzz: calls $0.25
Francesa: folds 
Cross Damon: raises $0.75 to $1
timeouttommy: folds 
chops - ls1: folds 
@nnapurna: calls $1
heffs976: folds 
Alameda22: folds 
mr keeyzz: calls $0.75
*** FLOP *** [Qc 7h 6c]
mr keeyzz: checks 
Cross Damon: bets $3.30 and is all-in
@nnapurna: folds 
mr keeyzz: calls $3.30
*** TURN *** [Qc 7h 6c] [Kd]
*** RIVER *** [Qc 7h 6c Kd] [7s]
*** SHOW DOWN ***
mr keeyzz: shows [Qd Kh] (two pair, Kings and Queens)
Cross Damon: shows [As Ad] (two pair, Aces and Sevens)
Cross Damon collected $9.50 from pot
*** SUMMARY ***
Total pot $9.95 | Rake $0.45 
Board [Qc 7h 6c Kd 7s]
Seat 1: @nnapurna (button) folded on the Flop
Seat 2: heffs976 (small blind) folded before Flop
Seat 3: Alameda22 (big blind) folded before Flop
Seat 4: mr keeyzz showed [Qd Kh] and lost with two pair, Kings and Queens
Seat 5: Francesa folded before Flop (didn't bet)
Seat 6: Cross Damon showed [As Ad] and won ($9.50) with two pair, Aces and Sevens
Seat 8: timeouttommy folded before Flop (didn't bet)
Seat 9: chops - ls1 folded before Flop (didn't bet)



