PokerStars Game #20021989697:  Hold'em No Limit ($0.10/$0.25) - 2008/08/30 - 18:00:28 (ET)
Table 'Dabih II' 9-max Seat #5 is the button
Seat 1: xfactor712 ($36.15 in chips) 
Seat 2: Homer079 ($23.65 in chips) 
Seat 3: grobluffeur ($1.50 in chips) 
Seat 4: Alameda22 ($25 in chips) 
Seat 5: DanGTYJ ($11.80 in chips) 
Seat 6: robinwhy ($24.75 in chips) 
Seat 7: pomuc ($4.65 in chips) 
Seat 8: MollynLee05 ($33.15 in chips) 
Seat 9: sundro78 ($19.35 in chips) 
robinwhy: posts small blind $0.10
pomuc: posts big blind $0.25
Alameda22: posts big blind $0.25
*** HOLE CARDS ***
Dealt to Alameda22 [2c 9h]
MollynLee05: folds 
sundro78: folds 
xfactor712: calls $0.25
Homer079: folds 
grobluffeur: raises $1.25 to $1.50 and is all-in
Alameda22: folds 
DanGTYJ: folds 
robinwhy: raises $1.50 to $3
pomuc: folds 
xfactor712: calls $2.75
*** FLOP *** [2s As 3d]
robinwhy: bets $4
xfactor712: folds 
Uncalled bet ($4) returned to robinwhy
*** TURN *** [2s As 3d] [Ks]
*** RIVER *** [2s As 3d Ks] [3s]
*** SHOW DOWN ***
robinwhy: shows [Ac Ad] (a full house, Aces full of Threes)
robinwhy collected $2.85 from side pot
grobluffeur: mucks hand 
robinwhy collected $4.75 from main pot
*** SUMMARY ***
Total pot $8 Main pot $4.75. Side pot $2.85. | Rake $0.40 
Board [2s As 3d Ks 3s]
Seat 1: xfactor712 folded on the Flop
Seat 2: Homer079 folded before Flop (didn't bet)
Seat 3: grobluffeur mucked [Js Kc]
Seat 4: Alameda22 folded before Flop
Seat 5: DanGTYJ (button) folded before Flop (didn't bet)
Seat 6: robinwhy (small blind) showed [Ac Ad] and won ($7.60) with a full house, Aces full of Threes
Seat 7: pomuc (big blind) folded before Flop
Seat 8: MollynLee05 folded before Flop (didn't bet)
Seat 9: sundro78 folded before Flop (didn't bet)



PokerStars Game #20022013600:  Hold'em No Limit ($0.10/$0.25) - 2008/08/30 - 18:01:32 (ET)
Table 'Dabih II' 9-max Seat #6 is the button
Seat 1: xfactor712 ($33.15 in chips) 
Seat 2: Homer079 ($23.65 in chips) 
Seat 4: Alameda22 ($24.75 in chips) 
Seat 5: DanGTYJ ($11.80 in chips) 
Seat 6: robinwhy ($29.35 in chips) 
Seat 7: pomuc ($4.40 in chips) 
Seat 8: MollynLee05 ($33.15 in chips) 
Seat 9: sundro78 ($19.35 in chips) 
pomuc: posts small blind $0.10
MollynLee05: posts big blind $0.25
*** HOLE CARDS ***
Dealt to Alameda22 [5s 2d]
grobluffeur has returned
sundro78: folds 
xfactor712: folds 
Homer079: folds 
Alameda22: folds 
DanGTYJ: raises $0.40 to $0.65
robinwhy: folds 
pomuc: folds 
MollynLee05: calls $0.40
*** FLOP *** [Jc 3c Qh]
MollynLee05: checks 
DanGTYJ: checks 
*** TURN *** [Jc 3c Qh] [9s]
MollynLee05: bets $0.75
DanGTYJ: raises $1 to $1.75
MollynLee05: calls $1
*** RIVER *** [Jc 3c Qh 9s] [8h]
MollynLee05: checks 
DanGTYJ: bets $1.75
MollynLee05: folds 
Uncalled bet ($1.75) returned to DanGTYJ
DanGTYJ collected $4.70 from pot
DanGTYJ: doesn't show hand 
*** SUMMARY ***
Total pot $4.90 | Rake $0.20 
Board [Jc 3c Qh 9s 8h]
Seat 1: xfactor712 folded before Flop (didn't bet)
Seat 2: Homer079 folded before Flop (didn't bet)
Seat 4: Alameda22 folded before Flop (didn't bet)
Seat 5: DanGTYJ collected ($4.70)
Seat 6: robinwhy (button) folded before Flop (didn't bet)
Seat 7: pomuc (small blind) folded before Flop
Seat 8: MollynLee05 (big blind) folded on the River
Seat 9: sundro78 folded before Flop (didn't bet)



PokerStars Game #20022041024:  Hold'em No Limit ($0.10/$0.25) - 2008/08/30 - 18:02:46 (ET)
Table 'Dabih II' 9-max Seat #7 is the button
Seat 1: xfactor712 ($33.15 in chips) 
Seat 2: Homer079 ($23.65 in chips) 
Seat 3: grobluffeur ($5.15 in chips) 
Seat 4: Alameda22 ($24.75 in chips) 
Seat 5: DanGTYJ ($14.10 in chips) 
Seat 6: robinwhy ($29.35 in chips) 
Seat 7: pomuc ($4.30 in chips) 
Seat 8: MollynLee05 ($30.75 in chips) 
Seat 9: sundro78 ($19.35 in chips) 
MollynLee05: posts small blind $0.10
sundro78: posts big blind $0.25
*** HOLE CARDS ***
Dealt to Alameda22 [2s 4s]
xfactor712: folds 
Homer079: folds 
grobluffeur: calls $0.25
Alameda22: folds 
DanGTYJ: raises $0.40 to $0.65
robinwhy: folds 
pomuc: folds 
MollynLee05: calls $0.55
sundro78: folds 
grobluffeur: calls $0.40
*** FLOP *** [8h Th 5h]
MollynLee05: checks 
grobluffeur: bets $0.50
DanGTYJ: folds 
MollynLee05: folds 
Uncalled bet ($0.50) returned to grobluffeur
grobluffeur collected $2.10 from pot
grobluffeur: doesn't show hand 
*** SUMMARY ***
Total pot $2.20 | Rake $0.10 
Board [8h Th 5h]
Seat 1: xfactor712 folded before Flop (didn't bet)
Seat 2: Homer079 folded before Flop (didn't bet)
Seat 3: grobluffeur collected ($2.10)
Seat 4: Alameda22 folded before Flop (didn't bet)
Seat 5: DanGTYJ folded on the Flop
Seat 6: robinwhy folded before Flop (didn't bet)
Seat 7: pomuc (button) folded before Flop (didn't bet)
Seat 8: MollynLee05 (small blind) folded on the Flop
Seat 9: sundro78 (big blind) folded before Flop



PokerStars Game #20022060725:  Hold'em No Limit ($0.10/$0.25) - 2008/08/30 - 18:03:39 (ET)
Table 'Dabih II' 9-max Seat #8 is the button
Seat 1: xfactor712 ($33.15 in chips) 
Seat 2: Homer079 ($23.65 in chips) 
Seat 3: grobluffeur ($6.60 in chips) 
Seat 4: Alameda22 ($24.75 in chips) 
Seat 5: DanGTYJ ($13.45 in chips) 
Seat 6: robinwhy ($29.35 in chips) 
Seat 7: pomuc ($4.30 in chips) 
Seat 8: MollynLee05 ($30.10 in chips) 
Seat 9: sundro78 ($19.10 in chips) 
sundro78: posts small blind $0.10
xfactor712: posts big blind $0.25
*** HOLE CARDS ***
Dealt to Alameda22 [Kd Kc]
Homer079: folds 
grobluffeur: folds 
Alameda22: raises $0.75 to $1
DanGTYJ: folds 
robinwhy: folds 
pomuc: folds 
MollynLee05: folds 
sundro78: folds 
xfactor712: folds 
Uncalled bet ($0.75) returned to Alameda22
Alameda22 collected $0.60 from pot
Alameda22: doesn't show hand 
*** SUMMARY ***
Total pot $0.60 | Rake $0 
Seat 1: xfactor712 (big blind) folded before Flop
Seat 2: Homer079 folded before Flop (didn't bet)
Seat 3: grobluffeur folded before Flop (didn't bet)
Seat 4: Alameda22 collected ($0.60)
Seat 5: DanGTYJ folded before Flop (didn't bet)
Seat 6: robinwhy folded before Flop (didn't bet)
Seat 7: pomuc folded before Flop (didn't bet)
Seat 8: MollynLee05 (button) folded before Flop (didn't bet)
Seat 9: sundro78 (small blind) folded before Flop



PokerStars Game #20022077318:  Hold'em No Limit ($0.10/$0.25) - 2008/08/30 - 18:04:25 (ET)
Table 'Dabih II' 9-max Seat #9 is the button
Seat 1: xfactor712 ($32.90 in chips) 
Seat 2: Homer079 ($23.65 in chips) 
Seat 3: grobluffeur ($6.60 in chips) 
Seat 4: Alameda22 ($25.10 in chips) 
Seat 5: DanGTYJ ($13.45 in chips) 
Seat 6: robinwhy ($29.35 in chips) 
Seat 7: pomuc ($4.30 in chips) 
Seat 8: MollynLee05 ($30.10 in chips) 
Seat 9: sundro78 ($19 in chips) 
xfactor712: posts small blind $0.10
Homer079: posts big blind $0.25
*** HOLE CARDS ***
Dealt to Alameda22 [Kd 5s]
grobluffeur: calls $0.25
Alameda22: folds 
DanGTYJ: folds 
robinwhy: folds 
pomuc: folds 
MollynLee05: raises $0.75 to $1
sundro78: folds 
xfactor712: folds 
Homer079: folds 
grobluffeur: calls $0.75
*** FLOP *** [7c Kc 9h]
grobluffeur: checks 
MollynLee05: checks 
*** TURN *** [7c Kc 9h] [Th]
grobluffeur: bets $0.25
MollynLee05: raises $1.25 to $1.50
grobluffeur: folds 
Uncalled bet ($1.25) returned to MollynLee05
MollynLee05 collected $2.75 from pot
MollynLee05: doesn't show hand 
*** SUMMARY ***
Total pot $2.85 | Rake $0.10 
Board [7c Kc 9h Th]
Seat 1: xfactor712 (small blind) folded before Flop
Seat 2: Homer079 (big blind) folded before Flop
Seat 3: grobluffeur folded on the Turn
Seat 4: Alameda22 folded before Flop (didn't bet)
Seat 5: DanGTYJ folded before Flop (didn't bet)
Seat 6: robinwhy folded before Flop (didn't bet)
Seat 7: pomuc folded before Flop (didn't bet)
Seat 8: MollynLee05 collected ($2.75)
Seat 9: sundro78 (button) folded before Flop (didn't bet)



PokerStars Game #20022101087:  Hold'em No Limit ($0.10/$0.25) - 2008/08/30 - 18:05:30 (ET)
Table 'Dabih II' 9-max Seat #1 is the button
Seat 1: xfactor712 ($32.80 in chips) 
Seat 2: Homer079 ($23.40 in chips) 
Seat 3: grobluffeur ($5.35 in chips) 
Seat 4: Alameda22 ($25.10 in chips) 
Seat 5: DanGTYJ ($13.45 in chips) 
Seat 6: robinwhy ($29.35 in chips) 
Seat 7: pomuc ($4.30 in chips) 
Seat 8: MollynLee05 ($31.60 in chips) 
Seat 9: sundro78 ($19 in chips) 
Homer079: posts small blind $0.10
grobluffeur: posts big blind $0.25
*** HOLE CARDS ***
Dealt to Alameda22 [3d 5c]
Alameda22: folds 
DanGTYJ: folds 
robinwhy: calls $0.25
pomuc: folds 
MollynLee05: folds 
sundro78: folds 
xfactor712: folds 
Homer079: folds 
grobluffeur: checks 
*** FLOP *** [Qd 3s 5d]
grobluffeur: checks 
robinwhy: bets $0.50
grobluffeur: folds 
Uncalled bet ($0.50) returned to robinwhy
robinwhy collected $0.60 from pot
robinwhy: doesn't show hand 
*** SUMMARY ***
Total pot $0.60 | Rake $0 
Board [Qd 3s 5d]
Seat 1: xfactor712 (button) folded before Flop (didn't bet)
Seat 2: Homer079 (small blind) folded before Flop
Seat 3: grobluffeur (big blind) folded on the Flop
Seat 4: Alameda22 folded before Flop (didn't bet)
Seat 5: DanGTYJ folded before Flop (didn't bet)
Seat 6: robinwhy collected ($0.60)
Seat 7: pomuc folded before Flop (didn't bet)
Seat 8: MollynLee05 folded before Flop (didn't bet)
Seat 9: sundro78 folded before Flop (didn't bet)



PokerStars Game #20022126538:  Hold'em No Limit ($0.10/$0.25) - 2008/08/30 - 18:06:38 (ET)
Table 'Dabih II' 9-max Seat #2 is the button
Seat 1: xfactor712 ($32.80 in chips) 
Seat 2: Homer079 ($23.30 in chips) 
Seat 3: grobluffeur ($5.10 in chips) 
Seat 4: Alameda22 ($25.10 in chips) 
Seat 5: DanGTYJ ($13.45 in chips) 
Seat 6: robinwhy ($29.70 in chips) 
Seat 7: pomuc ($4.30 in chips) 
Seat 8: MollynLee05 ($31.60 in chips) 
Seat 9: sundro78 ($19 in chips) 
grobluffeur: posts small blind $0.10
Alameda22: posts big blind $0.25
*** HOLE CARDS ***
Dealt to Alameda22 [9c 4c]
DanGTYJ: folds 
robinwhy: folds 
pomuc: folds 
MollynLee05: raises $0.50 to $0.75
sundro78: folds 
xfactor712: calls $0.75
Homer079: folds 
grobluffeur: folds 
Alameda22: folds 
*** FLOP *** [9s 5c Jc]
MollynLee05: bets $2.75
xfactor712: folds 
Uncalled bet ($2.75) returned to MollynLee05
MollynLee05 collected $1.80 from pot
MollynLee05: doesn't show hand 
*** SUMMARY ***
Total pot $1.85 | Rake $0.05 
Board [9s 5c Jc]
Seat 1: xfactor712 folded on the Flop
Seat 2: Homer079 (button) folded before Flop (didn't bet)
Seat 3: grobluffeur (small blind) folded before Flop
Seat 4: Alameda22 (big blind) folded before Flop
Seat 5: DanGTYJ folded before Flop (didn't bet)
Seat 6: robinwhy folded before Flop (didn't bet)
Seat 7: pomuc folded before Flop (didn't bet)
Seat 8: MollynLee05 collected ($1.80)
Seat 9: sundro78 folded before Flop (didn't bet)



PokerStars Game #20022156151:  Hold'em No Limit ($0.10/$0.25) - 2008/08/30 - 18:07:58 (ET)
Table 'Dabih II' 9-max Seat #3 is the button
Seat 1: xfactor712 ($32.05 in chips) 
Seat 2: Homer079 ($23.30 in chips) 
Seat 3: grobluffeur ($5 in chips) 
Seat 4: Alameda22 ($24.85 in chips) 
Seat 5: DanGTYJ ($13.45 in chips) 
Seat 6: robinwhy ($29.70 in chips) 
Seat 7: pomuc ($4.30 in chips) 
Seat 8: MollynLee05 ($32.65 in chips) 
Seat 9: sundro78 ($19 in chips) 
Alameda22: posts small blind $0.10
DanGTYJ: posts big blind $0.25
*** HOLE CARDS ***
Dealt to Alameda22 [7d 3c]
robinwhy: folds 
pomuc: folds 
MollynLee05: folds 
sundro78: folds 
xfactor712: folds 
Homer079: folds 
grobluffeur: calls $0.25
Alameda22: folds 
DanGTYJ: checks 
*** FLOP *** [2d Kc 6s]
DanGTYJ: checks 
grobluffeur: bets $0.50
DanGTYJ: folds 
Uncalled bet ($0.50) returned to grobluffeur
grobluffeur collected $0.60 from pot
grobluffeur: doesn't show hand 
*** SUMMARY ***
Total pot $0.60 | Rake $0 
Board [2d Kc 6s]
Seat 1: xfactor712 folded before Flop (didn't bet)
Seat 2: Homer079 folded before Flop (didn't bet)
Seat 3: grobluffeur (button) collected ($0.60)
Seat 4: Alameda22 (small blind) folded before Flop
Seat 5: DanGTYJ (big blind) folded on the Flop
Seat 6: robinwhy folded before Flop (didn't bet)
Seat 7: pomuc folded before Flop (didn't bet)
Seat 8: MollynLee05 folded before Flop (didn't bet)
Seat 9: sundro78 folded before Flop (didn't bet)



PokerStars Game #20022180152:  Hold'em No Limit ($0.10/$0.25) - 2008/08/30 - 18:09:02 (ET)
Table 'Dabih II' 9-max Seat #4 is the button
Seat 1: xfactor712 ($32.05 in chips) 
Seat 2: Homer079 ($23.30 in chips) 
Seat 3: grobluffeur ($5.35 in chips) 
Seat 4: Alameda22 ($24.75 in chips) 
Seat 5: DanGTYJ ($13.20 in chips) 
Seat 6: robinwhy ($29.70 in chips) 
Seat 7: pomuc ($4.30 in chips) 
Seat 8: MollynLee05 ($32.65 in chips) 
Seat 9: sundro78 ($19 in chips) 
DanGTYJ: posts small blind $0.10
robinwhy: posts big blind $0.25
*** HOLE CARDS ***
Dealt to Alameda22 [7d Kc]
pomuc: folds 
MollynLee05: folds 
sundro78: folds 
xfactor712: folds 
Homer079: folds 
grobluffeur: calls $0.25
Alameda22: folds 
DanGTYJ: calls $0.15
robinwhy: checks 
*** FLOP *** [2h 3h 6d]
DanGTYJ: checks 
robinwhy: bets $0.75
grobluffeur: folds 
DanGTYJ: folds 
Uncalled bet ($0.75) returned to robinwhy
robinwhy collected $0.75 from pot
robinwhy: doesn't show hand 
*** SUMMARY ***
Total pot $0.75 | Rake $0 
Board [2h 3h 6d]
Seat 1: xfactor712 folded before Flop (didn't bet)
Seat 2: Homer079 folded before Flop (didn't bet)
Seat 3: grobluffeur folded on the Flop
Seat 4: Alameda22 (button) folded before Flop (didn't bet)
Seat 5: DanGTYJ (small blind) folded on the Flop
Seat 6: robinwhy (big blind) collected ($0.75)
Seat 7: pomuc folded before Flop (didn't bet)
Seat 8: MollynLee05 folded before Flop (didn't bet)
Seat 9: sundro78 folded before Flop (didn't bet)



PokerStars Game #20022197666:  Hold'em No Limit ($0.10/$0.25) - 2008/08/30 - 18:09:48 (ET)
Table 'Dabih II' 9-max Seat #5 is the button
Seat 1: xfactor712 ($32.05 in chips) 
Seat 2: Homer079 ($23.30 in chips) 
Seat 3: grobluffeur ($5.10 in chips) 
Seat 4: Alameda22 ($24.75 in chips) 
Seat 5: DanGTYJ ($12.95 in chips) 
Seat 6: robinwhy ($30.20 in chips) 
Seat 7: pomuc ($4.30 in chips) 
Seat 8: MollynLee05 ($32.65 in chips) 
Seat 9: sundro78 ($19 in chips) 
robinwhy: posts small blind $0.10
pomuc: posts big blind $0.25
*** HOLE CARDS ***
Dealt to Alameda22 [Th Kd]
MollynLee05: folds 
sundro78: folds 
xfactor712: calls $0.25
Homer079: folds 
grobluffeur: calls $0.25
Alameda22: folds 
DanGTYJ: raises $0.40 to $0.65
robinwhy: folds 
pomuc: folds 
xfactor712: calls $0.40
grobluffeur: calls $0.40
*** FLOP *** [7s 9s Ts]
xfactor712: checks 
grobluffeur: checks 
DanGTYJ: checks 
*** TURN *** [7s 9s Ts] [2s]
xfactor712: bets $1
grobluffeur: folds 
DanGTYJ: folds 
Uncalled bet ($1) returned to xfactor712
xfactor712 collected $2.20 from pot
xfactor712: doesn't show hand 
*** SUMMARY ***
Total pot $2.30 | Rake $0.10 
Board [7s 9s Ts 2s]
Seat 1: xfactor712 collected ($2.20)
Seat 2: Homer079 folded before Flop (didn't bet)
Seat 3: grobluffeur folded on the Turn
Seat 4: Alameda22 folded before Flop (didn't bet)
Seat 5: DanGTYJ (button) folded on the Turn
Seat 6: robinwhy (small blind) folded before Flop
Seat 7: pomuc (big blind) folded before Flop
Seat 8: MollynLee05 folded before Flop (didn't bet)
Seat 9: sundro78 folded before Flop (didn't bet)



PokerStars Game #20022225655:  Hold'em No Limit ($0.10/$0.25) - 2008/08/30 - 18:11:02 (ET)
Table 'Dabih II' 9-max Seat #6 is the button
Seat 1: xfactor712 ($33.60 in chips) 
Seat 2: Homer079 ($23.30 in chips) 
Seat 3: grobluffeur ($4.45 in chips) 
Seat 4: Alameda22 ($24.75 in chips) 
Seat 5: DanGTYJ ($12.30 in chips) 
Seat 6: robinwhy ($30.10 in chips) 
Seat 7: pomuc ($4.05 in chips) 
Seat 8: MollynLee05 ($32.65 in chips) 
Seat 9: sundro78 ($19 in chips) 
pomuc: posts small blind $0.10
MollynLee05: posts big blind $0.25
*** HOLE CARDS ***
Dealt to Alameda22 [Ks Th]
sundro78: folds 
xfactor712: folds 
Homer079: folds 
grobluffeur: folds 
Alameda22: folds 
DanGTYJ: raises $0.40 to $0.65
robinwhy: folds 
pomuc: folds 
MollynLee05: calls $0.40
*** FLOP *** [9h Kd Qd]
MollynLee05: checks 
DanGTYJ: bets $1
MollynLee05: folds 
Uncalled bet ($1) returned to DanGTYJ
DanGTYJ collected $1.35 from pot
DanGTYJ: doesn't show hand 
*** SUMMARY ***
Total pot $1.40 | Rake $0.05 
Board [9h Kd Qd]
Seat 1: xfactor712 folded before Flop (didn't bet)
Seat 2: Homer079 folded before Flop (didn't bet)
Seat 3: grobluffeur folded before Flop (didn't bet)
Seat 4: Alameda22 folded before Flop (didn't bet)
Seat 5: DanGTYJ collected ($1.35)
Seat 6: robinwhy (button) folded before Flop (didn't bet)
Seat 7: pomuc (small blind) folded before Flop
Seat 8: MollynLee05 (big blind) folded on the Flop
Seat 9: sundro78 folded before Flop (didn't bet)



PokerStars Game #20022244340:  Hold'em No Limit ($0.10/$0.25) - 2008/08/30 - 18:11:52 (ET)
Table 'Dabih II' 9-max Seat #7 is the button
Seat 1: xfactor712 ($33.60 in chips) 
Seat 2: Homer079 ($23.30 in chips) 
Seat 3: grobluffeur ($4.45 in chips) 
Seat 4: Alameda22 ($24.75 in chips) 
Seat 5: DanGTYJ ($13 in chips) 
Seat 6: robinwhy ($30.10 in chips) 
Seat 7: pomuc ($3.95 in chips) 
Seat 8: MollynLee05 ($32 in chips) 
Seat 9: sundro78 ($19 in chips) 
MollynLee05: posts small blind $0.10
sundro78: posts big blind $0.25
*** HOLE CARDS ***
Dealt to Alameda22 [4c 7h]
xfactor712: folds 
Homer079: folds 
grobluffeur: calls $0.25
Alameda22: folds 
DanGTYJ: calls $0.25
robinwhy: folds 
pomuc: raises $1 to $1.25
MollynLee05: folds 
sundro78: folds 
grobluffeur: folds 
DanGTYJ: folds 
Uncalled bet ($1) returned to pomuc
pomuc collected $1.10 from pot
pomuc: doesn't show hand 
*** SUMMARY ***
Total pot $1.10 | Rake $0 
Seat 1: xfactor712 folded before Flop (didn't bet)
Seat 2: Homer079 folded before Flop (didn't bet)
Seat 3: grobluffeur folded before Flop
Seat 4: Alameda22 folded before Flop (didn't bet)
Seat 5: DanGTYJ folded before Flop
Seat 6: robinwhy folded before Flop (didn't bet)
Seat 7: pomuc (button) collected ($1.10)
Seat 8: MollynLee05 (small blind) folded before Flop
Seat 9: sundro78 (big blind) folded before Flop



PokerStars Game #20022263545:  Hold'em No Limit ($0.10/$0.25) - 2008/08/30 - 18:12:44 (ET)
Table 'Dabih II' 9-max Seat #8 is the button
Seat 1: xfactor712 ($33.60 in chips) 
Seat 2: Homer079 ($23.30 in chips) 
Seat 3: grobluffeur ($4.20 in chips) 
Seat 4: Alameda22 ($24.75 in chips) 
Seat 5: DanGTYJ ($12.75 in chips) 
Seat 6: robinwhy ($30.10 in chips) 
Seat 7: pomuc ($4.80 in chips) 
Seat 8: MollynLee05 ($31.90 in chips) 
Seat 9: sundro78 ($18.75 in chips) 
sundro78: posts small blind $0.10
xfactor712: posts big blind $0.25
*** HOLE CARDS ***
Dealt to Alameda22 [7h 2d]
Homer079: folds 
grobluffeur: calls $0.25
Alameda22: folds 
DanGTYJ: raises $0.40 to $0.65
robinwhy: folds 
pomuc: folds 
MollynLee05: calls $0.65
sundro78: folds 
xfactor712: calls $0.40
grobluffeur: calls $0.40
*** FLOP *** [7d 5d 4s]
xfactor712: checks 
grobluffeur: checks 
DanGTYJ: checks 
MollynLee05: bets $0.75
xfactor712: calls $0.75
grobluffeur: folds 
DanGTYJ: folds 
*** TURN *** [7d 5d 4s] [5c]
xfactor712: bets $0.25
MollynLee05: calls $0.25
*** RIVER *** [7d 5d 4s 5c] [Qh]
xfactor712: checks 
MollynLee05: checks 
*** SHOW DOWN ***
xfactor712: shows [8c Ah] (a pair of Fives)
MollynLee05: shows [4d Ad] (two pair, Fives and Fours)
MollynLee05 collected $4.50 from pot
*** SUMMARY ***
Total pot $4.70 | Rake $0.20 
Board [7d 5d 4s 5c Qh]
Seat 1: xfactor712 (big blind) showed [8c Ah] and lost with a pair of Fives
Seat 2: Homer079 folded before Flop (didn't bet)
Seat 3: grobluffeur folded on the Flop
Seat 4: Alameda22 folded before Flop (didn't bet)
Seat 5: DanGTYJ folded on the Flop
Seat 6: robinwhy folded before Flop (didn't bet)
Seat 7: pomuc folded before Flop (didn't bet)
Seat 8: MollynLee05 (button) showed [4d Ad] and won ($4.50) with two pair, Fives and Fours
Seat 9: sundro78 (small blind) folded before Flop



PokerStars Game #20022294075:  Hold'em No Limit ($0.10/$0.25) - 2008/08/30 - 18:14:07 (ET)
Table 'Dabih II' 9-max Seat #9 is the button
Seat 1: xfactor712 ($31.95 in chips) 
Seat 2: Homer079 ($23.30 in chips) 
Seat 3: grobluffeur ($3.55 in chips) 
Seat 4: Alameda22 ($24.75 in chips) 
Seat 5: DanGTYJ ($12.10 in chips) 
Seat 6: robinwhy ($30.10 in chips) 
Seat 7: pomuc ($4.80 in chips) 
Seat 8: MollynLee05 ($34.75 in chips) 
Seat 9: sundro78 ($18.65 in chips) 
xfactor712: posts small blind $0.10
Homer079: posts big blind $0.25
*** HOLE CARDS ***
Dealt to Alameda22 [9s 7d]
grobluffeur: calls $0.25
Alameda22: folds 
DanGTYJ: folds 
robinwhy: folds 
pomuc: folds 
MollynLee05: calls $0.25
sundro78: raises $0.50 to $0.75
xfactor712: folds 
Homer079: folds 
grobluffeur: calls $0.50
MollynLee05: calls $0.50
*** FLOP *** [Kc 6h As]
grobluffeur: checks 
MollynLee05: checks 
sundro78: bets $0.75
grobluffeur: folds 
MollynLee05: folds 
Uncalled bet ($0.75) returned to sundro78
sundro78 collected $2.50 from pot
sundro78: doesn't show hand 
*** SUMMARY ***
Total pot $2.60 | Rake $0.10 
Board [Kc 6h As]
Seat 1: xfactor712 (small blind) folded before Flop
Seat 2: Homer079 (big blind) folded before Flop
Seat 3: grobluffeur folded on the Flop
Seat 4: Alameda22 folded before Flop (didn't bet)
Seat 5: DanGTYJ folded before Flop (didn't bet)
Seat 6: robinwhy folded before Flop (didn't bet)
Seat 7: pomuc folded before Flop (didn't bet)
Seat 8: MollynLee05 folded on the Flop
Seat 9: sundro78 (button) collected ($2.50)



PokerStars Game #20022313465:  Hold'em No Limit ($0.10/$0.25) - 2008/08/30 - 18:15:00 (ET)
Table 'Dabih II' 9-max Seat #1 is the button
Seat 1: xfactor712 ($31.85 in chips) 
Seat 2: Homer079 ($23.05 in chips) 
Seat 3: grobluffeur ($2.80 in chips) 
Seat 4: Alameda22 ($24.75 in chips) 
Seat 5: DanGTYJ ($12.10 in chips) 
Seat 6: robinwhy ($30.10 in chips) 
Seat 7: pomuc ($4.80 in chips) 
Seat 8: MollynLee05 ($34 in chips) 
Seat 9: sundro78 ($20.40 in chips) 
Homer079: posts small blind $0.10
grobluffeur: posts big blind $0.25
*** HOLE CARDS ***
Dealt to Alameda22 [Js Kd]
Alameda22: folds 
DanGTYJ: folds 
robinwhy: folds 
pomuc: folds 
MollynLee05: calls $0.25
sundro78: raises $0.50 to $0.75
xfactor712: folds 
Homer079: folds 
grobluffeur: folds 
MollynLee05: calls $0.50
*** FLOP *** [7s 3d 8s]
MollynLee05: bets $0.75
sundro78: folds 
Uncalled bet ($0.75) returned to MollynLee05
MollynLee05 collected $1.80 from pot
MollynLee05: doesn't show hand 
*** SUMMARY ***
Total pot $1.85 | Rake $0.05 
Board [7s 3d 8s]
Seat 1: xfactor712 (button) folded before Flop (didn't bet)
Seat 2: Homer079 (small blind) folded before Flop
Seat 3: grobluffeur (big blind) folded before Flop
Seat 4: Alameda22 folded before Flop (didn't bet)
Seat 5: DanGTYJ folded before Flop (didn't bet)
Seat 6: robinwhy folded before Flop (didn't bet)
Seat 7: pomuc folded before Flop (didn't bet)
Seat 8: MollynLee05 collected ($1.80)
Seat 9: sundro78 folded on the Flop



PokerStars Game #20022338357:  Hold'em No Limit ($0.10/$0.25) - 2008/08/30 - 18:16:06 (ET)
Table 'Dabih II' 9-max Seat #2 is the button
Seat 1: xfactor712 ($31.85 in chips) 
Seat 2: Homer079 ($22.95 in chips) 
Seat 3: grobluffeur ($2.55 in chips) 
Seat 4: Alameda22 ($24.75 in chips) 
Seat 5: DanGTYJ ($12.10 in chips) 
Seat 6: robinwhy ($30.10 in chips) 
Seat 7: pomuc ($4.80 in chips) 
Seat 8: MollynLee05 ($35.05 in chips) 
Seat 9: sundro78 ($19.65 in chips) 
grobluffeur: posts small blind $0.10
Alameda22: posts big blind $0.25
*** HOLE CARDS ***
Dealt to Alameda22 [3c Ts]
DanGTYJ: folds 
robinwhy: folds 
pomuc: folds 
MollynLee05: folds 
sundro78: folds 
xfactor712: folds 
Homer079: folds 
grobluffeur: calls $0.15
Alameda22: checks 
*** FLOP *** [3h 9d 4s]
grobluffeur: bets $0.50
Alameda22: folds 
Uncalled bet ($0.50) returned to grobluffeur
grobluffeur collected $0.50 from pot
grobluffeur: doesn't show hand 
*** SUMMARY ***
Total pot $0.50 | Rake $0 
Board [3h 9d 4s]
Seat 1: xfactor712 folded before Flop (didn't bet)
Seat 2: Homer079 (button) folded before Flop (didn't bet)
Seat 3: grobluffeur (small blind) collected ($0.50)
Seat 4: Alameda22 (big blind) folded on the Flop
Seat 5: DanGTYJ folded before Flop (didn't bet)
Seat 6: robinwhy folded before Flop (didn't bet)
Seat 7: pomuc folded before Flop (didn't bet)
Seat 8: MollynLee05 folded before Flop (didn't bet)
Seat 9: sundro78 folded before Flop (didn't bet)



PokerStars Game #20022358865:  Hold'em No Limit ($0.10/$0.25) - 2008/08/30 - 18:17:01 (ET)
Table 'Dabih II' 9-max Seat #3 is the button
Seat 1: xfactor712 ($31.85 in chips) 
Seat 2: Homer079 ($22.95 in chips) 
Seat 3: grobluffeur ($2.80 in chips) 
Seat 4: Alameda22 ($24.50 in chips) 
Seat 5: DanGTYJ ($12.10 in chips) 
Seat 6: robinwhy ($30.10 in chips) 
Seat 7: pomuc ($4.80 in chips) 
Seat 8: MollynLee05 ($35.05 in chips) 
Seat 9: sundro78 ($19.65 in chips) 
Alameda22: posts small blind $0.10
DanGTYJ: posts big blind $0.25
*** HOLE CARDS ***
Dealt to Alameda22 [4c 2s]
robinwhy: folds 
pomuc: folds 
MollynLee05: calls $0.25
sundro78: folds 
xfactor712: calls $0.25
Homer079: folds 
grobluffeur: folds 
Alameda22: folds 
DanGTYJ: raises $1.25 to $1.50
MollynLee05: calls $1.25
xfactor712: calls $1.25
*** FLOP *** [9c 4d Ad]
DanGTYJ: bets $2.50
MollynLee05: calls $2.50
xfactor712: folds 
*** TURN *** [9c 4d Ad] [7c]
DanGTYJ: bets $3
MollynLee05: raises $3 to $6
DanGTYJ: calls $3
*** RIVER *** [9c 4d Ad 7c] [6d]
DanGTYJ: checks 
MollynLee05: checks 
*** SHOW DOWN ***
DanGTYJ: shows [Ah Ks] (a pair of Aces)
MollynLee05: mucks hand 
DanGTYJ collected $20.55 from pot
*** SUMMARY ***
Total pot $21.60 | Rake $1.05 
Board [9c 4d Ad 7c 6d]
Seat 1: xfactor712 folded on the Flop
Seat 2: Homer079 folded before Flop (didn't bet)
Seat 3: grobluffeur (button) folded before Flop (didn't bet)
Seat 4: Alameda22 (small blind) folded before Flop
Seat 5: DanGTYJ (big blind) showed [Ah Ks] and won ($20.55) with a pair of Aces
Seat 6: robinwhy folded before Flop (didn't bet)
Seat 7: pomuc folded before Flop (didn't bet)
Seat 8: MollynLee05 mucked [Ac Qc]
Seat 9: sundro78 folded before Flop (didn't bet)



PokerStars Game #20022391005:  Hold'em No Limit ($0.10/$0.25) - 2008/08/30 - 18:18:28 (ET)
Table 'Dabih II' 9-max Seat #4 is the button
Seat 1: xfactor712 ($30.35 in chips) 
Seat 2: Homer079 ($22.95 in chips) 
Seat 3: grobluffeur ($2.80 in chips) 
Seat 4: Alameda22 ($24.40 in chips) 
Seat 5: DanGTYJ ($22.65 in chips) 
Seat 6: robinwhy ($30.10 in chips) 
Seat 7: pomuc ($4.80 in chips) 
Seat 8: MollynLee05 ($25.05 in chips) 
Seat 9: sundro78 ($19.65 in chips) 
DanGTYJ: posts small blind $0.10
robinwhy: posts big blind $0.25
*** HOLE CARDS ***
Dealt to Alameda22 [Ah 4h]
pomuc: folds 
MollynLee05: folds 
sundro78: folds 
xfactor712: folds 
Homer079: folds 
grobluffeur: raises $2.55 to $2.80 and is all-in
Alameda22: folds 
DanGTYJ: folds 
robinwhy: folds 
Uncalled bet ($2.55) returned to grobluffeur
grobluffeur collected $0.60 from pot
grobluffeur: doesn't show hand 
*** SUMMARY ***
Total pot $0.60 | Rake $0 
Seat 1: xfactor712 folded before Flop (didn't bet)
Seat 2: Homer079 folded before Flop (didn't bet)
Seat 3: grobluffeur collected ($0.60)
Seat 4: Alameda22 (button) folded before Flop (didn't bet)
Seat 5: DanGTYJ (small blind) folded before Flop
Seat 6: robinwhy (big blind) folded before Flop
Seat 7: pomuc folded before Flop (didn't bet)
Seat 8: MollynLee05 folded before Flop (didn't bet)
Seat 9: sundro78 folded before Flop (didn't bet)



PokerStars Game #20022408644:  Hold'em No Limit ($0.10/$0.25) - 2008/08/30 - 18:19:16 (ET)
Table 'Dabih II' 9-max Seat #5 is the button
Seat 1: xfactor712 ($30.35 in chips) 
Seat 2: Homer079 ($22.95 in chips) 
Seat 3: grobluffeur ($3.15 in chips) 
Seat 4: Alameda22 ($24.40 in chips) 
Seat 5: DanGTYJ ($22.55 in chips) 
Seat 6: robinwhy ($29.85 in chips) 
Seat 7: pomuc ($4.80 in chips) 
Seat 8: MollynLee05 ($25.05 in chips) 
Seat 9: sundro78 ($19.65 in chips) 
robinwhy: posts small blind $0.10
pomuc: posts big blind $0.25
*** HOLE CARDS ***
Dealt to Alameda22 [8s Kd]
MollynLee05: folds 
sundro78: folds 
xfactor712: raises $1.25 to $1.50
Homer079: folds 
grobluffeur: raises $1.65 to $3.15 and is all-in
Alameda22: folds 
DanGTYJ: calls $3.15
robinwhy: folds 
pomuc: folds 
xfactor712: calls $1.65
*** FLOP *** [9s 6s 6d]
xfactor712: checks 
DanGTYJ: checks 
*** TURN *** [9s 6s 6d] [9h]
xfactor712: checks 
DanGTYJ: checks 
*** RIVER *** [9s 6s 6d 9h] [5d]
xfactor712: bets $1.75
DanGTYJ: folds 
Uncalled bet ($1.75) returned to xfactor712
*** SHOW DOWN ***
xfactor712: shows [As Ks] (two pair, Nines and Sixes)
grobluffeur: mucks hand 
xfactor712 collected $9.35 from pot
grobluffeur leaves the table
*** SUMMARY ***
Total pot $9.80 | Rake $0.45 
Board [9s 6s 6d 9h 5d]
Seat 1: xfactor712 showed [As Ks] and won ($9.35) with two pair, Nines and Sixes
Seat 2: Homer079 folded before Flop (didn't bet)
Seat 3: grobluffeur mucked [7h Qs]
Seat 4: Alameda22 folded before Flop (didn't bet)
Seat 5: DanGTYJ (button) folded on the River
Seat 6: robinwhy (small blind) folded before Flop
Seat 7: pomuc (big blind) folded before Flop
Seat 8: MollynLee05 folded before Flop (didn't bet)
Seat 9: sundro78 folded before Flop (didn't bet)



PokerStars Game #20022441064:  Hold'em No Limit ($0.10/$0.25) - 2008/08/30 - 18:20:45 (ET)
Table 'Dabih II' 9-max Seat #6 is the button
Seat 1: xfactor712 ($36.55 in chips) 
Seat 2: Homer079 ($22.95 in chips) 
Seat 4: Alameda22 ($24.40 in chips) 
Seat 5: DanGTYJ ($19.40 in chips) 
Seat 6: robinwhy ($29.75 in chips) 
Seat 7: pomuc ($4.55 in chips) 
Seat 8: MollynLee05 ($25.05 in chips) 
Seat 9: sundro78 ($19.65 in chips) 
pomuc: posts small blind $0.10
MollynLee05: posts big blind $0.25
*** HOLE CARDS ***
Dealt to Alameda22 [8c Jh]
sundro78: folds 
xfactor712: raises $1 to $1.25
Homer079: folds 
Alameda22: folds 
DanGTYJ: folds 
robinwhy: folds 
pomuc: folds 
MollynLee05: folds 
Uncalled bet ($1) returned to xfactor712
xfactor712 collected $0.60 from pot
xfactor712: doesn't show hand 
*** SUMMARY ***
Total pot $0.60 | Rake $0 
Seat 1: xfactor712 collected ($0.60)
Seat 2: Homer079 folded before Flop (didn't bet)
Seat 4: Alameda22 folded before Flop (didn't bet)
Seat 5: DanGTYJ folded before Flop (didn't bet)
Seat 6: robinwhy (button) folded before Flop (didn't bet)
Seat 7: pomuc (small blind) folded before Flop
Seat 8: MollynLee05 (big blind) folded before Flop
Seat 9: sundro78 folded before Flop (didn't bet)



PokerStars Game #20022457624:  Hold'em No Limit ($0.10/$0.25) - 2008/08/30 - 18:21:30 (ET)
Table 'Dabih II' 9-max Seat #7 is the button
Seat 1: xfactor712 ($36.90 in chips) 
Seat 2: Homer079 ($22.95 in chips) 
Seat 4: Alameda22 ($24.40 in chips) 
Seat 5: DanGTYJ ($19.40 in chips) 
Seat 6: robinwhy ($29.75 in chips) 
Seat 7: pomuc ($4.45 in chips) 
Seat 8: MollynLee05 ($24.80 in chips) 
Seat 9: sundro78 ($19.65 in chips) 
MollynLee05: posts small blind $0.10
sundro78: posts big blind $0.25
*** HOLE CARDS ***
Dealt to Alameda22 [Kd 3d]
xfactor712: calls $0.25
Homer079: folds 
Alameda22: folds 
DanGTYJ: folds 
ptpraw joins the table at seat #3 
robinwhy: folds 
pomuc: raises $0.75 to $1
MollynLee05: folds 
sundro78: folds 
xfactor712: calls $0.75
*** FLOP *** [2h 6d Jc]
xfactor712: bets $1
pomuc: folds 
Uncalled bet ($1) returned to xfactor712
xfactor712 collected $2.25 from pot
xfactor712: doesn't show hand 
*** SUMMARY ***
Total pot $2.35 | Rake $0.10 
Board [2h 6d Jc]
Seat 1: xfactor712 collected ($2.25)
Seat 2: Homer079 folded before Flop (didn't bet)
Seat 4: Alameda22 folded before Flop (didn't bet)
Seat 5: DanGTYJ folded before Flop (didn't bet)
Seat 6: robinwhy folded before Flop (didn't bet)
Seat 7: pomuc (button) folded on the Flop
Seat 8: MollynLee05 (small blind) folded before Flop
Seat 9: sundro78 (big blind) folded before Flop



PokerStars Game #20022483237:  Hold'em No Limit ($0.10/$0.25) - 2008/08/30 - 18:22:40 (ET)
Table 'Dabih II' 9-max Seat #8 is the button
Seat 1: xfactor712 ($38.15 in chips) 
Seat 2: Homer079 ($22.95 in chips) 
Seat 3: ptpraw ($15 in chips) 
Seat 4: Alameda22 ($24.40 in chips) 
Seat 5: DanGTYJ ($19.40 in chips) 
Seat 6: robinwhy ($29.75 in chips) 
Seat 7: pomuc ($3.45 in chips) 
Seat 8: MollynLee05 ($24.70 in chips) 
Seat 9: sundro78 ($19.40 in chips) 
sundro78: posts small blind $0.10
xfactor712: posts big blind $0.25
ptpraw: posts big blind $0.25
*** HOLE CARDS ***
Dealt to Alameda22 [3c Tc]
Homer079: folds 
ptpraw: checks 
Alameda22: folds 
DanGTYJ: raises $0.40 to $0.65
robinwhy: folds 
pomuc: folds 
MollynLee05: folds 
sundro78: folds 
xfactor712: folds 
ptpraw: calls $0.40
*** FLOP *** [Kd 7h 9h]
ptpraw: bets $3
DanGTYJ: folds 
Uncalled bet ($3) returned to ptpraw
ptpraw collected $1.60 from pot
ptpraw: doesn't show hand 
*** SUMMARY ***
Total pot $1.65 | Rake $0.05 
Board [Kd 7h 9h]
Seat 1: xfactor712 (big blind) folded before Flop
Seat 2: Homer079 folded before Flop (didn't bet)
Seat 3: ptpraw collected ($1.60)
Seat 4: Alameda22 folded before Flop (didn't bet)
Seat 5: DanGTYJ folded on the Flop
Seat 6: robinwhy folded before Flop (didn't bet)
Seat 7: pomuc folded before Flop (didn't bet)
Seat 8: MollynLee05 (button) folded before Flop (didn't bet)
Seat 9: sundro78 (small blind) folded before Flop



PokerStars Game #20022507002:  Hold'em No Limit ($0.10/$0.25) - 2008/08/30 - 18:23:45 (ET)
Table 'Dabih II' 9-max Seat #9 is the button
Seat 1: xfactor712 ($37.90 in chips) 
Seat 2: Homer079 ($22.95 in chips) 
Seat 3: ptpraw ($15.95 in chips) 
Seat 4: Alameda22 ($24.40 in chips) 
Seat 5: DanGTYJ ($18.75 in chips) 
Seat 6: robinwhy ($29.75 in chips) 
Seat 7: pomuc ($3.45 in chips) 
Seat 8: MollynLee05 ($24.70 in chips) 
Seat 9: sundro78 ($19.30 in chips) 
xfactor712: posts small blind $0.10
Homer079: posts big blind $0.25
*** HOLE CARDS ***
Dealt to Alameda22 [Tc Td]
ptpraw: folds 
Alameda22: raises $0.75 to $1
DanGTYJ: folds 
robinwhy: folds 
pomuc: folds 
MollynLee05: folds 
sundro78: folds 
xfactor712: folds 
Homer079: folds 
Uncalled bet ($0.75) returned to Alameda22
Alameda22 collected $0.60 from pot
Alameda22: doesn't show hand 
*** SUMMARY ***
Total pot $0.60 | Rake $0 
Seat 1: xfactor712 (small blind) folded before Flop
Seat 2: Homer079 (big blind) folded before Flop
Seat 3: ptpraw folded before Flop (didn't bet)
Seat 4: Alameda22 collected ($0.60)
Seat 5: DanGTYJ folded before Flop (didn't bet)
Seat 6: robinwhy folded before Flop (didn't bet)
Seat 7: pomuc folded before Flop (didn't bet)
Seat 8: MollynLee05 folded before Flop (didn't bet)
Seat 9: sundro78 (button) folded before Flop (didn't bet)



PokerStars Game #20022527187:  Hold'em No Limit ($0.10/$0.25) - 2008/08/30 - 18:24:41 (ET)
Table 'Dabih II' 9-max Seat #1 is the button
Seat 1: xfactor712 ($37.80 in chips) 
Seat 2: Homer079 ($22.70 in chips) 
Seat 3: ptpraw ($15.95 in chips) 
Seat 4: Alameda22 ($24.75 in chips) 
Seat 5: DanGTYJ ($18.75 in chips) 
Seat 6: robinwhy ($29.75 in chips) 
Seat 7: pomuc ($3.45 in chips) 
Seat 8: MollynLee05 ($24.70 in chips) 
Seat 9: sundro78 ($19.30 in chips) 
Homer079: posts small blind $0.10
ptpraw: posts big blind $0.25
*** HOLE CARDS ***
Dealt to Alameda22 [6c 9h]
Alameda22: folds 
DanGTYJ: folds 
robinwhy: folds 
pomuc: folds 
MollynLee05: folds 
sundro78: folds 
xfactor712: calls $0.25
Homer079: folds 
ptpraw: checks 
*** FLOP *** [9d 9c 7d]
ptpraw: checks 
xfactor712: bets $0.25
ptpraw: calls $0.25
*** TURN *** [9d 9c 7d] [3s]
ptpraw: checks 
xfactor712: bets $1
ptpraw: calls $1
*** RIVER *** [9d 9c 7d 3s] [5d]
ptpraw: checks 
xfactor712: bets $5.75
ptpraw: folds 
Uncalled bet ($5.75) returned to xfactor712
xfactor712 collected $2.95 from pot
xfactor712: doesn't show hand 
*** SUMMARY ***
Total pot $3.10 | Rake $0.15 
Board [9d 9c 7d 3s 5d]
Seat 1: xfactor712 (button) collected ($2.95)
Seat 2: Homer079 (small blind) folded before Flop
Seat 3: ptpraw (big blind) folded on the River
Seat 4: Alameda22 folded before Flop (didn't bet)
Seat 5: DanGTYJ folded before Flop (didn't bet)
Seat 6: robinwhy folded before Flop (didn't bet)
Seat 7: pomuc folded before Flop (didn't bet)
Seat 8: MollynLee05 folded before Flop (didn't bet)
Seat 9: sundro78 folded before Flop (didn't bet)



PokerStars Game #20022559089:  Hold'em No Limit ($0.10/$0.25) - 2008/08/30 - 18:26:08 (ET)
Table 'Dabih II' 9-max Seat #2 is the button
Seat 1: xfactor712 ($39.25 in chips) 
Seat 2: Homer079 ($22.60 in chips) 
Seat 3: ptpraw ($14.45 in chips) 
Seat 4: Alameda22 ($24.75 in chips) 
Seat 5: DanGTYJ ($18.75 in chips) 
Seat 6: robinwhy ($29.75 in chips) 
Seat 7: pomuc ($3.45 in chips) 
Seat 8: MollynLee05 ($24.70 in chips) 
Seat 9: sundro78 ($19.30 in chips) 
ptpraw: posts small blind $0.10
Alameda22: posts big blind $0.25
*** HOLE CARDS ***
Dealt to Alameda22 [Qh 5c]
DanGTYJ: folds 
robinwhy: folds 
pomuc: folds 
MollynLee05: folds 
sundro78: folds 
DanGTYJ leaves the table
xfactor712: folds 
Homer079: folds 
ptpraw: calls $0.15
Alameda22: checks 
*** FLOP *** [4s Kh Qd]
ptpraw: checks 
Alameda22: checks 
*** TURN *** [4s Kh Qd] [7h]
ptpraw: checks 
Alameda22: checks 
*** RIVER *** [4s Kh Qd 7h] [9d]
ptpraw: checks 
Alameda22: checks 
*** SHOW DOWN ***
ptpraw: shows [Tc 8c] (high card King)
Alameda22: shows [Qh 5c] (a pair of Queens)
Alameda22 collected $0.50 from pot
*** SUMMARY ***
Total pot $0.50 | Rake $0 
Board [4s Kh Qd 7h 9d]
Seat 1: xfactor712 folded before Flop (didn't bet)
Seat 2: Homer079 (button) folded before Flop (didn't bet)
Seat 3: ptpraw (small blind) showed [Tc 8c] and lost with high card King
Seat 4: Alameda22 (big blind) showed [Qh 5c] and won ($0.50) with a pair of Queens
Seat 5: DanGTYJ folded before Flop (didn't bet)
Seat 6: robinwhy folded before Flop (didn't bet)
Seat 7: pomuc folded before Flop (didn't bet)
Seat 8: MollynLee05 folded before Flop (didn't bet)
Seat 9: sundro78 folded before Flop (didn't bet)



PokerStars Game #20022581340:  Hold'em No Limit ($0.10/$0.25) - 2008/08/30 - 18:27:09 (ET)
Table 'Dabih II' 9-max Seat #3 is the button
Seat 1: xfactor712 ($39.25 in chips) 
Seat 2: Homer079 ($22.60 in chips) 
Seat 3: ptpraw ($14.20 in chips) 
Seat 4: Alameda22 ($25 in chips) 
Seat 6: robinwhy ($29.75 in chips) 
Seat 7: pomuc ($3.45 in chips) 
Seat 8: MollynLee05 ($24.70 in chips) 
Seat 9: sundro78 ($19.30 in chips) 
Alameda22: posts small blind $0.10
robinwhy: posts big blind $0.25
*** HOLE CARDS ***
Dealt to Alameda22 [6d Td]
pomuc: folds 
MollynLee05: folds 
sundro78: folds 
noid1963 joins the table at seat #5 
xfactor712: calls $0.25
Homer079: folds 
ptpraw: calls $0.25
Alameda22: folds 
robinwhy: checks 
*** FLOP *** [7h Jd Ts]
robinwhy: checks 
xfactor712: bets $0.50
ptpraw: folds 
robinwhy: folds 
Uncalled bet ($0.50) returned to xfactor712
xfactor712 collected $0.85 from pot
xfactor712: doesn't show hand 
*** SUMMARY ***
Total pot $0.85 | Rake $0 
Board [7h Jd Ts]
Seat 1: xfactor712 collected ($0.85)
Seat 2: Homer079 folded before Flop (didn't bet)
Seat 3: ptpraw (button) folded on the Flop
Seat 4: Alameda22 (small blind) folded before Flop
Seat 6: robinwhy (big blind) folded on the Flop
Seat 7: pomuc folded before Flop (didn't bet)
Seat 8: MollynLee05 folded before Flop (didn't bet)
Seat 9: sundro78 folded before Flop (didn't bet)



PokerStars Game #20022609961:  Hold'em No Limit ($0.10/$0.25) - 2008/08/30 - 18:28:28 (ET)
Table 'Dabih II' 9-max Seat #4 is the button
Seat 1: xfactor712 ($39.85 in chips) 
Seat 2: Homer079 ($22.60 in chips) 
Seat 3: ptpraw ($13.95 in chips) 
Seat 4: Alameda22 ($24.90 in chips) 
Seat 6: robinwhy ($29.50 in chips) 
Seat 7: pomuc ($3.45 in chips) 
Seat 8: MollynLee05 ($24.70 in chips) 
Seat 9: sundro78 ($19.30 in chips) 
noid1963 will be allowed to play after the button
robinwhy: posts small blind $0.10
pomuc: posts big blind $0.25
*** HOLE CARDS ***
Dealt to Alameda22 [Kh 3c]
MollynLee05: folds 
sundro78: folds 
xfactor712: folds 
Homer079: raises $0.50 to $0.75
ptpraw: folds 
Alameda22: folds 
robinwhy: folds 
pomuc: folds 
Uncalled bet ($0.50) returned to Homer079
Homer079 collected $0.60 from pot
Homer079: doesn't show hand 
*** SUMMARY ***
Total pot $0.60 | Rake $0 
Seat 1: xfactor712 folded before Flop (didn't bet)
Seat 2: Homer079 collected ($0.60)
Seat 3: ptpraw folded before Flop (didn't bet)
Seat 4: Alameda22 (button) folded before Flop (didn't bet)
Seat 6: robinwhy (small blind) folded before Flop
Seat 7: pomuc (big blind) folded before Flop
Seat 8: MollynLee05 folded before Flop (didn't bet)
Seat 9: sundro78 folded before Flop (didn't bet)



PokerStars Game #20022625840:  Hold'em No Limit ($0.10/$0.25) - 2008/08/30 - 18:29:12 (ET)
Table 'Dabih II' 9-max Seat #6 is the button
Seat 1: xfactor712 ($39.85 in chips) 
Seat 2: Homer079 ($22.95 in chips) 
Seat 3: ptpraw ($13.95 in chips) 
Seat 4: Alameda22 ($24.90 in chips) 
Seat 5: noid1963 ($5 in chips) 
Seat 6: robinwhy ($29.40 in chips) 
Seat 7: pomuc ($3.20 in chips) 
Seat 8: MollynLee05 ($24.70 in chips) 
Seat 9: sundro78 ($19.30 in chips) 
pomuc: posts small blind $0.10
MollynLee05: posts big blind $0.25
noid1963: posts big blind $0.25
*** HOLE CARDS ***
Dealt to Alameda22 [3s Qc]
sundro78: folds 
xfactor712: raises $0.25 to $0.50
Homer079: folds 
ptpraw: folds 
Alameda22: folds 
noid1963: folds 
robinwhy: folds 
pomuc: folds 
MollynLee05: calls $0.25
*** FLOP *** [2s 5s 4d]
MollynLee05: bets $0.75
xfactor712: raises $1.50 to $2.25
MollynLee05: calls $1.50
*** TURN *** [2s 5s 4d] [7c]
MollynLee05: bets $2.75
xfactor712: folds 
Uncalled bet ($2.75) returned to MollynLee05
MollynLee05 collected $5.60 from pot
MollynLee05: doesn't show hand 
*** SUMMARY ***
Total pot $5.85 | Rake $0.25 
Board [2s 5s 4d 7c]
Seat 1: xfactor712 folded on the Turn
Seat 2: Homer079 folded before Flop (didn't bet)
Seat 3: ptpraw folded before Flop (didn't bet)
Seat 4: Alameda22 folded before Flop (didn't bet)
Seat 5: noid1963 folded before Flop
Seat 6: robinwhy (button) folded before Flop (didn't bet)
Seat 7: pomuc (small blind) folded before Flop
Seat 8: MollynLee05 (big blind) collected ($5.60)
Seat 9: sundro78 folded before Flop (didn't bet)



PokerStars Game #20022651266:  Hold'em No Limit ($0.10/$0.25) - 2008/08/30 - 18:30:22 (ET)
Table 'Dabih II' 9-max Seat #7 is the button
Seat 1: xfactor712 ($37.10 in chips) 
Seat 2: Homer079 ($22.95 in chips) 
Seat 3: ptpraw ($13.95 in chips) 
Seat 4: Alameda22 ($24.90 in chips) 
Seat 5: noid1963 ($4.75 in chips) 
Seat 6: robinwhy ($29.40 in chips) 
Seat 7: pomuc ($3.10 in chips) 
Seat 8: MollynLee05 ($27.55 in chips) 
Seat 9: sundro78 ($19.30 in chips) 
MollynLee05: posts small blind $0.10
sundro78: posts big blind $0.25
*** HOLE CARDS ***
Dealt to Alameda22 [Kh Th]
xfactor712: folds 
Homer079: folds 
ptpraw: calls $0.25
Alameda22: folds 
noid1963: calls $0.25
robinwhy: calls $0.25
pomuc: folds 
MollynLee05: folds 
sundro78: checks 
*** FLOP *** [6c Td 2d]
sundro78: checks 
ptpraw: checks 
noid1963: checks 
robinwhy: checks 
*** TURN *** [6c Td 2d] [Jh]
sundro78: checks 
ptpraw: bets $0.50
noid1963: folds 
robinwhy: calls $0.50
sundro78: folds 
*** RIVER *** [6c Td 2d Jh] [Tc]
ptpraw: checks 
robinwhy: checks 
*** SHOW DOWN ***
ptpraw: shows [Qh 8h] (a pair of Tens)
robinwhy: shows [6s 5s] (two pair, Tens and Sixes)
robinwhy collected $2 from pot
*** SUMMARY ***
Total pot $2.10 | Rake $0.10 
Board [6c Td 2d Jh Tc]
Seat 1: xfactor712 folded before Flop (didn't bet)
Seat 2: Homer079 folded before Flop (didn't bet)
Seat 3: ptpraw showed [Qh 8h] and lost with a pair of Tens
Seat 4: Alameda22 folded before Flop (didn't bet)
Seat 5: noid1963 folded on the Turn
Seat 6: robinwhy showed [6s 5s] and won ($2) with two pair, Tens and Sixes
Seat 7: pomuc (button) folded before Flop (didn't bet)
Seat 8: MollynLee05 (small blind) folded before Flop
Seat 9: sundro78 (big blind) folded on the Turn



PokerStars Game #20022677018:  Hold'em No Limit ($0.10/$0.25) - 2008/08/30 - 18:31:33 (ET)
Table 'Dabih II' 9-max Seat #8 is the button
Seat 1: xfactor712 ($37.10 in chips) 
Seat 2: Homer079 ($22.95 in chips) 
Seat 3: ptpraw ($13.20 in chips) 
Seat 4: Alameda22 ($24.90 in chips) 
Seat 5: noid1963 ($4.50 in chips) 
Seat 6: robinwhy ($30.65 in chips) 
Seat 7: pomuc ($3.10 in chips) 
Seat 8: MollynLee05 ($27.45 in chips) 
Seat 9: sundro78 ($19.05 in chips) 
sundro78: posts small blind $0.10
xfactor712: posts big blind $0.25
*** HOLE CARDS ***
Dealt to Alameda22 [7s As]
Homer079: folds 
ptpraw: calls $0.25
Alameda22: folds 
noid1963 is disconnected 
noid1963 is connected 
noid1963: calls $0.25
robinwhy: folds 
pomuc: folds 
MollynLee05: folds 
sundro78: calls $0.15
xfactor712: checks 
*** FLOP *** [2d 3h 6c]
sundro78: checks 
xfactor712: bets $1.50
ptpraw: folds 
noid1963: folds 
sundro78: folds 
Uncalled bet ($1.50) returned to xfactor712
xfactor712 collected $0.95 from pot
xfactor712: doesn't show hand 
*** SUMMARY ***
Total pot $1 | Rake $0.05 
Board [2d 3h 6c]
Seat 1: xfactor712 (big blind) collected ($0.95)
Seat 2: Homer079 folded before Flop (didn't bet)
Seat 3: ptpraw folded on the Flop
Seat 4: Alameda22 folded before Flop (didn't bet)
Seat 5: noid1963 folded on the Flop
Seat 6: robinwhy folded before Flop (didn't bet)
Seat 7: pomuc folded before Flop (didn't bet)
Seat 8: MollynLee05 (button) folded before Flop (didn't bet)
Seat 9: sundro78 (small blind) folded on the Flop



PokerStars Game #20022706690:  Hold'em No Limit ($0.10/$0.25) - 2008/08/30 - 18:32:56 (ET)
Table 'Dabih II' 9-max Seat #9 is the button
Seat 1: xfactor712 ($37.80 in chips) 
Seat 2: Homer079 ($22.95 in chips) 
Seat 3: ptpraw ($12.95 in chips) 
Seat 4: Alameda22 ($24.90 in chips) 
Seat 5: noid1963 ($4.25 in chips) 
Seat 6: robinwhy ($30.65 in chips) 
Seat 7: pomuc ($3.10 in chips) 
Seat 8: MollynLee05 ($27.45 in chips) 
Seat 9: sundro78 ($18.80 in chips) 
xfactor712: posts small blind $0.10
Homer079: posts big blind $0.25
*** HOLE CARDS ***
Dealt to Alameda22 [7s Ad]
ptpraw: calls $0.25
Alameda22: folds 
noid1963: raises $0.25 to $0.50
robinwhy: folds 
pomuc: folds 
MollynLee05: calls $0.50
sundro78: folds 
xfactor712: folds 
Homer079: calls $0.25
ptpraw: calls $0.25
*** FLOP *** [8c 9s 8s]
Homer079: checks 
ptpraw: bets $2
noid1963: folds 
MollynLee05: calls $2
Homer079: folds 
*** TURN *** [8c 9s 8s] [4h]
ptpraw: bets $2
MollynLee05: raises $2 to $4
ptpraw: calls $2
*** RIVER *** [8c 9s 8s 4h] [8h]
ptpraw: bets $6.45 and is all-in
MollynLee05: calls $6.45
*** SHOW DOWN ***
ptpraw: shows [3d 3h] (a full house, Eights full of Threes)
MollynLee05: shows [Kh 9h] (a full house, Eights full of Nines)
MollynLee05 collected $25.70 from pot
*** SUMMARY ***
Total pot $27 | Rake $1.30 
Board [8c 9s 8s 4h 8h]
Seat 1: xfactor712 (small blind) folded before Flop
Seat 2: Homer079 (big blind) folded on the Flop
Seat 3: ptpraw showed [3d 3h] and lost with a full house, Eights full of Threes
Seat 4: Alameda22 folded before Flop (didn't bet)
Seat 5: noid1963 folded on the Flop
Seat 6: robinwhy folded before Flop (didn't bet)
Seat 7: pomuc folded before Flop (didn't bet)
Seat 8: MollynLee05 showed [Kh 9h] and won ($25.70) with a full house, Eights full of Nines
Seat 9: sundro78 (button) folded before Flop (didn't bet)



PokerStars Game #20022735923:  Hold'em No Limit ($0.10/$0.25) - 2008/08/30 - 18:34:18 (ET)
Table 'Dabih II' 9-max Seat #1 is the button
Seat 1: xfactor712 ($37.70 in chips) 
Seat 2: Homer079 ($22.45 in chips) 
Seat 4: Alameda22 ($24.90 in chips) 
Seat 5: noid1963 ($3.75 in chips) 
Seat 6: robinwhy ($30.65 in chips) 
Seat 7: pomuc ($3.10 in chips) 
Seat 8: MollynLee05 ($40.20 in chips) 
Seat 9: sundro78 ($18.80 in chips) 
Homer079: posts small blind $0.10
Alameda22: posts big blind $0.25
*** HOLE CARDS ***
Dealt to Alameda22 [5s 9h]
noid1963: calls $0.25
robinwhy: raises $0.75 to $1
pomuc: folds 
MollynLee05: folds 
sundro78: folds 
pomuc leaves the table
ptpraw leaves the table
xfactor712: folds 
Homer079: folds 
Alameda22: folds 
noid1963: calls $0.75
*** FLOP *** [9c 4h 5c]
noid1963: checks 
robinwhy: bets $1.50
noid1963: folds 
Uncalled bet ($1.50) returned to robinwhy
robinwhy collected $2.25 from pot
robinwhy: doesn't show hand 
*** SUMMARY ***
Total pot $2.35 | Rake $0.10 
Board [9c 4h 5c]
Seat 1: xfactor712 (button) folded before Flop (didn't bet)
Seat 2: Homer079 (small blind) folded before Flop
Seat 4: Alameda22 (big blind) folded before Flop
Seat 5: noid1963 folded on the Flop
Seat 6: robinwhy collected ($2.25)
Seat 7: pomuc folded before Flop (didn't bet)
Seat 8: MollynLee05 folded before Flop (didn't bet)
Seat 9: sundro78 folded before Flop (didn't bet)



PokerStars Game #20022751974:  Hold'em No Limit ($0.10/$0.25) - 2008/08/30 - 18:35:03 (ET)
Table 'Dabih II' 9-max Seat #2 is the button
Seat 1: xfactor712 ($37.70 in chips) 
Seat 2: Homer079 ($22.35 in chips) 
Seat 4: Alameda22 ($24.65 in chips) 
Seat 5: noid1963 ($2.75 in chips) 
Seat 6: robinwhy ($31.90 in chips) 
Seat 8: MollynLee05 ($40.20 in chips) 
Seat 9: sundro78 ($18.80 in chips) 
Alameda22: posts small blind $0.10
noid1963: posts big blind $0.25
*** HOLE CARDS ***
Dealt to Alameda22 [6d Ks]
robinwhy: folds 
MollynLee05: folds 
sundro78: folds 
xfactor712: folds 
Homer079: folds 
Alameda22: folds 
Uncalled bet ($0.15) returned to noid1963
noid1963 collected $0.20 from pot
*** SUMMARY ***
Total pot $0.20 | Rake $0 
Seat 1: xfactor712 folded before Flop (didn't bet)
Seat 2: Homer079 (button) folded before Flop (didn't bet)
Seat 4: Alameda22 (small blind) folded before Flop
Seat 5: noid1963 (big blind) collected ($0.20)
Seat 6: robinwhy folded before Flop (didn't bet)
Seat 8: MollynLee05 folded before Flop (didn't bet)
Seat 9: sundro78 folded before Flop (didn't bet)



PokerStars Game #20022759399:  Hold'em No Limit ($0.10/$0.25) - 2008/08/30 - 18:35:24 (ET)
Table 'Dabih II' 9-max Seat #4 is the button
Seat 1: xfactor712 ($37.70 in chips) 
Seat 2: Homer079 ($22.35 in chips) 
Seat 4: Alameda22 ($24.55 in chips) 
Seat 5: noid1963 ($2.85 in chips) 
Seat 6: robinwhy ($31.90 in chips) 
Seat 8: MollynLee05 ($40.20 in chips) 
Seat 9: sundro78 ($18.80 in chips) 
noid1963: posts small blind $0.10
robinwhy: posts big blind $0.25
*** HOLE CARDS ***
Dealt to Alameda22 [3s 5d]
MollynLee05: folds 
sundro78: calls $0.25
xfactor712: raises $0.25 to $0.50
Homer079: folds 
Alameda22: folds 
noid1963: calls $0.40
robinwhy: folds 
sundro78: calls $0.25
*** FLOP *** [Tc 2h Qh]
noid1963: checks 
sundro78: checks 
xfactor712: checks 
*** TURN *** [Tc 2h Qh] [7s]
noid1963: checks 
sundro78: checks 
xfactor712: checks 
*** RIVER *** [Tc 2h Qh 7s] [Qc]
noid1963: checks 
sundro78: checks 
xfactor712: checks 
*** SHOW DOWN ***
noid1963: shows [Td Jd] (two pair, Queens and Tens)
sundro78: mucks hand 
xfactor712: mucks hand 
noid1963 collected $1.70 from pot
*** SUMMARY ***
Total pot $1.75 | Rake $0.05 
Board [Tc 2h Qh 7s Qc]
Seat 1: xfactor712 mucked [Kd As]
Seat 2: Homer079 folded before Flop (didn't bet)
Seat 4: Alameda22 (button) folded before Flop (didn't bet)
Seat 5: noid1963 (small blind) showed [Td Jd] and won ($1.70) with two pair, Queens and Tens
Seat 6: robinwhy (big blind) folded before Flop
Seat 8: MollynLee05 folded before Flop (didn't bet)
Seat 9: sundro78 mucked [6d 6c]



PokerStars Game #20022785066:  Hold'em No Limit ($0.10/$0.25) - 2008/08/30 - 18:36:36 (ET)
Table 'Dabih II' 9-max Seat #5 is the button
Seat 1: xfactor712 ($37.20 in chips) 
Seat 2: Homer079 ($22.35 in chips) 
Seat 4: Alameda22 ($24.55 in chips) 
Seat 5: noid1963 ($4.05 in chips) 
Seat 6: robinwhy ($31.65 in chips) 
Seat 8: MollynLee05 ($40.20 in chips) 
Seat 9: sundro78 ($18.30 in chips) 
robinwhy: posts small blind $0.10
MollynLee05: posts big blind $0.25
*** HOLE CARDS ***
Dealt to Alameda22 [8c 6c]
sundro78: folds 
xfactor712: calls $0.25
Homer079: folds 
Alameda22: folds 
noid1963: folds 
robinwhy: calls $0.15
MollynLee05: checks 
*** FLOP *** [Tc 7c 3s]
robinwhy: checks 
MollynLee05: checks 
xfactor712: bets $0.75
robinwhy: folds 
MollynLee05: folds 
Uncalled bet ($0.75) returned to xfactor712
xfactor712 collected $0.75 from pot
xfactor712: doesn't show hand 
*** SUMMARY ***
Total pot $0.75 | Rake $0 
Board [Tc 7c 3s]
Seat 1: xfactor712 collected ($0.75)
Seat 2: Homer079 folded before Flop (didn't bet)
Seat 4: Alameda22 folded before Flop (didn't bet)
Seat 5: noid1963 (button) folded before Flop (didn't bet)
Seat 6: robinwhy (small blind) folded on the Flop
Seat 8: MollynLee05 (big blind) folded on the Flop
Seat 9: sundro78 folded before Flop (didn't bet)



PokerStars Game #20022798944:  Hold'em No Limit ($0.10/$0.25) - 2008/08/30 - 18:37:14 (ET)
Table 'Dabih II' 9-max Seat #6 is the button
Seat 1: xfactor712 ($37.70 in chips) 
Seat 2: Homer079 ($22.35 in chips) 
Seat 4: Alameda22 ($24.55 in chips) 
Seat 5: noid1963 ($4.05 in chips) 
Seat 6: robinwhy ($31.40 in chips) 
Seat 8: MollynLee05 ($39.95 in chips) 
Seat 9: sundro78 ($18.30 in chips) 
MollynLee05: posts small blind $0.10
sundro78: posts big blind $0.25
*** HOLE CARDS ***
Dealt to Alameda22 [Ad 5s]
xfactor712: calls $0.25
Homer079: folds 
Alameda22: folds 
noid1963: calls $0.25
robinwhy: folds 
MollynLee05: folds 
sundro78: checks 
*** FLOP *** [6d Kh 9s]
sundro78: checks 
xfactor712: checks 
noid1963: checks 
*** TURN *** [6d Kh 9s] [5d]
ctmaine joins the table at seat #3 
sundro78: checks 
xfactor712: bets $0.25
noid1963: calls $0.25
sundro78: folds 
*** RIVER *** [6d Kh 9s 5d] [7c]
justDgmt joins the table at seat #7 
xfactor712: checks 
noid1963: checks 
*** SHOW DOWN ***
xfactor712: shows [As Ts] (high card Ace)
noid1963: shows [Qc Qs] (a pair of Queens)
noid1963 collected $1.30 from pot
*** SUMMARY ***
Total pot $1.35 | Rake $0.05 
Board [6d Kh 9s 5d 7c]
Seat 1: xfactor712 showed [As Ts] and lost with high card Ace
Seat 2: Homer079 folded before Flop (didn't bet)
Seat 4: Alameda22 folded before Flop (didn't bet)
Seat 5: noid1963 showed [Qc Qs] and won ($1.30) with a pair of Queens
Seat 6: robinwhy (button) folded before Flop (didn't bet)
Seat 8: MollynLee05 (small blind) folded before Flop
Seat 9: sundro78 (big blind) folded on the Turn



PokerStars Game #20022824085:  Hold'em No Limit ($0.10/$0.25) - 2008/08/30 - 18:38:24 (ET)
Table 'Dabih II' 9-max Seat #8 is the button
Seat 1: xfactor712 ($37.20 in chips) 
Seat 2: Homer079 ($22.35 in chips) 
Seat 3: ctmaine ($15 in chips) 
Seat 4: Alameda22 ($24.55 in chips) 
Seat 5: noid1963 ($4.85 in chips) 
Seat 6: robinwhy ($31.40 in chips) 
Seat 8: MollynLee05 ($39.85 in chips) 
Seat 9: sundro78 ($18.05 in chips) 
sundro78: posts small blind $0.10
xfactor712: posts big blind $0.25
ctmaine: posts big blind $0.25
justDgmt: sits out 
*** HOLE CARDS ***
Dealt to Alameda22 [8h Jc]
Homer079: folds 
ctmaine: checks 
Alameda22: folds 
noid1963: calls $0.25
robinwhy: folds 
MollynLee05: folds 
sundro78: folds 
xfactor712: checks 
*** FLOP *** [7s 8c 9s]
xfactor712: checks 
ctmaine: checks 
noid1963: bets $0.25
xfactor712: calls $0.25
ctmaine: calls $0.25
*** TURN *** [7s 8c 9s] [2c]
xfactor712: checks 
ctmaine: checks 
noid1963: bets $0.75
xfactor712: calls $0.75
ctmaine: folds 
*** RIVER *** [7s 8c 9s 2c] [6h]
xfactor712: checks 
noid1963: bets $0.50
xfactor712: folds 
Uncalled bet ($0.50) returned to noid1963
noid1963 collected $2.95 from pot
noid1963: doesn't show hand 
*** SUMMARY ***
Total pot $3.10 | Rake $0.15 
Board [7s 8c 9s 2c 6h]
Seat 1: xfactor712 (big blind) folded on the River
Seat 2: Homer079 folded before Flop (didn't bet)
Seat 3: ctmaine folded on the Turn
Seat 4: Alameda22 folded before Flop (didn't bet)
Seat 5: noid1963 collected ($2.95)
Seat 6: robinwhy folded before Flop (didn't bet)
Seat 8: MollynLee05 (button) folded before Flop (didn't bet)
Seat 9: sundro78 (small blind) folded before Flop



PokerStars Game #20022849461:  Hold'em No Limit ($0.10/$0.25) - 2008/08/30 - 18:39:33 (ET)
Table 'Dabih II' 9-max Seat #9 is the button
Seat 1: xfactor712 ($35.95 in chips) 
Seat 2: Homer079 ($22.35 in chips) 
Seat 3: ctmaine ($14.50 in chips) 
Seat 4: Alameda22 ($24.55 in chips) 
Seat 5: noid1963 ($6.55 in chips) 
Seat 6: robinwhy ($31.40 in chips) 
Seat 8: MollynLee05 ($39.85 in chips) 
Seat 9: sundro78 ($17.95 in chips) 
xfactor712: posts small blind $0.10
Homer079: posts big blind $0.25
justDgmt: sits out 
*** HOLE CARDS ***
Dealt to Alameda22 [Jh Tc]
ctmaine: calls $0.25
Alameda22: folds 
noid1963: folds 
robinwhy: calls $0.25
MollynLee05: calls $0.25
sundro78: folds 
xfactor712: calls $0.15
Homer079: checks 
*** FLOP *** [6h 8d Ah]
xfactor712: checks 
Homer079: bets $1
ctmaine: folds 
robinwhy: folds 
MollynLee05: calls $1
xfactor712: folds 
*** TURN *** [6h 8d Ah] [3s]
Homer079: bets $4
MollynLee05: calls $4
*** RIVER *** [6h 8d Ah 3s] [7c]
Homer079: bets $4
noid1963 is sitting out
MollynLee05: calls $4
*** SHOW DOWN ***
Homer079: shows [6d 6c] (three of a kind, Sixes)
MollynLee05: mucks hand 
Homer079 collected $18.35 from pot
*** SUMMARY ***
Total pot $19.25 | Rake $0.90 
Board [6h 8d Ah 3s 7c]
Seat 1: xfactor712 (small blind) folded on the Flop
Seat 2: Homer079 (big blind) showed [6d 6c] and won ($18.35) with three of a kind, Sixes
Seat 3: ctmaine folded on the Flop
Seat 4: Alameda22 folded before Flop (didn't bet)
Seat 5: noid1963 folded before Flop (didn't bet)
Seat 6: robinwhy folded on the Flop
Seat 8: MollynLee05 mucked [Th Ad]
Seat 9: sundro78 (button) folded before Flop (didn't bet)



PokerStars Game #20022873680:  Hold'em No Limit ($0.10/$0.25) - 2008/08/30 - 18:40:38 (ET)
Table 'Dabih II' 9-max Seat #1 is the button
Seat 1: xfactor712 ($35.70 in chips) 
Seat 2: Homer079 ($31.45 in chips) 
Seat 3: ctmaine ($14.25 in chips) 
Seat 4: Alameda22 ($24.55 in chips) 
Seat 6: robinwhy ($31.15 in chips) 
Seat 8: MollynLee05 ($30.60 in chips) 
Seat 9: sundro78 ($17.95 in chips) 
Homer079: posts small blind $0.10
ctmaine: posts big blind $0.25
justDgmt: sits out 
*** HOLE CARDS ***
Dealt to Alameda22 [Tc 5h]
Alameda22: folds 
robinwhy: raises $0.50 to $0.75
MollynLee05: folds 
sundro78: folds 
xfactor712: folds 
Homer079: calls $0.65
ctmaine: calls $0.50
*** FLOP *** [2c 7d 8s]
Homer079: checks 
ctmaine: checks 
robinwhy: checks 
*** TURN *** [2c 7d 8s] [5d]
Homer079: bets $1.75
ctmaine: folds 
xfactor712 leaves the table
robinwhy: folds 
Uncalled bet ($1.75) returned to Homer079
Homer079 collected $2.15 from pot
Homer079: doesn't show hand 
*** SUMMARY ***
Total pot $2.25 | Rake $0.10 
Board [2c 7d 8s 5d]
Seat 1: xfactor712 (button) folded before Flop (didn't bet)
Seat 2: Homer079 (small blind) collected ($2.15)
Seat 3: ctmaine (big blind) folded on the Turn
Seat 4: Alameda22 folded before Flop (didn't bet)
Seat 6: robinwhy folded on the Turn
Seat 8: MollynLee05 folded before Flop (didn't bet)
Seat 9: sundro78 folded before Flop (didn't bet)



PokerStars Game #20022895991:  Hold'em No Limit ($0.10/$0.25) - 2008/08/30 - 18:41:39 (ET)
Table 'Dabih II' 9-max Seat #2 is the button
Seat 2: Homer079 ($32.85 in chips) 
Seat 3: ctmaine ($13.50 in chips) 
Seat 4: Alameda22 ($24.55 in chips) 
Seat 6: robinwhy ($30.40 in chips) 
Seat 8: MollynLee05 ($30.60 in chips) 
Seat 9: sundro78 ($17.95 in chips) 
ctmaine: posts small blind $0.10
Alameda22: posts big blind $0.25
justDgmt: sits out 
*** HOLE CARDS ***
Dealt to Alameda22 [7c 8c]
robinwhy: folds 
MollynLee05: folds 
sundro78: folds 
Homer079: folds 
ctmaine: folds 
Uncalled bet ($0.15) returned to Alameda22
Alameda22 collected $0.20 from pot
Alameda22: doesn't show hand 
*** SUMMARY ***
Total pot $0.20 | Rake $0 
Seat 2: Homer079 (button) folded before Flop (didn't bet)
Seat 3: ctmaine (small blind) folded before Flop
Seat 4: Alameda22 (big blind) collected ($0.20)
Seat 6: robinwhy folded before Flop (didn't bet)
Seat 8: MollynLee05 folded before Flop (didn't bet)
Seat 9: sundro78 folded before Flop (didn't bet)



PokerStars Game #20022903118:  Hold'em No Limit ($0.10/$0.25) - 2008/08/30 - 18:41:58 (ET)
Table 'Dabih II' 9-max Seat #3 is the button
Seat 2: Homer079 ($32.85 in chips) 
Seat 3: ctmaine ($13.40 in chips) 
Seat 4: Alameda22 ($24.65 in chips) 
Seat 6: robinwhy ($30.40 in chips) 
Seat 8: MollynLee05 ($30.60 in chips) 
Seat 9: sundro78 ($17.95 in chips) 
Alameda22: posts small blind $0.10
robinwhy: posts big blind $0.25
justDgmt: sits out 
*** HOLE CARDS ***
Dealt to Alameda22 [5c 3h]
MollynLee05: folds 
sundro78: folds 
Homer079: folds 
ctmaine: calls $0.25
Alameda22: folds 
robinwhy: checks 
*** FLOP *** [2h Kc 5h]
robinwhy: checks 
ctmaine: bets $0.25
robinwhy: folds 
Uncalled bet ($0.25) returned to ctmaine
ctmaine collected $0.60 from pot
*** SUMMARY ***
Total pot $0.60 | Rake $0 
Board [2h Kc 5h]
Seat 2: Homer079 folded before Flop (didn't bet)
Seat 3: ctmaine (button) collected ($0.60)
Seat 4: Alameda22 (small blind) folded before Flop
Seat 6: robinwhy (big blind) folded on the Flop
Seat 8: MollynLee05 folded before Flop (didn't bet)
Seat 9: sundro78 folded before Flop (didn't bet)



PokerStars Game #20022920365:  Hold'em No Limit ($0.10/$0.25) - 2008/08/30 - 18:42:45 (ET)
Table 'Dabih II' 9-max Seat #4 is the button
Seat 2: Homer079 ($32.85 in chips) 
Seat 3: ctmaine ($13.75 in chips) 
Seat 4: Alameda22 ($24.55 in chips) 
Seat 6: robinwhy ($30.15 in chips) 
Seat 7: justDgmt ($25 in chips) 
Seat 8: MollynLee05 ($30.60 in chips) 
Seat 9: sundro78 ($17.95 in chips) 
robinwhy: posts small blind $0.10
justDgmt: posts big blind $0.25
*** HOLE CARDS ***
Dealt to Alameda22 [5h 3s]
MollynLee05: folds 
sundro78: folds 
Homer079: calls $0.25
ctmaine: folds 
Alameda22: folds 
robinwhy: calls $0.15
justDgmt: checks 
*** FLOP *** [5d 8c 3d]
robinwhy: checks 
justDgmt: checks 
Homer079: bets $0.75
robinwhy: folds 
justDgmt: folds 
Uncalled bet ($0.75) returned to Homer079
Homer079 collected $0.75 from pot
Homer079: doesn't show hand 
*** SUMMARY ***
Total pot $0.75 | Rake $0 
Board [5d 8c 3d]
Seat 2: Homer079 collected ($0.75)
Seat 3: ctmaine folded before Flop (didn't bet)
Seat 4: Alameda22 (button) folded before Flop (didn't bet)
Seat 6: robinwhy (small blind) folded on the Flop
Seat 7: justDgmt (big blind) folded on the Flop
Seat 8: MollynLee05 folded before Flop (didn't bet)
Seat 9: sundro78 folded before Flop (didn't bet)



PokerStars Game #20022941578:  Hold'em No Limit ($0.10/$0.25) - 2008/08/30 - 18:43:43 (ET)
Table 'Dabih II' 9-max Seat #6 is the button
Seat 2: Homer079 ($33.35 in chips) 
Seat 3: ctmaine ($13.75 in chips) 
Seat 4: Alameda22 ($24.55 in chips) 
Seat 6: robinwhy ($29.90 in chips) 
Seat 7: justDgmt ($24.75 in chips) 
Seat 8: MollynLee05 ($30.60 in chips) 
Seat 9: sundro78 ($17.95 in chips) 
justDgmt: posts small blind $0.10
MollynLee05: posts big blind $0.25
*** HOLE CARDS ***
Dealt to Alameda22 [3h Qd]
sundro78: folds 
mcceleste joins the table at seat #1 
Homer079: folds 
ctmaine: calls $0.25
Alameda22: folds 
robinwhy: folds 
justDgmt: folds 
MollynLee05: checks 
*** FLOP *** [6s 2c Ks]
MollynLee05: bets $0.75
ctmaine: calls $0.75
*** TURN *** [6s 2c Ks] [Ah]
MollynLee05: bets $0.75
ctmaine: calls $0.75
*** RIVER *** [6s 2c Ks Ah] [7s]
MollynLee05: bets $1.25
ctmaine: calls $1.25
*** SHOW DOWN ***
MollynLee05: shows [As 2s] (a flush, Ace high)
ctmaine: mucks hand 
MollynLee05 collected $5.85 from pot
*** SUMMARY ***
Total pot $6.10 | Rake $0.25 
Board [6s 2c Ks Ah 7s]
Seat 2: Homer079 folded before Flop (didn't bet)
Seat 3: ctmaine mucked [5h Kd]
Seat 4: Alameda22 folded before Flop (didn't bet)
Seat 6: robinwhy (button) folded before Flop (didn't bet)
Seat 7: justDgmt (small blind) folded before Flop
Seat 8: MollynLee05 (big blind) showed [As 2s] and won ($5.85) with a flush, Ace high
Seat 9: sundro78 folded before Flop (didn't bet)



PokerStars Game #20022959837:  Hold'em No Limit ($0.10/$0.25) - 2008/08/30 - 18:44:33 (ET)
Table 'Dabih II' 9-max Seat #7 is the button
Seat 1: mcceleste ($25 in chips) 
Seat 2: Homer079 ($33.35 in chips) 
Seat 3: ctmaine ($10.75 in chips) 
Seat 4: Alameda22 ($24.55 in chips) 
Seat 6: robinwhy ($29.90 in chips) 
Seat 7: justDgmt ($24.65 in chips) 
Seat 8: MollynLee05 ($33.45 in chips) 
Seat 9: sundro78 ($17.95 in chips) 
MollynLee05: posts small blind $0.10
sundro78: posts big blind $0.25
mcceleste: posts big blind $0.25
*** HOLE CARDS ***
Dealt to Alameda22 [6d 7c]
mcceleste: checks 
Homer079: folds 
ctmaine: folds 
Alameda22: folds 
robinwhy: calls $0.25
justDgmt: folds 
MollynLee05: calls $0.15
sundro78: checks 
*** FLOP *** [4s Js 6s]
MollynLee05: bets $1
sundro78: calls $1
mcceleste: folds 
robinwhy: calls $1
*** TURN *** [4s Js 6s] [5s]
MollynLee05: bets $1.25
sundro78: folds 
robinwhy: folds 
Uncalled bet ($1.25) returned to MollynLee05
MollynLee05 collected $3.85 from pot
MollynLee05: doesn't show hand 
*** SUMMARY ***
Total pot $4 | Rake $0.15 
Board [4s Js 6s 5s]
Seat 1: mcceleste folded on the Flop
Seat 2: Homer079 folded before Flop (didn't bet)
Seat 3: ctmaine folded before Flop (didn't bet)
Seat 4: Alameda22 folded before Flop (didn't bet)
Seat 6: robinwhy folded on the Turn
Seat 7: justDgmt (button) folded before Flop (didn't bet)
Seat 8: MollynLee05 (small blind) collected ($3.85)
Seat 9: sundro78 (big blind) folded on the Turn



PokerStars Game #20022986737:  Hold'em No Limit ($0.10/$0.25) - 2008/08/30 - 18:45:48 (ET)
Table 'Dabih II' 9-max Seat #8 is the button
Seat 1: mcceleste ($24.75 in chips) 
Seat 2: Homer079 ($33.35 in chips) 
Seat 3: ctmaine ($10.75 in chips) 
Seat 4: Alameda22 ($24.55 in chips) 
Seat 6: robinwhy ($28.65 in chips) 
Seat 7: justDgmt ($24.65 in chips) 
Seat 8: MollynLee05 ($36.05 in chips) 
Seat 9: sundro78 ($16.70 in chips) 
sundro78: posts small blind $0.10
mcceleste: posts big blind $0.25
*** HOLE CARDS ***
Dealt to Alameda22 [8d Ac]
Homer079: folds 
ctmaine: folds 
ctmaine leaves the table
Alameda22: folds 
robinwhy: folds 
justDgmt: folds 
MollynLee05: folds 
sundro78: folds 
Uncalled bet ($0.15) returned to mcceleste
mcceleste collected $0.20 from pot
*** SUMMARY ***
Total pot $0.20 | Rake $0 
Seat 1: mcceleste (big blind) collected ($0.20)
Seat 2: Homer079 folded before Flop (didn't bet)
Seat 3: ctmaine folded before Flop (didn't bet)
Seat 4: Alameda22 folded before Flop (didn't bet)
Seat 6: robinwhy folded before Flop (didn't bet)
Seat 7: justDgmt folded before Flop (didn't bet)
Seat 8: MollynLee05 (button) folded before Flop (didn't bet)
Seat 9: sundro78 (small blind) folded before Flop



PokerStars Game #20023003672:  Hold'em No Limit ($0.10/$0.25) - 2008/08/30 - 18:46:34 (ET)
Table 'Dabih II' 9-max Seat #9 is the button
Seat 1: mcceleste ($24.85 in chips) 
Seat 2: Homer079 ($33.35 in chips) 
Seat 4: Alameda22 ($24.55 in chips) 
Seat 6: robinwhy ($28.65 in chips) 
Seat 7: justDgmt ($24.65 in chips) 
Seat 8: MollynLee05 ($36.05 in chips) 
Seat 9: sundro78 ($16.60 in chips) 
mcceleste: posts small blind $0.10
Homer079: posts big blind $0.25
*** HOLE CARDS ***
Dealt to Alameda22 [4h 8c]
Alameda22: folds 
robinwhy: folds 
justDgmt: folds 
MollynLee05: folds 
sundro78: folds 
Fokkus77 joins the table at seat #3 
Fokkus77 is sitting out
mcceleste: calls $0.15
Homer079: checks 
*** FLOP *** [Ts 4s 6d]
mcceleste: checks 
Homer079: checks 
*** TURN *** [Ts 4s 6d] [7h]
mcceleste: bets $0.50
Homer079: folds 
Uncalled bet ($0.50) returned to mcceleste
mcceleste collected $0.50 from pot
*** SUMMARY ***
Total pot $0.50 | Rake $0 
Board [Ts 4s 6d 7h]
Seat 1: mcceleste (small blind) collected ($0.50)
Seat 2: Homer079 (big blind) folded on the Turn
Seat 4: Alameda22 folded before Flop (didn't bet)
Seat 6: robinwhy folded before Flop (didn't bet)
Seat 7: justDgmt folded before Flop (didn't bet)
Seat 8: MollynLee05 folded before Flop (didn't bet)
Seat 9: sundro78 (button) folded before Flop (didn't bet)



PokerStars Game #20023017223:  Hold'em No Limit ($0.10/$0.25) - 2008/08/30 - 18:47:12 (ET)
Table 'Dabih II' 9-max Seat #1 is the button
Seat 1: mcceleste ($25.10 in chips) 
Seat 2: Homer079 ($33.10 in chips) 
Seat 4: Alameda22 ($24.55 in chips) 
Seat 6: robinwhy ($28.65 in chips) 
Seat 7: justDgmt ($24.65 in chips) 
Seat 8: MollynLee05 ($36.05 in chips) 
Seat 9: sundro78 ($16.60 in chips) 
Homer079: posts small blind $0.10
Alameda22: posts big blind $0.25
*** HOLE CARDS ***
Dealt to Alameda22 [7s 3d]
robinwhy: folds 
justDgmt: folds 
MollynLee05: folds 
sundro78: folds 
mcceleste: calls $0.25
Homer079: raises $0.50 to $0.75
Alameda22: folds 
mcceleste: calls $0.50
*** FLOP *** [9c 9d 6h]
Homer079: bets $1.25
mcceleste: folds 
Uncalled bet ($1.25) returned to Homer079
Homer079 collected $1.70 from pot
Homer079: doesn't show hand 
*** SUMMARY ***
Total pot $1.75 | Rake $0.05 
Board [9c 9d 6h]
Seat 1: mcceleste (button) folded on the Flop
Seat 2: Homer079 (small blind) collected ($1.70)
Seat 4: Alameda22 (big blind) folded before Flop
Seat 6: robinwhy folded before Flop (didn't bet)
Seat 7: justDgmt folded before Flop (didn't bet)
Seat 8: MollynLee05 folded before Flop (didn't bet)
Seat 9: sundro78 folded before Flop (didn't bet)



PokerStars Game #20023036789:  Hold'em No Limit ($0.10/$0.25) - 2008/08/30 - 18:48:05 (ET)
Table 'Dabih II' 9-max Seat #2 is the button
Seat 1: mcceleste ($24.35 in chips) 
Seat 2: Homer079 ($34.05 in chips) 
Seat 4: Alameda22 ($24.30 in chips) 
Seat 6: robinwhy ($28.65 in chips) 
Seat 7: justDgmt ($24.65 in chips) 
Seat 8: MollynLee05 ($36.05 in chips) 
Seat 9: sundro78 ($16.60 in chips) 
Alameda22: posts small blind $0.10
robinwhy: posts big blind $0.25
*** HOLE CARDS ***
Dealt to Alameda22 [Ks Tc]
justDgmt: folds 
MollynLee05: folds 
sundro78: folds 
mcceleste: calls $0.25
Homer079: folds 
Alameda22: folds 
robinwhy: checks 
*** FLOP *** [5s 6s Kh]
robinwhy: bets $0.50
mcceleste: calls $0.50
*** TURN *** [5s 6s Kh] [3d]
robinwhy: bets $0.50
mcceleste: calls $0.50
*** RIVER *** [5s 6s Kh 3d] [Ad]
robinwhy: checks 
mcceleste: checks 
*** SHOW DOWN ***
robinwhy: shows [7c 7h] (a pair of Sevens)
mcceleste: mucks hand 
robinwhy collected $2.50 from pot
*** SUMMARY ***
Total pot $2.60 | Rake $0.10 
Board [5s 6s Kh 3d Ad]
Seat 1: mcceleste mucked [4h 4c]
Seat 2: Homer079 (button) folded before Flop (didn't bet)
Seat 4: Alameda22 (small blind) folded before Flop
Seat 6: robinwhy (big blind) showed [7c 7h] and won ($2.50) with a pair of Sevens
Seat 7: justDgmt folded before Flop (didn't bet)
Seat 8: MollynLee05 folded before Flop (didn't bet)
Seat 9: sundro78 folded before Flop (didn't bet)



PokerStars Game #20023059269:  Hold'em No Limit ($0.10/$0.25) - 2008/08/30 - 18:49:06 (ET)
Table 'Dabih II' 9-max Seat #4 is the button
Seat 1: mcceleste ($23.10 in chips) 
Seat 2: Homer079 ($34.05 in chips) 
Seat 4: Alameda22 ($24.20 in chips) 
Seat 6: robinwhy ($29.90 in chips) 
Seat 7: justDgmt ($24.65 in chips) 
Seat 8: MollynLee05 ($36.05 in chips) 
Seat 9: sundro78 ($16.60 in chips) 
robinwhy: posts small blind $0.10
justDgmt: posts big blind $0.25
*** HOLE CARDS ***
Dealt to Alameda22 [Ah 8c]
MollynLee05: folds 
sundro78: raises $0.50 to $0.75
mcceleste: folds 
Homer079: folds 
Alameda22: folds 
robinwhy: folds 
justDgmt: folds 
Uncalled bet ($0.50) returned to sundro78
sundro78 collected $0.60 from pot
sundro78: doesn't show hand 
*** SUMMARY ***
Total pot $0.60 | Rake $0 
Seat 1: mcceleste folded before Flop (didn't bet)
Seat 2: Homer079 folded before Flop (didn't bet)
Seat 4: Alameda22 (button) folded before Flop (didn't bet)
Seat 6: robinwhy (small blind) folded before Flop
Seat 7: justDgmt (big blind) folded before Flop
Seat 8: MollynLee05 folded before Flop (didn't bet)
Seat 9: sundro78 collected ($0.60)



PokerStars Game #20023072943:  Hold'em No Limit ($0.10/$0.25) - 2008/08/30 - 18:49:44 (ET)
Table 'Dabih II' 9-max Seat #6 is the button
Seat 1: mcceleste ($23.10 in chips) 
Seat 2: Homer079 ($34.05 in chips) 
Seat 4: Alameda22 ($24.20 in chips) 
Seat 6: robinwhy ($29.80 in chips) 
Seat 7: justDgmt ($24.40 in chips) 
Seat 8: MollynLee05 ($36.05 in chips) 
Seat 9: sundro78 ($16.95 in chips) 
justDgmt: posts small blind $0.10
MollynLee05: posts big blind $0.25
*** HOLE CARDS ***
Dealt to Alameda22 [5s 5h]
sundro78: calls $0.25
Fokkus77 has returned
mcceleste: calls $0.25
Homer079: calls $0.25
Alameda22: folds 
robinwhy: folds 
justDgmt: folds 
MollynLee05: checks 
*** FLOP *** [6c 3s Jd]
MollynLee05: checks 
noid1963 has returned
sundro78: checks 
mcceleste: checks 
Homer079: checks 
*** TURN *** [6c 3s Jd] [6d]
MollynLee05: bets $0.75
sundro78: calls $0.75
mcceleste: folds 
Homer079: folds 
*** RIVER *** [6c 3s Jd 6d] [3h]
MollynLee05: bets $1.25
sundro78: raises $14.70 to $15.95 and is all-in
MollynLee05: folds 
Uncalled bet ($14.70) returned to sundro78
sundro78 collected $4.85 from pot
sundro78: doesn't show hand 
*** SUMMARY ***
Total pot $5.10 | Rake $0.25 
Board [6c 3s Jd 6d 3h]
Seat 1: mcceleste folded on the Turn
Seat 2: Homer079 folded on the Turn
Seat 4: Alameda22 folded before Flop (didn't bet)
Seat 6: robinwhy (button) folded before Flop (didn't bet)
Seat 7: justDgmt (small blind) folded before Flop
Seat 8: MollynLee05 (big blind) folded on the River
Seat 9: sundro78 collected ($4.85)



PokerStars Game #20023105296:  Hold'em No Limit ($0.10/$0.25) - 2008/08/30 - 18:51:13 (ET)
Table 'Dabih II' 9-max Seat #7 is the button
Seat 1: mcceleste ($22.85 in chips) 
Seat 2: Homer079 ($33.80 in chips) 
Seat 4: Alameda22 ($24.20 in chips) 
Seat 5: noid1963 ($6.55 in chips) 
Seat 6: robinwhy ($29.80 in chips) 
Seat 7: justDgmt ($25 in chips) 
Seat 8: MollynLee05 ($33.80 in chips) 
Seat 9: sundro78 ($19.55 in chips) 
MollynLee05: posts small blind $0.10
sundro78: posts big blind $0.25
Fokkus77: sits out 
noid1963: posts small & big blinds $0.35
*** HOLE CARDS ***
Dealt to Alameda22 [Qs Qc]
mcceleste: folds 
Homer079: folds 
Alameda22: raises $1 to $1.25
noid1963: folds 
robinwhy: folds 
justDgmt: folds 
MollynLee05: folds 
sundro78: folds 
Uncalled bet ($1) returned to Alameda22
Alameda22 collected $0.95 from pot
Alameda22: doesn't show hand 
*** SUMMARY ***
Total pot $0.95 | Rake $0 
Seat 1: mcceleste folded before Flop (didn't bet)
Seat 2: Homer079 folded before Flop (didn't bet)
Seat 4: Alameda22 collected ($0.95)
Seat 5: noid1963 folded before Flop
Seat 6: robinwhy folded before Flop (didn't bet)
Seat 7: justDgmt (button) folded before Flop (didn't bet)
Seat 8: MollynLee05 (small blind) folded before Flop
Seat 9: sundro78 (big blind) folded before Flop



PokerStars Game #20023125336:  Hold'em No Limit ($0.10/$0.25) - 2008/08/30 - 18:52:08 (ET)
Table 'Dabih II' 9-max Seat #8 is the button
Seat 1: mcceleste ($22.85 in chips) 
Seat 2: Homer079 ($33.80 in chips) 
Seat 4: Alameda22 ($24.90 in chips) 
Seat 5: noid1963 ($6.20 in chips) 
Seat 6: robinwhy ($29.80 in chips) 
Seat 7: justDgmt ($25 in chips) 
Seat 8: MollynLee05 ($33.70 in chips) 
Seat 9: sundro78 ($19.30 in chips) 
sundro78: posts small blind $0.10
mcceleste: posts big blind $0.25
Fokkus77: sits out 
*** HOLE CARDS ***
Dealt to Alameda22 [7c 9c]
Homer079: folds 
Alameda22: folds 
noid1963: folds 
robinwhy: folds 
justDgmt: folds 
MollynLee05: calls $0.25
sundro78: folds 
mcceleste: checks 
*** FLOP *** [Ac Qd 5c]
mcceleste: checks 
MollynLee05: bets $0.75
mcceleste: calls $0.75
*** TURN *** [Ac Qd 5c] [2h]
mcceleste: checks 
MollynLee05: checks 
*** RIVER *** [Ac Qd 5c 2h] [4c]
mcceleste: checks 
MollynLee05: checks 
*** SHOW DOWN ***
mcceleste: shows [Kh 5s] (a pair of Fives)
MollynLee05: mucks hand 
mcceleste collected $2 from pot
*** SUMMARY ***
Total pot $2.10 | Rake $0.10 
Board [Ac Qd 5c 2h 4c]
Seat 1: mcceleste (big blind) showed [Kh 5s] and won ($2) with a pair of Fives
Seat 2: Homer079 folded before Flop (didn't bet)
Seat 4: Alameda22 folded before Flop (didn't bet)
Seat 5: noid1963 folded before Flop (didn't bet)
Seat 6: robinwhy folded before Flop (didn't bet)
Seat 7: justDgmt folded before Flop (didn't bet)
Seat 8: MollynLee05 (button) mucked [9h 6s]
Seat 9: sundro78 (small blind) folded before Flop



PokerStars Game #20023146837:  Hold'em No Limit ($0.10/$0.25) - 2008/08/30 - 18:53:08 (ET)
Table 'Dabih II' 9-max Seat #9 is the button
Seat 1: mcceleste ($23.85 in chips) 
Seat 2: Homer079 ($33.80 in chips) 
Seat 4: Alameda22 ($24.90 in chips) 
Seat 5: noid1963 ($6.20 in chips) 
Seat 6: robinwhy ($29.80 in chips) 
Seat 7: justDgmt ($25 in chips) 
Seat 8: MollynLee05 ($32.70 in chips) 
Seat 9: sundro78 ($19.20 in chips) 
mcceleste: posts small blind $0.10
Homer079: posts big blind $0.25
Fokkus77: sits out 
*** HOLE CARDS ***
Dealt to Alameda22 [7h 9c]
Alameda22: folds 
noid1963: calls $0.25
robinwhy: calls $0.25
justDgmt: folds 
MollynLee05: calls $0.25
sundro78: folds 
mcceleste: calls $0.15
Homer079: checks 
*** FLOP *** [Qs 9h Ad]
mcceleste: checks 
Homer079: checks 
noid1963: checks 
robinwhy: checks 
MollynLee05: checks 
*** TURN *** [Qs 9h Ad] [6h]
mcceleste: checks 
Homer079: checks 
noid1963: checks 
robinwhy: bets $0.75
MollynLee05: calls $0.75
mcceleste: folds 
Homer079: folds 
noid1963: folds 
*** RIVER *** [Qs 9h Ad 6h] [3h]
robinwhy: checks 
MollynLee05: bets $1
robinwhy: folds 
Uncalled bet ($1) returned to MollynLee05
MollynLee05 collected $2.65 from pot
MollynLee05: doesn't show hand 
*** SUMMARY ***
Total pot $2.75 | Rake $0.10 
Board [Qs 9h Ad 6h 3h]
Seat 1: mcceleste (small blind) folded on the Turn
Seat 2: Homer079 (big blind) folded on the Turn
Seat 4: Alameda22 folded before Flop (didn't bet)
Seat 5: noid1963 folded on the Turn
Seat 6: robinwhy folded on the River
Seat 7: justDgmt folded before Flop (didn't bet)
Seat 8: MollynLee05 collected ($2.65)
Seat 9: sundro78 (button) folded before Flop (didn't bet)



PokerStars Game #20023196490:  Hold'em No Limit ($0.10/$0.25) - 2008/08/30 - 18:55:25 (ET)
Table 'Dabih II' 9-max Seat #1 is the button
Seat 1: mcceleste ($23.60 in chips) 
Seat 2: Homer079 ($33.55 in chips) 
Seat 3: Fokkus77 ($5 in chips) 
Seat 4: Alameda22 ($24.90 in chips) 
Seat 5: noid1963 ($5.95 in chips) 
Seat 6: robinwhy ($28.80 in chips) 
Seat 7: justDgmt ($25 in chips) 
Seat 8: MollynLee05 ($34.35 in chips) 
Seat 9: sundro78 ($19.20 in chips) 
Homer079: posts small blind $0.10
Fokkus77: posts big blind $0.25
*** HOLE CARDS ***
Dealt to Alameda22 [9h 7c]
Alameda22: folds 
noid1963: folds 
robinwhy: folds 
justDgmt: folds 
MollynLee05: calls $0.25
sundro78: folds 
mcceleste: folds 
Homer079: folds 
Fokkus77: checks 
*** FLOP *** [8d 4h Ad]
Fokkus77: bets $0.25
MollynLee05: raises $0.75 to $1
Fokkus77: folds 
Uncalled bet ($0.75) returned to MollynLee05
MollynLee05 collected $1.05 from pot
MollynLee05: doesn't show hand 
*** SUMMARY ***
Total pot $1.10 | Rake $0.05 
Board [8d 4h Ad]
Seat 1: mcceleste (button) folded before Flop (didn't bet)
Seat 2: Homer079 (small blind) folded before Flop
Seat 3: Fokkus77 (big blind) folded on the Flop
Seat 4: Alameda22 folded before Flop (didn't bet)
Seat 5: noid1963 folded before Flop (didn't bet)
Seat 6: robinwhy folded before Flop (didn't bet)
Seat 7: justDgmt folded before Flop (didn't bet)
Seat 8: MollynLee05 collected ($1.05)
Seat 9: sundro78 folded before Flop (didn't bet)



PokerStars Game #20023218084:  Hold'em No Limit ($0.10/$0.25) - 2008/08/30 - 18:56:25 (ET)
Table 'Dabih II' 9-max Seat #2 is the button
Seat 1: mcceleste ($23.60 in chips) 
Seat 2: Homer079 ($33.45 in chips) 
Seat 3: Fokkus77 ($4.50 in chips) 
Seat 4: Alameda22 ($24.90 in chips) 
Seat 5: noid1963 ($5.95 in chips) 
Seat 6: robinwhy ($28.80 in chips) 
Seat 7: justDgmt ($25 in chips) 
Seat 8: MollynLee05 ($34.90 in chips) 
Seat 9: sundro78 ($19.20 in chips) 
Fokkus77: posts small blind $0.10
Alameda22: posts big blind $0.25
*** HOLE CARDS ***
Dealt to Alameda22 [9h 4h]
noid1963: folds 
robinwhy: calls $0.25
justDgmt: raises $1 to $1.25
MollynLee05: folds 
sundro78: folds 
mcceleste: folds 
Homer079: folds 
Fokkus77: folds 
Alameda22: folds 
robinwhy: folds 
Uncalled bet ($1) returned to justDgmt
justDgmt collected $0.85 from pot
justDgmt: doesn't show hand 
*** SUMMARY ***
Total pot $0.85 | Rake $0 
Seat 1: mcceleste folded before Flop (didn't bet)
Seat 2: Homer079 (button) folded before Flop (didn't bet)
Seat 3: Fokkus77 (small blind) folded before Flop
Seat 4: Alameda22 (big blind) folded before Flop
Seat 5: noid1963 folded before Flop (didn't bet)
Seat 6: robinwhy folded before Flop
Seat 7: justDgmt collected ($0.85)
Seat 8: MollynLee05 folded before Flop (didn't bet)
Seat 9: sundro78 folded before Flop (didn't bet)



PokerStars Game #20023235794:  Hold'em No Limit ($0.10/$0.25) - 2008/08/30 - 18:57:14 (ET)
Table 'Dabih II' 9-max Seat #3 is the button
Seat 1: mcceleste ($23.60 in chips) 
Seat 2: Homer079 ($33.45 in chips) 
Seat 3: Fokkus77 ($4.40 in chips) 
Seat 4: Alameda22 ($24.65 in chips) 
Seat 5: noid1963 ($5.95 in chips) 
Seat 6: robinwhy ($28.55 in chips) 
Seat 7: justDgmt ($25.60 in chips) 
Seat 8: MollynLee05 ($34.90 in chips) 
Seat 9: sundro78 ($19.20 in chips) 
Alameda22: posts small blind $0.10
noid1963: posts big blind $0.25
*** HOLE CARDS ***
Dealt to Alameda22 [6s Th]
robinwhy: folds 
justDgmt: folds 
MollynLee05: folds 
sundro78: folds 
mcceleste: folds 
Homer079: folds 
Fokkus77: raises $1 to $1.25
Alameda22: folds 
noid1963: folds 
Uncalled bet ($1) returned to Fokkus77
Fokkus77 collected $0.60 from pot
Fokkus77: doesn't show hand 
*** SUMMARY ***
Total pot $0.60 | Rake $0 
Seat 1: mcceleste folded before Flop (didn't bet)
Seat 2: Homer079 folded before Flop (didn't bet)
Seat 3: Fokkus77 (button) collected ($0.60)
Seat 4: Alameda22 (small blind) folded before Flop
Seat 5: noid1963 (big blind) folded before Flop
Seat 6: robinwhy folded before Flop (didn't bet)
Seat 7: justDgmt folded before Flop (didn't bet)
Seat 8: MollynLee05 folded before Flop (didn't bet)
Seat 9: sundro78 folded before Flop (didn't bet)



PokerStars Game #20023250545:  Hold'em No Limit ($0.10/$0.25) - 2008/08/30 - 18:57:55 (ET)
Table 'Dabih II' 9-max Seat #4 is the button
Seat 1: mcceleste ($23.60 in chips) 
Seat 2: Homer079 ($33.45 in chips) 
Seat 3: Fokkus77 ($4.75 in chips) 
Seat 4: Alameda22 ($24.55 in chips) 
Seat 5: noid1963 ($5.70 in chips) 
Seat 6: robinwhy ($28.55 in chips) 
Seat 7: justDgmt ($25.60 in chips) 
Seat 8: MollynLee05 ($34.90 in chips) 
Seat 9: sundro78 ($19.20 in chips) 
noid1963: posts small blind $0.10
robinwhy: posts big blind $0.25
*** HOLE CARDS ***
Dealt to Alameda22 [Kd 3c]
justDgmt: folds 
MollynLee05: folds 
sundro78: folds 
mcceleste: folds 
Homer079: folds 
Fokkus77: folds 
Alameda22: folds 
noid1963: calls $0.15
robinwhy: checks 
*** FLOP *** [Qs 5d 4s]
noid1963: checks 
robinwhy: checks 
*** TURN *** [Qs 5d 4s] [7h]
noid1963: checks 
robinwhy: bets $0.50
noid1963: folds 
Uncalled bet ($0.50) returned to robinwhy
robinwhy collected $0.50 from pot
robinwhy: doesn't show hand 
*** SUMMARY ***
Total pot $0.50 | Rake $0 
Board [Qs 5d 4s 7h]
Seat 1: mcceleste folded before Flop (didn't bet)
Seat 2: Homer079 folded before Flop (didn't bet)
Seat 3: Fokkus77 folded before Flop (didn't bet)
Seat 4: Alameda22 (button) folded before Flop (didn't bet)
Seat 5: noid1963 (small blind) folded on the Turn
Seat 6: robinwhy (big blind) collected ($0.50)
Seat 7: justDgmt folded before Flop (didn't bet)
Seat 8: MollynLee05 folded before Flop (didn't bet)
Seat 9: sundro78 folded before Flop (didn't bet)



PokerStars Game #20023267874:  Hold'em No Limit ($0.10/$0.25) - 2008/08/30 - 18:58:44 (ET)
Table 'Dabih II' 9-max Seat #5 is the button
Seat 1: mcceleste ($23.60 in chips) 
Seat 2: Homer079 ($33.45 in chips) 
Seat 3: Fokkus77 ($4.75 in chips) 
Seat 4: Alameda22 ($24.55 in chips) 
Seat 5: noid1963 ($5.45 in chips) 
Seat 6: robinwhy ($28.80 in chips) 
Seat 7: justDgmt ($25.60 in chips) 
Seat 8: MollynLee05 ($34.90 in chips) 
Seat 9: sundro78 ($19.20 in chips) 
robinwhy: posts small blind $0.10
justDgmt: posts big blind $0.25
*** HOLE CARDS ***
Dealt to Alameda22 [Qs Qd]
MollynLee05: raises $0.50 to $0.75
sundro78: folds 
mcceleste: folds 
Homer079: folds 
Fokkus77: folds 
Alameda22: raises $2 to $2.75
noid1963: folds 
robinwhy: folds 
justDgmt: folds 
MollynLee05: calls $2
*** FLOP *** [Ts Kd 8s]
MollynLee05: checks 
Alameda22: checks 
*** TURN *** [Ts Kd 8s] [Td]
MollynLee05: bets $1.25
Alameda22: calls $1.25
*** RIVER *** [Ts Kd 8s Td] [5d]
MollynLee05: checks 
Alameda22: checks 
*** SHOW DOWN ***
MollynLee05: shows [9h 9s] (two pair, Tens and Nines)
Alameda22: shows [Qs Qd] (two pair, Queens and Tens)
Alameda22 collected $7.95 from pot
*** SUMMARY ***
Total pot $8.35 | Rake $0.40 
Board [Ts Kd 8s Td 5d]
Seat 1: mcceleste folded before Flop (didn't bet)
Seat 2: Homer079 folded before Flop (didn't bet)
Seat 3: Fokkus77 folded before Flop (didn't bet)
Seat 4: Alameda22 showed [Qs Qd] and won ($7.95) with two pair, Queens and Tens
Seat 5: noid1963 (button) folded before Flop (didn't bet)
Seat 6: robinwhy (small blind) folded before Flop
Seat 7: justDgmt (big blind) folded before Flop
Seat 8: MollynLee05 showed [9h 9s] and lost with two pair, Tens and Nines
Seat 9: sundro78 folded before Flop (didn't bet)



PokerStars Game #20023292941:  Hold'em No Limit ($0.10/$0.25) - 2008/08/30 - 18:59:55 (ET)
Table 'Dabih II' 9-max Seat #6 is the button
Seat 1: mcceleste ($23.60 in chips) 
Seat 2: Homer079 ($33.45 in chips) 
Seat 3: Fokkus77 ($4.75 in chips) 
Seat 4: Alameda22 ($28.50 in chips) 
Seat 5: noid1963 ($5.45 in chips) 
Seat 6: robinwhy ($28.70 in chips) 
Seat 7: justDgmt ($25.35 in chips) 
Seat 8: MollynLee05 ($30.90 in chips) 
Seat 9: sundro78 ($19.20 in chips) 
justDgmt: posts small blind $0.10
MollynLee05: posts big blind $0.25
*** HOLE CARDS ***
Dealt to Alameda22 [4s Qd]
sundro78: folds 
mcceleste: folds 
Homer079: folds 
Fokkus77: folds 
Alameda22: folds 
noid1963: calls $0.25
robinwhy: folds 
justDgmt: folds 
MollynLee05: checks 
*** FLOP *** [2s Jc 2c]
MollynLee05: checks 
noid1963: bets $0.25
MollynLee05: folds 
Uncalled bet ($0.25) returned to noid1963
noid1963 collected $0.60 from pot
*** SUMMARY ***
Total pot $0.60 | Rake $0 
Board [2s Jc 2c]
Seat 1: mcceleste folded before Flop (didn't bet)
Seat 2: Homer079 folded before Flop (didn't bet)
Seat 3: Fokkus77 folded before Flop (didn't bet)
Seat 4: Alameda22 folded before Flop (didn't bet)
Seat 5: noid1963 collected ($0.60)
Seat 6: robinwhy (button) folded before Flop (didn't bet)
Seat 7: justDgmt (small blind) folded before Flop
Seat 8: MollynLee05 (big blind) folded on the Flop
Seat 9: sundro78 folded before Flop (didn't bet)



PokerStars Game #20023313229:  Hold'em No Limit ($0.10/$0.25) - 2008/08/30 - 19:00:52 (ET)
Table 'Dabih II' 9-max Seat #7 is the button
Seat 1: mcceleste ($23.60 in chips) 
Seat 2: Homer079 ($33.45 in chips) 
Seat 3: Fokkus77 ($4.75 in chips) 
Seat 4: Alameda22 ($28.50 in chips) 
Seat 5: noid1963 ($5.80 in chips) 
Seat 6: robinwhy ($28.70 in chips) 
Seat 7: justDgmt ($25.25 in chips) 
Seat 8: MollynLee05 ($30.65 in chips) 
Seat 9: sundro78 ($19.20 in chips) 
MollynLee05: posts small blind $0.10
sundro78: posts big blind $0.25
*** HOLE CARDS ***
Dealt to Alameda22 [2s 8c]
mcceleste: raises $0.75 to $1
Homer079: folds 
Fokkus77: calls $1
Alameda22 is disconnected 
Alameda22 has timed out while disconnected
Alameda22: folds 
Alameda22 is sitting out
Alameda22 is connected 
noid1963: folds 
robinwhy: folds 
justDgmt: folds 
MollynLee05: folds 
sundro78: calls $0.75
*** FLOP *** [7d Tc 7s]
sundro78: checks 
MollynLee05 leaves the table
mcceleste: checks 
Fokkus77: checks 
*** TURN *** [7d Tc 7s] [3h]
sundro78: checks 
riksanchez joins the table at seat #8 
mcceleste: checks 
Fokkus77: bets $0.25
sundro78: folds 
mcceleste: calls $0.25
*** RIVER *** [7d Tc 7s 3h] [5d]
mcceleste: checks 
Fokkus77: checks 
*** SHOW DOWN ***
mcceleste: shows [Kc Qc] (a pair of Sevens)
Fokkus77: shows [4h 4c] (two pair, Sevens and Fours)
Fokkus77 collected $3.45 from pot
*** SUMMARY ***
Total pot $3.60 | Rake $0.15 
Board [7d Tc 7s 3h 5d]
Seat 1: mcceleste showed [Kc Qc] and lost with a pair of Sevens
Seat 2: Homer079 folded before Flop (didn't bet)
Seat 3: Fokkus77 showed [4h 4c] and won ($3.45) with two pair, Sevens and Fours
Seat 4: Alameda22 folded before Flop (didn't bet)
Seat 5: noid1963 folded before Flop (didn't bet)
Seat 6: robinwhy folded before Flop (didn't bet)
Seat 7: justDgmt (button) folded before Flop (didn't bet)
Seat 8: MollynLee05 (small blind) folded before Flop
Seat 9: sundro78 (big blind) folded on the Turn



PokerStars Game #20023422623:  Hold'em No Limit ($0.10/$0.25) - 2008/08/30 - 19:05:57 (ET)
Table 'Dabih II' 9-max Seat #5 is the button
Seat 1: mcceleste ($22.60 in chips) 
Seat 2: Homer079 ($33.45 in chips) 
Seat 3: Fokkus77 ($6.60 in chips) 
Seat 4: Alameda22 ($28.50 in chips) 
Seat 5: noid1963 ($6.15 in chips) 
Seat 6: robinwhy ($28.45 in chips) 
Seat 7: justDgmt ($25.25 in chips) 
Seat 9: sundro78 ($18.20 in chips) 
robinwhy: posts small blind $0.10
justDgmt: posts big blind $0.25
riksanchez: sits out 
Alameda22: posts small & big blinds $0.35
*** HOLE CARDS ***
Dealt to Alameda22 [Ad Jh]
sundro78: folds 
mcceleste has timed out
mcceleste: folds 
mcceleste is sitting out
mcceleste has returned
Homer079: folds 
Fokkus77: raises $0.75 to $1
Alameda22: calls $0.75
noid1963: folds 
robinwhy: calls $0.90
justDgmt: folds 
*** FLOP *** [Kd 2d As]
robinwhy: bets $2
Fokkus77: folds 
Alameda22: calls $2
*** TURN *** [Kd 2d As] [Ac]
robinwhy: bets $7
Alameda22: raises $18.40 to $25.40 and is all-in
robinwhy: calls $18.40
*** RIVER *** [Kd 2d As Ac] [Ks]
*** SHOW DOWN ***
robinwhy: shows [2s 2h] (a full house, Deuces full of Aces)
Alameda22: shows [Ad Jh] (a full house, Aces full of Kings)
Alameda22 collected $55.30 from pot
*** SUMMARY ***
Total pot $58.15 | Rake $2.85 
Board [Kd 2d As Ac Ks]
Seat 1: mcceleste folded before Flop (didn't bet)
Seat 2: Homer079 folded before Flop (didn't bet)
Seat 3: Fokkus77 folded on the Flop
Seat 4: Alameda22 showed [Ad Jh] and won ($55.30) with a full house, Aces full of Kings
Seat 5: noid1963 (button) folded before Flop (didn't bet)
Seat 6: robinwhy (small blind) showed [2s 2h] and lost with a full house, Deuces full of Aces
Seat 7: justDgmt (big blind) folded before Flop
Seat 9: sundro78 folded before Flop (didn't bet)



PokerStars Game #20023482157:  Hold'em No Limit ($0.10/$0.25) - 2008/08/30 - 19:08:46 (ET)
Table 'Dabih II' 9-max Seat #7 is the button
Seat 1: mcceleste ($22.60 in chips) 
Seat 2: Homer079 ($33.45 in chips) 
Seat 3: Fokkus77 ($5.60 in chips) 
Seat 4: Alameda22 ($55.30 in chips) 
Seat 5: noid1963 ($6.15 in chips) 
Seat 7: justDgmt ($25 in chips) 
Seat 9: sundro78 ($18.20 in chips) 
riksanchez will be allowed to play after the button
sundro78: posts small blind $0.10
mcceleste: posts big blind $0.25
*** HOLE CARDS ***
Dealt to Alameda22 [Kc Ts]
Homer079: folds 
Fokkus77: folds 
robinwhy leaves the table
elorean joins the table at seat #6 
Alameda22: folds 
noid1963: folds 
justDgmt: raises $0.75 to $1
sundro78: folds 
mcceleste: folds 
Uncalled bet ($0.75) returned to justDgmt
justDgmt collected $0.60 from pot
justDgmt: doesn't show hand 
*** SUMMARY ***
Total pot $0.60 | Rake $0 
Seat 1: mcceleste (big blind) folded before Flop
Seat 2: Homer079 folded before Flop (didn't bet)
Seat 3: Fokkus77 folded before Flop (didn't bet)
Seat 4: Alameda22 folded before Flop (didn't bet)
Seat 5: noid1963 folded before Flop (didn't bet)
Seat 7: justDgmt (button) collected ($0.60)
Seat 9: sundro78 (small blind) folded before Flop



PokerStars Game #20023503668:  Hold'em No Limit ($0.10/$0.25) - 2008/08/30 - 19:09:47 (ET)
Table 'Dabih II' 9-max Seat #9 is the button
Seat 1: mcceleste ($22.35 in chips) 
Seat 2: Homer079 ($33.45 in chips) 
Seat 3: Fokkus77 ($5.60 in chips) 
Seat 4: Alameda22 ($55.30 in chips) 
Seat 5: noid1963 ($6.15 in chips) 
Seat 7: justDgmt ($25.35 in chips) 
Seat 9: sundro78 ($18.10 in chips) 
mcceleste: posts small blind $0.10
Homer079: posts big blind $0.25
elorean: sits out 
riksanchez: sits out 
*** HOLE CARDS ***
Dealt to Alameda22 [9h Kd]
Fokkus77: folds 
Alameda22: folds 
noid1963: calls $0.25
justDgmt: folds 
sundro78: folds 
mcceleste: raises $0.75 to $1
Homer079: folds 
noid1963: calls $0.75
*** FLOP *** [3s Jh 5h]
mcceleste: bets $1.50
noid1963: raises $3.65 to $5.15 and is all-in
mcceleste: folds 
Uncalled bet ($3.65) returned to noid1963
noid1963 collected $5 from pot
noid1963: doesn't show hand 
*** SUMMARY ***
Total pot $5.25 | Rake $0.25 
Board [3s Jh 5h]
Seat 1: mcceleste (small blind) folded on the Flop
Seat 2: Homer079 (big blind) folded before Flop
Seat 3: Fokkus77 folded before Flop (didn't bet)
Seat 4: Alameda22 folded before Flop (didn't bet)
Seat 5: noid1963 collected ($5)
Seat 7: justDgmt folded before Flop (didn't bet)
Seat 9: sundro78 (button) folded before Flop (didn't bet)



PokerStars Game #20023539201:  Hold'em No Limit ($0.10/$0.25) - 2008/08/30 - 19:11:28 (ET)
Table 'Dabih II' 9-max Seat #1 is the button
Seat 1: mcceleste ($25 in chips) 
Seat 2: Homer079 ($33.20 in chips) 
Seat 3: Fokkus77 ($5.60 in chips) 
Seat 4: Alameda22 ($55.30 in chips) 
Seat 5: noid1963 ($8.65 in chips) 
Seat 7: justDgmt ($25.35 in chips) 
Seat 9: sundro78 ($18.10 in chips) 
Homer079: posts small blind $0.10
Fokkus77: posts big blind $0.25
elorean: sits out 
riksanchez is connected 
riksanchez: sits out 
*** HOLE CARDS ***
Dealt to Alameda22 [3c 9s]
Alameda22: folds 
noid1963: folds 
justDgmt: folds 
sundro78: folds 
mcceleste: calls $0.25
Homer079: folds 
Fokkus77: checks 
*** FLOP *** [2h Jc As]
Fokkus77: checks 
mcceleste: bets $0.50
Fokkus77: folds 
Uncalled bet ($0.50) returned to mcceleste
mcceleste collected $0.60 from pot
*** SUMMARY ***
Total pot $0.60 | Rake $0 
Board [2h Jc As]
Seat 1: mcceleste (button) collected ($0.60)
Seat 2: Homer079 (small blind) folded before Flop
Seat 3: Fokkus77 (big blind) folded on the Flop
Seat 4: Alameda22 folded before Flop (didn't bet)
Seat 5: noid1963 folded before Flop (didn't bet)
Seat 7: justDgmt folded before Flop (didn't bet)
Seat 9: sundro78 folded before Flop (didn't bet)



PokerStars Game #20023564751:  Hold'em No Limit ($0.10/$0.25) - 2008/08/30 - 19:12:41 (ET)
Table 'Dabih II' 9-max Seat #2 is the button
Seat 1: mcceleste ($25.35 in chips) 
Seat 2: Homer079 ($33.10 in chips) 
Seat 3: Fokkus77 ($5.35 in chips) 
Seat 4: Alameda22 ($55.30 in chips) 
Seat 5: noid1963 ($8.65 in chips) 
Seat 7: justDgmt ($25.35 in chips) 
Seat 9: sundro78 ($18.10 in chips) 
Fokkus77: posts small blind $0.10
Alameda22: posts big blind $0.25
elorean: sits out 
riksanchez: sits out 
*** HOLE CARDS ***
Dealt to Alameda22 [5c 2c]
noid1963: folds 
justDgmt: raises $0.75 to $1
sundro78: folds 
mcceleste: folds 
Homer079: folds 
Fokkus77: folds 
Alameda22: folds 
Uncalled bet ($0.75) returned to justDgmt
justDgmt collected $0.60 from pot
justDgmt: doesn't show hand 
*** SUMMARY ***
Total pot $0.60 | Rake $0 
Seat 1: mcceleste folded before Flop (didn't bet)
Seat 2: Homer079 (button) folded before Flop (didn't bet)
Seat 3: Fokkus77 (small blind) folded before Flop
Seat 4: Alameda22 (big blind) folded before Flop
Seat 5: noid1963 folded before Flop (didn't bet)
Seat 7: justDgmt collected ($0.60)
Seat 9: sundro78 folded before Flop (didn't bet)



PokerStars Game #20023573617:  Hold'em No Limit ($0.10/$0.25) - 2008/08/30 - 19:13:06 (ET)
Table 'Dabih II' 9-max Seat #3 is the button
Seat 1: mcceleste ($25.35 in chips) 
Seat 2: Homer079 ($33.10 in chips) 
Seat 3: Fokkus77 ($5.25 in chips) 
Seat 4: Alameda22 ($55.05 in chips) 
Seat 5: noid1963 ($8.65 in chips) 
Seat 7: justDgmt ($25.70 in chips) 
Seat 9: sundro78 ($18.10 in chips) 
Alameda22: posts small blind $0.10
noid1963: posts big blind $0.25
elorean: sits out 
riksanchez: sits out 
*** HOLE CARDS ***
Dealt to Alameda22 [Qh Kd]
justDgmt: folds 
sundro78: folds 
mcceleste: raises $0.75 to $1
Homer079: folds 
Fokkus77: folds 
Alameda22: folds 
noid1963: folds 
Uncalled bet ($0.75) returned to mcceleste
mcceleste collected $0.60 from pot
mcceleste: doesn't show hand 
*** SUMMARY ***
Total pot $0.60 | Rake $0 
Seat 1: mcceleste collected ($0.60)
Seat 2: Homer079 folded before Flop (didn't bet)
Seat 3: Fokkus77 (button) folded before Flop (didn't bet)
Seat 4: Alameda22 (small blind) folded before Flop
Seat 5: noid1963 (big blind) folded before Flop
Seat 7: justDgmt folded before Flop (didn't bet)
Seat 9: sundro78 folded before Flop (didn't bet)



PokerStars Game #20023586082:  Hold'em No Limit ($0.10/$0.25) - 2008/08/30 - 19:13:42 (ET)
Table 'Dabih II' 9-max Seat #4 is the button
Seat 1: mcceleste ($25.70 in chips) 
Seat 2: Homer079 ($33.10 in chips) 
Seat 3: Fokkus77 ($5.25 in chips) 
Seat 4: Alameda22 ($54.95 in chips) 
Seat 5: noid1963 ($8.40 in chips) 
Seat 6: elorean ($25 in chips) 
Seat 7: justDgmt ($25.70 in chips) 
Seat 9: sundro78 ($18.10 in chips) 
noid1963: posts small blind $0.10
elorean: posts big blind $0.25
riksanchez: sits out 
*** HOLE CARDS ***
Dealt to Alameda22 [5s 9d]
justDgmt: folds 
sundro78: folds 
mcceleste: folds 
Homer079: folds 
Fokkus77: folds 
Alameda22: folds 
noid1963: calls $0.15
elorean: checks 
*** FLOP *** [3s Qd 6d]
noid1963: checks 
elorean: checks 
*** TURN *** [3s Qd 6d] [Ah]
noid1963: checks 
elorean: checks 
*** RIVER *** [3s Qd 6d Ah] [6s]
noid1963: checks 
elorean: bets $0.25
noid1963: folds 
Uncalled bet ($0.25) returned to elorean
elorean collected $0.50 from pot
elorean: doesn't show hand 
*** SUMMARY ***
Total pot $0.50 | Rake $0 
Board [3s Qd 6d Ah 6s]
Seat 1: mcceleste folded before Flop (didn't bet)
Seat 2: Homer079 folded before Flop (didn't bet)
Seat 3: Fokkus77 folded before Flop (didn't bet)
Seat 4: Alameda22 (button) folded before Flop (didn't bet)
Seat 5: noid1963 (small blind) folded on the River
Seat 6: elorean (big blind) collected ($0.50)
Seat 7: justDgmt folded before Flop (didn't bet)
Seat 9: sundro78 folded before Flop (didn't bet)



PokerStars Game #20023618064:  Hold'em No Limit ($0.10/$0.25) - 2008/08/30 - 19:15:13 (ET)
Table 'Dabih II' 9-max Seat #5 is the button
Seat 1: mcceleste ($25.70 in chips) 
Seat 2: Homer079 ($33.10 in chips) 
Seat 3: Fokkus77 ($5.25 in chips) 
Seat 4: Alameda22 ($54.95 in chips) 
Seat 5: noid1963 ($8.15 in chips) 
Seat 6: elorean ($25.25 in chips) 
Seat 7: justDgmt ($25.70 in chips) 
Seat 9: sundro78 ($18.10 in chips) 
elorean: posts small blind $0.10
justDgmt: posts big blind $0.25
riksanchez: sits out 
*** HOLE CARDS ***
Dealt to Alameda22 [9h 3d]
sundro78: folds 
mcceleste: calls $0.25
Homer079: folds 
Fokkus77: calls $0.25
Alameda22: folds 
noid1963: folds 
elorean: folds 
justDgmt: checks 
*** FLOP *** [Qc Ts Js]
justDgmt: bets $1
mcceleste: calls $1
Fokkus77: folds 
*** TURN *** [Qc Ts Js] [4c]
justDgmt: bets $2.50
mcceleste: calls $2.50
*** RIVER *** [Qc Ts Js 4c] [Qh]
justDgmt: bets $5
mcceleste: folds 
Uncalled bet ($5) returned to justDgmt
justDgmt collected $7.50 from pot
justDgmt: doesn't show hand 
*** SUMMARY ***
Total pot $7.85 | Rake $0.35 
Board [Qc Ts Js 4c Qh]
Seat 1: mcceleste folded on the River
Seat 2: Homer079 folded before Flop (didn't bet)
Seat 3: Fokkus77 folded on the Flop
Seat 4: Alameda22 folded before Flop (didn't bet)
Seat 5: noid1963 (button) folded before Flop (didn't bet)
Seat 6: elorean (small blind) folded before Flop
Seat 7: justDgmt (big blind) collected ($7.50)
Seat 9: sundro78 folded before Flop (didn't bet)



PokerStars Game #20023650424:  Hold'em No Limit ($0.10/$0.25) - 2008/08/30 - 19:16:47 (ET)
Table 'Dabih II' 9-max Seat #6 is the button
Seat 1: mcceleste ($21.95 in chips) 
Seat 2: Homer079 ($33.10 in chips) 
Seat 3: Fokkus77 ($5 in chips) 
Seat 4: Alameda22 ($54.95 in chips) 
Seat 5: noid1963 ($8.15 in chips) 
Seat 6: elorean ($25.15 in chips) 
Seat 7: justDgmt ($29.45 in chips) 
Seat 8: riksanchez ($25 in chips) 
Seat 9: sundro78 ($18.10 in chips) 
justDgmt: posts small blind $0.10
riksanchez: posts big blind $0.25
*** HOLE CARDS ***
Dealt to Alameda22 [Js 7s]
sundro78: folds 
mcceleste: folds 
Homer079: folds 
Fokkus77: folds 
Alameda22: folds 
noid1963: folds 
elorean: folds 
justDgmt: raises $0.75 to $1
riksanchez: folds 
Uncalled bet ($0.75) returned to justDgmt
justDgmt collected $0.50 from pot
justDgmt: doesn't show hand 
*** SUMMARY ***
Total pot $0.50 | Rake $0 
Seat 1: mcceleste folded before Flop (didn't bet)
Seat 2: Homer079 folded before Flop (didn't bet)
Seat 3: Fokkus77 folded before Flop (didn't bet)
Seat 4: Alameda22 folded before Flop (didn't bet)
Seat 5: noid1963 folded before Flop (didn't bet)
Seat 6: elorean (button) folded before Flop (didn't bet)
Seat 7: justDgmt (small blind) collected ($0.50)
Seat 8: riksanchez (big blind) folded before Flop
Seat 9: sundro78 folded before Flop (didn't bet)



PokerStars Game #20023670977:  Hold'em No Limit ($0.10/$0.25) - 2008/08/30 - 19:17:47 (ET)
Table 'Dabih II' 9-max Seat #7 is the button
Seat 1: mcceleste ($21.95 in chips) 
Seat 2: Homer079 ($33.10 in chips) 
Seat 3: Fokkus77 ($5 in chips) 
Seat 4: Alameda22 ($54.95 in chips) 
Seat 5: noid1963 ($8.15 in chips) 
Seat 6: elorean ($25.15 in chips) 
Seat 7: justDgmt ($29.70 in chips) 
Seat 8: riksanchez ($24.75 in chips) 
Seat 9: sundro78 ($18.10 in chips) 
riksanchez: posts small blind $0.10
sundro78: posts big blind $0.25
*** HOLE CARDS ***
Dealt to Alameda22 [6d 2d]
mcceleste: folds 
Homer079: folds 
Fokkus77: folds 
Alameda22: folds 
noid1963: folds 
elorean: raises $0.50 to $0.75
justDgmt: folds 
riksanchez: folds 
sundro78: calls $0.50
*** FLOP *** [8c Tc 4h]
sundro78: checks 
elorean: checks 
*** TURN *** [8c Tc 4h] [Ad]
sundro78: checks 
elorean: bets $1.25
sundro78: folds 
Uncalled bet ($1.25) returned to elorean
elorean collected $1.55 from pot
elorean: doesn't show hand 
*** SUMMARY ***
Total pot $1.60 | Rake $0.05 
Board [8c Tc 4h Ad]
Seat 1: mcceleste folded before Flop (didn't bet)
Seat 2: Homer079 folded before Flop (didn't bet)
Seat 3: Fokkus77 folded before Flop (didn't bet)
Seat 4: Alameda22 folded before Flop (didn't bet)
Seat 5: noid1963 folded before Flop (didn't bet)
Seat 6: elorean collected ($1.55)
Seat 7: justDgmt (button) folded before Flop (didn't bet)
Seat 8: riksanchez (small blind) folded before Flop
Seat 9: sundro78 (big blind) folded on the Turn



PokerStars Game #20023693703:  Hold'em No Limit ($0.10/$0.25) - 2008/08/30 - 19:18:52 (ET)
Table 'Dabih II' 9-max Seat #8 is the button
Seat 1: mcceleste ($21.95 in chips) 
Seat 2: Homer079 ($33.10 in chips) 
Seat 3: Fokkus77 ($5 in chips) 
Seat 4: Alameda22 ($54.95 in chips) 
Seat 5: noid1963 ($8.15 in chips) 
Seat 6: elorean ($25.95 in chips) 
Seat 7: justDgmt ($29.70 in chips) 
Seat 8: riksanchez ($24.65 in chips) 
Seat 9: sundro78 ($17.35 in chips) 
sundro78: posts small blind $0.10
mcceleste: posts big blind $0.25
*** HOLE CARDS ***
Dealt to Alameda22 [7s Td]
Homer079: folds 
Fokkus77: folds 
Alameda22: folds 
noid1963: calls $0.25
elorean: folds 
justDgmt: folds 
riksanchez: raises $1 to $1.25
sundro78: calls $1.15
mcceleste: folds 
noid1963: folds 
*** FLOP *** [5s Jh 8c]
sundro78: bets $1.50
riksanchez: raises $2.25 to $3.75
sundro78: calls $2.25
*** TURN *** [5s Jh 8c] [9h]
sundro78: bets $1
riksanchez: calls $1
*** RIVER *** [5s Jh 8c 9h] [Ks]
sundro78: bets $6
riksanchez: calls $6
*** SHOW DOWN ***
sundro78: shows [9c 9s] (three of a kind, Nines)
riksanchez: mucks hand 
sundro78 collected $23.35 from pot
*** SUMMARY ***
Total pot $24.50 | Rake $1.15 
Board [5s Jh 8c 9h Ks]
Seat 1: mcceleste (big blind) folded before Flop
Seat 2: Homer079 folded before Flop (didn't bet)
Seat 3: Fokkus77 folded before Flop (didn't bet)
Seat 4: Alameda22 folded before Flop (didn't bet)
Seat 5: noid1963 folded before Flop
Seat 6: elorean folded before Flop (didn't bet)
Seat 7: justDgmt folded before Flop (didn't bet)
Seat 8: riksanchez (button) mucked [Js As]
Seat 9: sundro78 (small blind) showed [9c 9s] and won ($23.35) with three of a kind, Nines



PokerStars Game #20023731796:  Hold'em No Limit ($0.10/$0.25) - 2008/08/30 - 19:20:42 (ET)
Table 'Dabih II' 9-max Seat #9 is the button
Seat 1: mcceleste ($21.70 in chips) 
Seat 2: Homer079 ($33.10 in chips) 
Seat 3: Fokkus77 ($5 in chips) 
Seat 4: Alameda22 ($54.95 in chips) 
Seat 5: noid1963 ($7.90 in chips) 
Seat 6: elorean ($25.95 in chips) 
Seat 7: justDgmt ($29.70 in chips) 
Seat 8: riksanchez ($12.65 in chips) 
Seat 9: sundro78 ($28.70 in chips) 
mcceleste: posts small blind $0.10
Homer079: posts big blind $0.25
*** HOLE CARDS ***
Dealt to Alameda22 [6d Tc]
Fokkus77: folds 
Alameda22: folds 
noid1963: calls $0.25
elorean: folds 
justDgmt: folds 
riksanchez: folds 
sundro78: folds 
mcceleste: folds 
Homer079: checks 
*** FLOP *** [3c 2c 3h]
Homer079: checks 
noid1963: checks 
*** TURN *** [3c 2c 3h] [Ah]
Homer079: checks 
noid1963: bets $0.25
Homer079: folds 
Uncalled bet ($0.25) returned to noid1963
noid1963 collected $0.60 from pot
noid1963: shows [Ad 3s] (a full house, Threes full of Aces)
*** SUMMARY ***
Total pot $0.60 | Rake $0 
Board [3c 2c 3h Ah]
Seat 1: mcceleste (small blind) folded before Flop
Seat 2: Homer079 (big blind) folded on the Turn
Seat 3: Fokkus77 folded before Flop (didn't bet)
Seat 4: Alameda22 folded before Flop (didn't bet)
Seat 5: noid1963 collected ($0.60)
Seat 6: elorean folded before Flop (didn't bet)
Seat 7: justDgmt folded before Flop (didn't bet)
Seat 8: riksanchez folded before Flop (didn't bet)
Seat 9: sundro78 (button) folded before Flop (didn't bet)



PokerStars Game #20023756591:  Hold'em No Limit ($0.10/$0.25) - 2008/08/30 - 19:21:54 (ET)
Table 'Dabih II' 9-max Seat #1 is the button
Seat 1: mcceleste ($21.60 in chips) 
Seat 2: Homer079 ($32.85 in chips) 
Seat 3: Fokkus77 ($5 in chips) 
Seat 4: Alameda22 ($54.95 in chips) 
Seat 5: noid1963 ($8.25 in chips) 
Seat 6: elorean ($25.95 in chips) 
Seat 7: justDgmt ($29.70 in chips) 
Seat 8: riksanchez ($25 in chips) 
Seat 9: sundro78 ($28.70 in chips) 
Homer079: posts small blind $0.10
Fokkus77: posts big blind $0.25
*** HOLE CARDS ***
Dealt to Alameda22 [Ts 4d]
Alameda22: folds 
noid1963: folds 
elorean: folds 
justDgmt: folds 
riksanchez: folds 
sundro78: raises $0.50 to $0.75
mcceleste: folds 
Homer079: folds 
Fokkus77: folds 
Uncalled bet ($0.50) returned to sundro78
sundro78 collected $0.60 from pot
sundro78: doesn't show hand 
*** SUMMARY ***
Total pot $0.60 | Rake $0 
Seat 1: mcceleste (button) folded before Flop (didn't bet)
Seat 2: Homer079 (small blind) folded before Flop
Seat 3: Fokkus77 (big blind) folded before Flop
Seat 4: Alameda22 folded before Flop (didn't bet)
Seat 5: noid1963 folded before Flop (didn't bet)
Seat 6: elorean folded before Flop (didn't bet)
Seat 7: justDgmt folded before Flop (didn't bet)
Seat 8: riksanchez folded before Flop (didn't bet)
Seat 9: sundro78 collected ($0.60)



PokerStars Game #20023769525:  Hold'em No Limit ($0.10/$0.25) - 2008/08/30 - 19:22:32 (ET)
Table 'Dabih II' 9-max Seat #2 is the button
Seat 1: mcceleste ($21.60 in chips) 
Seat 2: Homer079 ($32.75 in chips) 
Seat 3: Fokkus77 ($4.75 in chips) 
Seat 4: Alameda22 ($54.95 in chips) 
Seat 5: noid1963 ($8.25 in chips) 
Seat 6: elorean ($25.95 in chips) 
Seat 7: justDgmt ($29.70 in chips) 
Seat 8: riksanchez ($25 in chips) 
Seat 9: sundro78 ($29.05 in chips) 
Fokkus77: posts small blind $0.10
Alameda22: posts big blind $0.25
*** HOLE CARDS ***
Dealt to Alameda22 [3d 6d]
noid1963: calls $0.25
elorean: folds 
justDgmt: folds 
riksanchez: raises $1 to $1.25
sundro78: folds 
mcceleste: folds 
Homer079: calls $1.25
Fokkus77: folds 
Alameda22: folds 
noid1963: calls $1
*** FLOP *** [9h 7c Ac]
noid1963: checks 
riksanchez: bets $2.25
Homer079: folds 
noid1963: folds 
Uncalled bet ($2.25) returned to riksanchez
riksanchez collected $3.90 from pot
riksanchez: doesn't show hand 
*** SUMMARY ***
Total pot $4.10 | Rake $0.20 
Board [9h 7c Ac]
Seat 1: mcceleste folded before Flop (didn't bet)
Seat 2: Homer079 (button) folded on the Flop
Seat 3: Fokkus77 (small blind) folded before Flop
Seat 4: Alameda22 (big blind) folded before Flop
Seat 5: noid1963 folded on the Flop
Seat 6: elorean folded before Flop (didn't bet)
Seat 7: justDgmt folded before Flop (didn't bet)
Seat 8: riksanchez collected ($3.90)
Seat 9: sundro78 folded before Flop (didn't bet)



PokerStars Game #20023789327:  Hold'em No Limit ($0.10/$0.25) - 2008/08/30 - 19:23:30 (ET)
Table 'Dabih II' 9-max Seat #3 is the button
Seat 1: mcceleste ($21.60 in chips) 
Seat 2: Homer079 ($31.50 in chips) 
Seat 3: Fokkus77 ($4.65 in chips) 
Seat 4: Alameda22 ($54.70 in chips) 
Seat 5: noid1963 ($7 in chips) 
Seat 6: elorean ($25.95 in chips) 
Seat 7: justDgmt ($29.70 in chips) 
Seat 8: riksanchez ($27.65 in chips) 
Seat 9: sundro78 ($29.05 in chips) 
Alameda22: posts small blind $0.10
noid1963: posts big blind $0.25
*** HOLE CARDS ***
Dealt to Alameda22 [6h 8d]
elorean: folds 
justDgmt: folds 
riksanchez: folds 
sundro78: raises $0.50 to $0.75
mcceleste: calls $0.75
Homer079: folds 
Fokkus77: folds 
Alameda22: folds 
noid1963: calls $0.50
*** FLOP *** [4s Qs 6c]
noid1963: checks 
sundro78: checks 
mcceleste: bets $2.50
noid1963: folds 
sundro78: folds 
Uncalled bet ($2.50) returned to mcceleste
mcceleste collected $2.25 from pot
*** SUMMARY ***
Total pot $2.35 | Rake $0.10 
Board [4s Qs 6c]
Seat 1: mcceleste collected ($2.25)
Seat 2: Homer079 folded before Flop (didn't bet)
Seat 3: Fokkus77 (button) folded before Flop (didn't bet)
Seat 4: Alameda22 (small blind) folded before Flop
Seat 5: noid1963 (big blind) folded on the Flop
Seat 6: elorean folded before Flop (didn't bet)
Seat 7: justDgmt folded before Flop (didn't bet)
Seat 8: riksanchez folded before Flop (didn't bet)
Seat 9: sundro78 folded on the Flop



PokerStars Game #20023808165:  Hold'em No Limit ($0.10/$0.25) - 2008/08/30 - 19:24:26 (ET)
Table 'Dabih II' 9-max Seat #4 is the button
Seat 1: mcceleste ($23.10 in chips) 
Seat 2: Homer079 ($31.50 in chips) 
Seat 3: Fokkus77 ($4.65 in chips) 
Seat 4: Alameda22 ($54.60 in chips) 
Seat 5: noid1963 ($6.25 in chips) 
Seat 6: elorean ($25.95 in chips) 
Seat 7: justDgmt ($29.70 in chips) 
Seat 8: riksanchez ($27.65 in chips) 
Seat 9: sundro78 ($28.30 in chips) 
noid1963: posts small blind $0.10
elorean: posts big blind $0.25
*** HOLE CARDS ***
Dealt to Alameda22 [6d 7s]
justDgmt: folds 
riksanchez: folds 
sundro78: folds 
mcceleste: folds 
Homer079: folds 
Fokkus77: folds 
Alameda22: folds 
noid1963: calls $0.15
elorean: checks 
*** FLOP *** [2c 9c 8h]
noid1963: checks 
elorean: checks 
*** TURN *** [2c 9c 8h] [9h]
noid1963: checks 
elorean: checks 
*** RIVER *** [2c 9c 8h 9h] [Ts]
riksanchez is connected 
noid1963: checks 
elorean: checks 
*** SHOW DOWN ***
noid1963: shows [4d 7d] (a pair of Nines)
elorean: shows [3c 2d] (two pair, Nines and Deuces)
elorean collected $0.50 from pot
*** SUMMARY ***
Total pot $0.50 | Rake $0 
Board [2c 9c 8h 9h Ts]
Seat 1: mcceleste folded before Flop (didn't bet)
Seat 2: Homer079 folded before Flop (didn't bet)
Seat 3: Fokkus77 folded before Flop (didn't bet)
Seat 4: Alameda22 (button) folded before Flop (didn't bet)
Seat 5: noid1963 (small blind) showed [4d 7d] and lost with a pair of Nines
Seat 6: elorean (big blind) showed [3c 2d] and won ($0.50) with two pair, Nines and Deuces
Seat 7: justDgmt folded before Flop (didn't bet)
Seat 8: riksanchez folded before Flop (didn't bet)
Seat 9: sundro78 folded before Flop (didn't bet)



PokerStars Game #20023830697:  Hold'em No Limit ($0.10/$0.25) - 2008/08/30 - 19:25:32 (ET)
Table 'Dabih II' 9-max Seat #5 is the button
Seat 1: mcceleste ($23.10 in chips) 
Seat 2: Homer079 ($31.50 in chips) 
Seat 3: Fokkus77 ($4.65 in chips) 
Seat 4: Alameda22 ($54.60 in chips) 
Seat 5: noid1963 ($6 in chips) 
Seat 6: elorean ($26.20 in chips) 
Seat 7: justDgmt ($29.70 in chips) 
Seat 8: riksanchez ($27.65 in chips) 
Seat 9: sundro78 ($28.30 in chips) 
elorean: posts small blind $0.10
justDgmt: posts big blind $0.25
*** HOLE CARDS ***
Dealt to Alameda22 [9d Qc]
riksanchez: folds 
sundro78: folds 
mcceleste: folds 
Homer079: folds 
Fokkus77: raises $1 to $1.25
Alameda22: folds 
noid1963: calls $1.25
elorean: raises $2.50 to $3.75
justDgmt: folds 
Fokkus77: calls $2.50
noid1963: raises $2.25 to $6 and is all-in
elorean: calls $2.25
Fokkus77: calls $0.90 and is all-in
*** FLOP *** [5s Ac Td]
*** TURN *** [5s Ac Td] [4d]
*** RIVER *** [5s Ac Td 4d] [Kh]
*** SHOW DOWN ***
elorean: shows [Qs Qd] (a pair of Queens)
noid1963: mucks hand 
elorean collected $2.60 from side pot
Fokkus77: shows [Jd Ad] (a pair of Aces)
Fokkus77 collected $13.50 from main pot
*** SUMMARY ***
Total pot $16.90 Main pot $13.50. Side pot $2.60. | Rake $0.80 
Board [5s Ac Td 4d Kh]
Seat 1: mcceleste folded before Flop (didn't bet)
Seat 2: Homer079 folded before Flop (didn't bet)
Seat 3: Fokkus77 showed [Jd Ad] and won ($13.50) with a pair of Aces
Seat 4: Alameda22 folded before Flop (didn't bet)
Seat 5: noid1963 (button) mucked [8h Jh]
Seat 6: elorean (small blind) showed [Qs Qd] and won ($2.60) with a pair of Queens
Seat 7: justDgmt (big blind) folded before Flop
Seat 8: riksanchez folded before Flop (didn't bet)
Seat 9: sundro78 folded before Flop (didn't bet)



PokerStars Game #20023863340:  Hold'em No Limit ($0.10/$0.25) - 2008/08/30 - 19:27:08 (ET)
Table 'Dabih II' 9-max Seat #6 is the button
Seat 1: mcceleste ($23.10 in chips) 
Seat 2: Homer079 ($31.50 in chips) 
Seat 3: Fokkus77 ($13.50 in chips) 
Seat 4: Alameda22 ($54.60 in chips) 
Seat 6: elorean ($22.80 in chips) 
Seat 7: justDgmt ($29.45 in chips) 
Seat 8: riksanchez ($27.65 in chips) 
Seat 9: sundro78 ($28.30 in chips) 
justDgmt: posts small blind $0.10
noid1963 leaves the table
riksanchez: posts big blind $0.25
*** HOLE CARDS ***
Dealt to Alameda22 [7h Js]
sundro78: folds 
mcceleste: folds 
Homer079: folds 
Fokkus77: folds 
Alameda22: folds 
elorean: raises $0.50 to $0.75
justDgmt: folds 
riksanchez: calls $0.50
*** FLOP *** [Ts Ad Jh]
riksanchez: checks 
elorean: checks 
*** TURN *** [Ts Ad Jh] [Kh]
riksanchez: checks 
bullets221 joins the table at seat #5 
elorean: checks 
*** RIVER *** [Ts Ad Jh Kh] [2h]
riksanchez: bets $0.75
elorean: calls $0.75
*** SHOW DOWN ***
riksanchez: shows [6s As] (a pair of Aces)
elorean: shows [6c Ac] (a pair of Aces)
riksanchez collected $1.50 from pot
elorean collected $1.45 from pot
*** SUMMARY ***
Total pot $3.10 | Rake $0.15 
Board [Ts Ad Jh Kh 2h]
Seat 1: mcceleste folded before Flop (didn't bet)
Seat 2: Homer079 folded before Flop (didn't bet)
Seat 3: Fokkus77 folded before Flop (didn't bet)
Seat 4: Alameda22 folded before Flop (didn't bet)
Seat 6: elorean (button) showed [6c Ac] and won ($1.45) with a pair of Aces
Seat 7: justDgmt (small blind) folded before Flop
Seat 8: riksanchez (big blind) showed [6s As] and won ($1.50) with a pair of Aces
Seat 9: sundro78 folded before Flop (didn't bet)



PokerStars Game #20023882176:  Hold'em No Limit ($0.10/$0.25) - 2008/08/30 - 19:28:03 (ET)
Table 'Dabih II' 9-max Seat #7 is the button
Seat 1: mcceleste ($23.10 in chips) 
Seat 2: Homer079 ($31.50 in chips) 
Seat 3: Fokkus77 ($13.50 in chips) 
Seat 4: Alameda22 ($54.60 in chips) 
Seat 5: bullets221 ($15 in chips) 
Seat 6: elorean ($22.75 in chips) 
Seat 7: justDgmt ($29.35 in chips) 
Seat 8: riksanchez ($27.65 in chips) 
Seat 9: sundro78 ($28.30 in chips) 
riksanchez: posts small blind $0.10
sundro78: posts big blind $0.25
bullets221: posts big blind $0.25
*** HOLE CARDS ***
Dealt to Alameda22 [Qh Jc]
mcceleste: raises $0.75 to $1
Homer079: folds 
Fokkus77: folds 
Alameda22: folds 
bullets221: folds 
elorean: folds 
justDgmt: folds 
riksanchez: folds 
sundro78: folds 
Uncalled bet ($0.75) returned to mcceleste
mcceleste collected $0.85 from pot
*** SUMMARY ***
Total pot $0.85 | Rake $0 
Seat 1: mcceleste collected ($0.85)
Seat 2: Homer079 folded before Flop (didn't bet)
Seat 3: Fokkus77 folded before Flop (didn't bet)
Seat 4: Alameda22 folded before Flop (didn't bet)
Seat 5: bullets221 folded before Flop
Seat 6: elorean folded before Flop (didn't bet)
Seat 7: justDgmt (button) folded before Flop (didn't bet)
Seat 8: riksanchez (small blind) folded before Flop
Seat 9: sundro78 (big blind) folded before Flop



PokerStars Game #20023902129:  Hold'em No Limit ($0.10/$0.25) - 2008/08/30 - 19:29:02 (ET)
Table 'Dabih II' 9-max Seat #8 is the button
Seat 1: mcceleste ($23.70 in chips) 
Seat 2: Homer079 ($31.50 in chips) 
Seat 3: Fokkus77 ($13.50 in chips) 
Seat 4: Alameda22 ($54.60 in chips) 
Seat 5: bullets221 ($14.75 in chips) 
Seat 6: elorean ($22.75 in chips) 
Seat 7: justDgmt ($29.35 in chips) 
Seat 8: riksanchez ($27.55 in chips) 
Seat 9: sundro78 ($28.05 in chips) 
sundro78: posts small blind $0.10
mcceleste: posts big blind $0.25
*** HOLE CARDS ***
Dealt to Alameda22 [Qs Qh]
Homer079: folds 
Fokkus77: folds 
Alameda22: raises $0.75 to $1
bullets221: folds 
elorean: folds 
justDgmt: folds 
riksanchez: folds 
sundro78: folds 
mcceleste: calls $0.75
*** FLOP *** [6h 7c Tc]
mcceleste: checks 
Alameda22: bets $1.25
mcceleste: calls $1.25
*** TURN *** [6h 7c Tc] [7h]
mcceleste: checks 
Alameda22: bets $3
mcceleste: folds 
Uncalled bet ($3) returned to Alameda22
Alameda22 collected $4.40 from pot
Alameda22: doesn't show hand 
*** SUMMARY ***
Total pot $4.60 | Rake $0.20 
Board [6h 7c Tc 7h]
Seat 1: mcceleste (big blind) folded on the Turn
Seat 2: Homer079 folded before Flop (didn't bet)
Seat 3: Fokkus77 folded before Flop (didn't bet)
Seat 4: Alameda22 collected ($4.40)
Seat 5: bullets221 folded before Flop (didn't bet)
Seat 6: elorean folded before Flop (didn't bet)
Seat 7: justDgmt folded before Flop (didn't bet)
Seat 8: riksanchez (button) folded before Flop (didn't bet)
Seat 9: sundro78 (small blind) folded before Flop



PokerStars Game #20023938111:  Hold'em No Limit ($0.10/$0.25) - 2008/08/30 - 19:30:48 (ET)
Table 'Dabih II' 9-max Seat #9 is the button
Seat 1: mcceleste ($21.45 in chips) 
Seat 2: Homer079 ($31.50 in chips) 
Seat 3: Fokkus77 ($13.50 in chips) 
Seat 4: Alameda22 ($56.75 in chips) 
Seat 5: bullets221 ($14.75 in chips) 
Seat 6: elorean ($25 in chips) 
Seat 7: justDgmt ($29.35 in chips) 
Seat 8: riksanchez ($27.55 in chips) 
Seat 9: sundro78 ($27.95 in chips) 
mcceleste: posts small blind $0.10
Homer079: posts big blind $0.25
*** HOLE CARDS ***
Dealt to Alameda22 [2d Jc]
Fokkus77: folds 
Alameda22: folds 
bullets221: calls $0.25
elorean: folds 
justDgmt: folds 
riksanchez: folds 
sundro78: folds 
mcceleste: calls $0.15
Homer079: checks 
*** FLOP *** [5h 3s 4s]
mcceleste: bets $0.50
Homer079: folds 
bullets221: folds 
Uncalled bet ($0.50) returned to mcceleste
mcceleste collected $0.75 from pot
mcceleste: doesn't show hand 
*** SUMMARY ***
Total pot $0.75 | Rake $0 
Board [5h 3s 4s]
Seat 1: mcceleste (small blind) collected ($0.75)
Seat 2: Homer079 (big blind) folded on the Flop
Seat 3: Fokkus77 folded before Flop (didn't bet)
Seat 4: Alameda22 folded before Flop (didn't bet)
Seat 5: bullets221 folded on the Flop
Seat 6: elorean folded before Flop (didn't bet)
Seat 7: justDgmt folded before Flop (didn't bet)
Seat 8: riksanchez folded before Flop (didn't bet)
Seat 9: sundro78 (button) folded before Flop (didn't bet)



PokerStars Game #20023963443:  Hold'em No Limit ($0.10/$0.25) - 2008/08/30 - 19:32:00 (ET)
Table 'Dabih II' 9-max Seat #1 is the button
Seat 1: mcceleste ($21.95 in chips) 
Seat 2: Homer079 ($31.25 in chips) 
Seat 4: Alameda22 ($56.75 in chips) 
Seat 5: bullets221 ($14.50 in chips) 
Seat 6: elorean ($25 in chips) 
Seat 7: justDgmt ($29.35 in chips) 
Seat 8: riksanchez ($27.55 in chips) 
Seat 9: sundro78 ($27.95 in chips) 
Homer079: posts small blind $0.10
Fokkus77: is sitting out 
Alameda22: posts big blind $0.25
*** HOLE CARDS ***
Dealt to Alameda22 [9s 7c]
Fokkus77 leaves the table
bullets221: folds 
elorean: calls $0.25
justDgmt: folds 
riksanchez: raises $1 to $1.25
sundro78: folds 
mcceleste: folds 
Homer079: folds 
Alameda22: folds 
elorean: calls $1
*** FLOP *** [9h Jh 3c]
elorean: checks 
riksanchez: bets $1.50
elorean: calls $1.50
*** TURN *** [9h Jh 3c] [6s]
elorean: checks 
riksanchez: bets $3.25
elorean: folds 
Uncalled bet ($3.25) returned to riksanchez
riksanchez collected $5.60 from pot
riksanchez: doesn't show hand 
*** SUMMARY ***
Total pot $5.85 | Rake $0.25 
Board [9h Jh 3c 6s]
Seat 1: mcceleste (button) folded before Flop (didn't bet)
Seat 2: Homer079 (small blind) folded before Flop
Seat 4: Alameda22 (big blind) folded before Flop
Seat 5: bullets221 folded before Flop (didn't bet)
Seat 6: elorean folded on the Turn
Seat 7: justDgmt folded before Flop (didn't bet)
Seat 8: riksanchez collected ($5.60)
Seat 9: sundro78 folded before Flop (didn't bet)



PokerStars Game #20023986390:  Hold'em No Limit ($0.10/$0.25) - 2008/08/30 - 19:33:07 (ET)
Table 'Dabih II' 9-max Seat #2 is the button
Seat 1: mcceleste ($21.95 in chips) 
Seat 2: Homer079 ($31.15 in chips) 
Seat 4: Alameda22 ($56.50 in chips) 
Seat 5: bullets221 ($14.50 in chips) 
Seat 6: elorean ($22.25 in chips) 
Seat 7: justDgmt ($29.35 in chips) 
Seat 8: riksanchez ($30.40 in chips) 
Seat 9: sundro78 ($27.95 in chips) 
Alameda22: posts small blind $0.10
bullets221: posts big blind $0.25
*** HOLE CARDS ***
Dealt to Alameda22 [Ad 6d]
elorean: folds 
justDgmt: folds 
riksanchez: folds 
sundro78: folds 
mcceleste: folds 
Homer079: folds 
Alameda22: folds 
Uncalled bet ($0.15) returned to bullets221
bullets221 collected $0.20 from pot
bullets221: doesn't show hand 
*** SUMMARY ***
Total pot $0.20 | Rake $0 
Seat 1: mcceleste folded before Flop (didn't bet)
Seat 2: Homer079 (button) folded before Flop (didn't bet)
Seat 4: Alameda22 (small blind) folded before Flop
Seat 5: bullets221 (big blind) collected ($0.20)
Seat 6: elorean folded before Flop (didn't bet)
Seat 7: justDgmt folded before Flop (didn't bet)
Seat 8: riksanchez folded before Flop (didn't bet)
Seat 9: sundro78 folded before Flop (didn't bet)



PokerStars Game #20024007632:  Hold'em No Limit ($0.10/$0.25) - 2008/08/30 - 19:34:09 (ET)
Table 'Dabih II' 9-max Seat #4 is the button
Seat 1: mcceleste ($21.95 in chips) 
Seat 2: Homer079 ($31.15 in chips) 
Seat 4: Alameda22 ($56.40 in chips) 
Seat 5: bullets221 ($14.60 in chips) 
Seat 6: elorean ($25 in chips) 
Seat 7: justDgmt ($29.35 in chips) 
Seat 8: riksanchez ($30.40 in chips) 
Seat 9: sundro78 ($27.95 in chips) 
bullets221: posts small blind $0.10
elorean: posts big blind $0.25
*** HOLE CARDS ***
Dealt to Alameda22 [6h 5s]
justDgmt: folds 
riksanchez: raises $0.75 to $1
sundro78: folds 
mcceleste: calls $1
TWUbaseball2 joins the table at seat #3 
Homer079: folds 
Alameda22: folds 
bullets221: folds 
elorean: calls $0.75
*** FLOP *** [5d Qc Ac]
elorean: checks 
riksanchez: bets $2
mcceleste: calls $2
elorean: folds 
*** TURN *** [5d Qc Ac] [4d]
riksanchez: bets $4.25
mcceleste: calls $4.25
*** RIVER *** [5d Qc Ac 4d] [3s]
riksanchez: checks 
mcceleste: checks 
*** SHOW DOWN ***
riksanchez: shows [Kd Ad] (a pair of Aces)
mcceleste: mucks hand 
riksanchez collected $14.85 from pot
*** SUMMARY ***
Total pot $15.60 | Rake $0.75 
Board [5d Qc Ac 4d 3s]
Seat 1: mcceleste mucked [Qd Td]
Seat 2: Homer079 folded before Flop (didn't bet)
Seat 4: Alameda22 (button) folded before Flop (didn't bet)
Seat 5: bullets221 (small blind) folded before Flop
Seat 6: elorean (big blind) folded on the Flop
Seat 7: justDgmt folded before Flop (didn't bet)
Seat 8: riksanchez showed [Kd Ad] and won ($14.85) with a pair of Aces
Seat 9: sundro78 folded before Flop (didn't bet)



PokerStars Game #20024037796:  Hold'em No Limit ($0.10/$0.25) - 2008/08/30 - 19:35:38 (ET)
Table 'Dabih II' 9-max Seat #5 is the button
Seat 1: mcceleste ($25 in chips) 
Seat 2: Homer079 ($31.15 in chips) 
Seat 3: TWUbaseball2 ($10 in chips) 
Seat 4: Alameda22 ($56.40 in chips) 
Seat 5: bullets221 ($14.50 in chips) 
Seat 6: elorean ($24 in chips) 
Seat 7: justDgmt ($29.35 in chips) 
Seat 8: riksanchez ($38 in chips) 
Seat 9: sundro78 ($27.95 in chips) 
elorean: posts small blind $0.10
justDgmt: posts big blind $0.25
mcceleste said, "thanks god no diamonds! :D"
mcceleste said, "nh"
TWUbaseball2: posts big blind $0.25
*** HOLE CARDS ***
Dealt to Alameda22 [8h 8d]
riksanchez: folds 
sundro78: folds 
mcceleste: folds 
Homer079: folds 
TWUbaseball2: checks 
Alameda22: calls $0.25
bullets221: calls $0.25
elorean: folds 
justDgmt: checks 
*** FLOP *** [Qh 2h 8s]
justDgmt: checks 
TWUbaseball2: checks 
Alameda22: bets $0.75
bullets221: folds 
justDgmt: folds 
TWUbaseball2: folds 
Uncalled bet ($0.75) returned to Alameda22
Alameda22 collected $1.05 from pot
Alameda22: doesn't show hand 
*** SUMMARY ***
Total pot $1.10 | Rake $0.05 
Board [Qh 2h 8s]
Seat 1: mcceleste folded before Flop (didn't bet)
Seat 2: Homer079 folded before Flop (didn't bet)
Seat 3: TWUbaseball2 folded on the Flop
Seat 4: Alameda22 collected ($1.05)
Seat 5: bullets221 (button) folded on the Flop
Seat 6: elorean (small blind) folded before Flop
Seat 7: justDgmt (big blind) folded on the Flop
Seat 8: riksanchez folded before Flop (didn't bet)
Seat 9: sundro78 folded before Flop (didn't bet)



PokerStars Game #20024061552:  Hold'em No Limit ($0.10/$0.25) - 2008/08/30 - 19:36:47 (ET)
Table 'Dabih II' 9-max Seat #6 is the button
Seat 1: mcceleste ($25 in chips) 
Seat 2: Homer079 ($31.15 in chips) 
Seat 3: TWUbaseball2 ($9.75 in chips) 
Seat 4: Alameda22 ($57.20 in chips) 
Seat 5: bullets221 ($14.25 in chips) 
Seat 6: elorean ($23.90 in chips) 
Seat 7: justDgmt ($29.10 in chips) 
Seat 8: riksanchez ($38 in chips) 
Seat 9: sundro78 ($27.95 in chips) 
justDgmt: posts small blind $0.10
riksanchez: posts big blind $0.25
*** HOLE CARDS ***
Dealt to Alameda22 [Ac 8h]
sundro78: folds 
mcceleste: folds 
Homer079: folds 
TWUbaseball2: calls $0.25
Alameda22: folds 
bullets221: folds 
bullets221 leaves the table
elorean: folds 
justDgmt: raises $1.25 to $1.50
riksanchez: folds 
TWUbaseball2: folds 
Uncalled bet ($1.25) returned to justDgmt
justDgmt collected $0.75 from pot
justDgmt: doesn't show hand 
$Bamb85i$ joins the table at seat #5 
*** SUMMARY ***
Total pot $0.75 | Rake $0 
Seat 1: mcceleste folded before Flop (didn't bet)
Seat 2: Homer079 folded before Flop (didn't bet)
Seat 3: TWUbaseball2 folded before Flop
Seat 4: Alameda22 folded before Flop (didn't bet)
Seat 5: bullets221 folded before Flop (didn't bet)
Seat 6: elorean (button) folded before Flop (didn't bet)
Seat 7: justDgmt (small blind) collected ($0.75)
Seat 8: riksanchez (big blind) folded before Flop
Seat 9: sundro78 folded before Flop (didn't bet)



PokerStars Game #20024083852:  Hold'em No Limit ($0.10/$0.25) - 2008/08/30 - 19:37:52 (ET)
Table 'Dabih II' 9-max Seat #7 is the button
Seat 1: mcceleste ($25 in chips) 
Seat 2: Homer079 ($31.15 in chips) 
Seat 3: TWUbaseball2 ($9.50 in chips) 
Seat 4: Alameda22 ($57.20 in chips) 
Seat 6: elorean ($23.90 in chips) 
Seat 7: justDgmt ($29.60 in chips) 
Seat 8: riksanchez ($37.75 in chips) 
Seat 9: sundro78 ($27.95 in chips) 
riksanchez: posts small blind $0.10
sundro78: posts big blind $0.25
$Bamb85i$: sits out 
*** HOLE CARDS ***
Dealt to Alameda22 [Kd 9s]
mcceleste: folds 
Homer079: folds 
TWUbaseball2: folds 
Alameda22: folds 
elorean: folds 
justDgmt: folds 
riksanchez: raises $0.75 to $1
sundro78: folds 
Uncalled bet ($0.75) returned to riksanchez
riksanchez collected $0.50 from pot
riksanchez: doesn't show hand 
*** SUMMARY ***
Total pot $0.50 | Rake $0 
Seat 1: mcceleste folded before Flop (didn't bet)
Seat 2: Homer079 folded before Flop (didn't bet)
Seat 3: TWUbaseball2 folded before Flop (didn't bet)
Seat 4: Alameda22 folded before Flop (didn't bet)
Seat 6: elorean folded before Flop (didn't bet)
Seat 7: justDgmt (button) folded before Flop (didn't bet)
Seat 8: riksanchez (small blind) collected ($0.50)
Seat 9: sundro78 (big blind) folded before Flop



PokerStars Game #20024093997:  Hold'em No Limit ($0.10/$0.25) - 2008/08/30 - 19:38:22 (ET)
Table 'Dabih II' 9-max Seat #8 is the button
Seat 1: mcceleste ($25 in chips) 
Seat 2: Homer079 ($31.15 in chips) 
Seat 3: TWUbaseball2 ($9.50 in chips) 
Seat 4: Alameda22 ($57.20 in chips) 
Seat 6: elorean ($23.90 in chips) 
Seat 7: justDgmt ($29.60 in chips) 
Seat 8: riksanchez ($38 in chips) 
Seat 9: sundro78 ($27.70 in chips) 
sundro78: posts small blind $0.10
mcceleste: posts big blind $0.25
$Bamb85i$: sits out 
*** HOLE CARDS ***
Dealt to Alameda22 [2s 9d]
Homer079: folds 
TWUbaseball2: calls $0.25
Alameda22: folds 
elorean: calls $0.25
justDgmt: folds 
riksanchez: folds 
sundro78: folds 
mcceleste: checks 
*** FLOP *** [3d 8d Jc]
mcceleste: checks 
TWUbaseball2: checks 
elorean: bets $0.75
mcceleste: folds 
TWUbaseball2: folds 
Uncalled bet ($0.75) returned to elorean
elorean collected $0.85 from pot
elorean: doesn't show hand 
*** SUMMARY ***
Total pot $0.85 | Rake $0 
Board [3d 8d Jc]
Seat 1: mcceleste (big blind) folded on the Flop
Seat 2: Homer079 folded before Flop (didn't bet)
Seat 3: TWUbaseball2 folded on the Flop
Seat 4: Alameda22 folded before Flop (didn't bet)
Seat 6: elorean collected ($0.85)
Seat 7: justDgmt folded before Flop (didn't bet)
Seat 8: riksanchez (button) folded before Flop (didn't bet)
Seat 9: sundro78 (small blind) folded before Flop



PokerStars Game #20024114331:  Hold'em No Limit ($0.10/$0.25) - 2008/08/30 - 19:39:21 (ET)
Table 'Dabih II' 9-max Seat #9 is the button
Seat 1: mcceleste ($24.75 in chips) 
Seat 2: Homer079 ($31.15 in chips) 
Seat 3: TWUbaseball2 ($9.25 in chips) 
Seat 4: Alameda22 ($57.20 in chips) 
Seat 6: elorean ($24.50 in chips) 
Seat 7: justDgmt ($29.60 in chips) 
Seat 8: riksanchez ($38 in chips) 
Seat 9: sundro78 ($27.60 in chips) 
mcceleste: posts small blind $0.10
Homer079: posts big blind $0.25
$Bamb85i$: sits out 
*** HOLE CARDS ***
Dealt to Alameda22 [9s 6s]
TWUbaseball2: folds 
Alameda22: folds 
elorean: folds 
justDgmt: folds 
riksanchez: folds 
sundro78: raises $0.50 to $0.75
mcceleste: calls $0.65
Homer079: folds 
*** FLOP *** [2s Kd Jh]
mcceleste: checks 
sundro78: bets $1
mcceleste: folds 
Uncalled bet ($1) returned to sundro78
sundro78 collected $1.70 from pot
sundro78: doesn't show hand 
*** SUMMARY ***
Total pot $1.75 | Rake $0.05 
Board [2s Kd Jh]
Seat 1: mcceleste (small blind) folded on the Flop
Seat 2: Homer079 (big blind) folded before Flop
Seat 3: TWUbaseball2 folded before Flop (didn't bet)
Seat 4: Alameda22 folded before Flop (didn't bet)
Seat 6: elorean folded before Flop (didn't bet)
Seat 7: justDgmt folded before Flop (didn't bet)
Seat 8: riksanchez folded before Flop (didn't bet)
Seat 9: sundro78 (button) collected ($1.70)



PokerStars Game #20024131464:  Hold'em No Limit ($0.10/$0.25) - 2008/08/30 - 19:40:10 (ET)
Table 'Dabih II' 9-max Seat #1 is the button
Seat 1: mcceleste ($24 in chips) 
Seat 2: Homer079 ($30.90 in chips) 
Seat 3: TWUbaseball2 ($9.25 in chips) 
Seat 4: Alameda22 ($57.20 in chips) 
Seat 6: elorean ($24.50 in chips) 
Seat 7: justDgmt ($29.60 in chips) 
Seat 8: riksanchez ($38 in chips) 
Seat 9: sundro78 ($28.55 in chips) 
Homer079: posts small blind $0.10
TWUbaseball2: posts big blind $0.25
$Bamb85i$: sits out 
*** HOLE CARDS ***
Dealt to Alameda22 [7d 8c]
Alameda22: folds 
elorean: folds 
justDgmt: raises $0.75 to $1
riksanchez: folds 
sundro78: folds 
mcceleste: folds 
Homer079: folds 
TWUbaseball2: calls $0.75
*** FLOP *** [Jd 5s 8h]
TWUbaseball2: checks 
justDgmt: bets $1.50
TWUbaseball2: folds 
Uncalled bet ($1.50) returned to justDgmt
justDgmt collected $2 from pot
justDgmt: doesn't show hand 
*** SUMMARY ***
Total pot $2.10 | Rake $0.10 
Board [Jd 5s 8h]
Seat 1: mcceleste (button) folded before Flop (didn't bet)
Seat 2: Homer079 (small blind) folded before Flop
Seat 3: TWUbaseball2 (big blind) folded on the Flop
Seat 4: Alameda22 folded before Flop (didn't bet)
Seat 6: elorean folded before Flop (didn't bet)
Seat 7: justDgmt collected ($2)
Seat 8: riksanchez folded before Flop (didn't bet)
Seat 9: sundro78 folded before Flop (didn't bet)



PokerStars Game #20024149686:  Hold'em No Limit ($0.10/$0.25) - 2008/08/30 - 19:41:03 (ET)
Table 'Dabih II' 9-max Seat #2 is the button
Seat 1: mcceleste ($24 in chips) 
Seat 2: Homer079 ($30.80 in chips) 
Seat 3: TWUbaseball2 ($8.25 in chips) 
Seat 4: Alameda22 ($57.20 in chips) 
Seat 6: elorean ($24.50 in chips) 
Seat 7: justDgmt ($30.60 in chips) 
Seat 8: riksanchez ($38 in chips) 
Seat 9: sundro78 ($28.55 in chips) 
TWUbaseball2: posts small blind $0.10
Alameda22: posts big blind $0.25
$Bamb85i$: sits out 
*** HOLE CARDS ***
Dealt to Alameda22 [8d Ad]
elorean: folds 
justDgmt: folds 
riksanchez: folds 
sundro78: calls $0.25
mcceleste: folds 
Homer079: folds 
TWUbaseball2: calls $0.15
Alameda22: checks 
*** FLOP *** [4c 6d 3h]
TWUbaseball2: bets $0.50
Alameda22: folds 
sundro78: folds 
Uncalled bet ($0.50) returned to TWUbaseball2
TWUbaseball2 collected $0.75 from pot
TWUbaseball2: doesn't show hand 
*** SUMMARY ***
Total pot $0.75 | Rake $0 
Board [4c 6d 3h]
Seat 1: mcceleste folded before Flop (didn't bet)
Seat 2: Homer079 (button) folded before Flop (didn't bet)
Seat 3: TWUbaseball2 (small blind) collected ($0.75)
Seat 4: Alameda22 (big blind) folded on the Flop
Seat 6: elorean folded before Flop (didn't bet)
Seat 7: justDgmt folded before Flop (didn't bet)
Seat 8: riksanchez folded before Flop (didn't bet)
Seat 9: sundro78 folded on the Flop



PokerStars Game #20024168353:  Hold'em No Limit ($0.10/$0.25) - 2008/08/30 - 19:41:58 (ET)
Table 'Dabih II' 9-max Seat #3 is the button
Seat 1: mcceleste ($24 in chips) 
Seat 2: Homer079 ($30.80 in chips) 
Seat 3: TWUbaseball2 ($8.75 in chips) 
Seat 4: Alameda22 ($56.95 in chips) 
Seat 5: $Bamb85i$ ($5 in chips) 
Seat 6: elorean ($24.50 in chips) 
Seat 7: justDgmt ($30.60 in chips) 
Seat 8: riksanchez ($38 in chips) 
Seat 9: sundro78 ($28.30 in chips) 
Alameda22: posts small blind $0.10
$Bamb85i$: posts big blind $0.25
*** HOLE CARDS ***
Dealt to Alameda22 [Ks 9s]
elorean: folds 
justDgmt: folds 
riksanchez: folds 
sundro78: folds 
mcceleste: calls $0.25
Homer079: folds 
TWUbaseball2: calls $0.25
Alameda22: folds 
$Bamb85i$: checks 
*** FLOP *** [5c 6d Kd]
$Bamb85i$: checks 
mcceleste: checks 
TWUbaseball2: checks 
*** TURN *** [5c 6d Kd] [8d]
$Bamb85i$: bets $0.75
mcceleste: calls $0.75
TWUbaseball2: folds 
*** RIVER *** [5c 6d Kd 8d] [9d]
$Bamb85i$: checks 
mcceleste: checks 
*** SHOW DOWN ***
$Bamb85i$: shows [7d 4c] (a flush, King high)
mcceleste: mucks hand 
$Bamb85i$ collected $2.25 from pot
*** SUMMARY ***
Total pot $2.35 | Rake $0.10 
Board [5c 6d Kd 8d 9d]
Seat 1: mcceleste mucked [As 8c]
Seat 2: Homer079 folded before Flop (didn't bet)
Seat 3: TWUbaseball2 (button) folded on the Turn
Seat 4: Alameda22 (small blind) folded before Flop
Seat 5: $Bamb85i$ (big blind) showed [7d 4c] and won ($2.25) with a flush, King high
Seat 6: elorean folded before Flop (didn't bet)
Seat 7: justDgmt folded before Flop (didn't bet)
Seat 8: riksanchez folded before Flop (didn't bet)
Seat 9: sundro78 folded before Flop (didn't bet)



PokerStars Game #20024203922:  Hold'em No Limit ($0.10/$0.25) - 2008/08/30 - 19:43:43 (ET)
Table 'Dabih II' 9-max Seat #4 is the button
Seat 1: mcceleste ($23 in chips) 
Seat 2: Homer079 ($30.80 in chips) 
Seat 3: TWUbaseball2 ($8.50 in chips) 
Seat 4: Alameda22 ($56.85 in chips) 
Seat 5: $Bamb85i$ ($6.25 in chips) 
Seat 6: elorean ($24.50 in chips) 
Seat 7: justDgmt ($30.60 in chips) 
Seat 8: riksanchez ($38 in chips) 
Seat 9: sundro78 ($28.30 in chips) 
$Bamb85i$: posts small blind $0.10
elorean: posts big blind $0.25
*** HOLE CARDS ***
Dealt to Alameda22 [6c Ad]
justDgmt: folds 
riksanchez: folds 
sundro78: folds 
mcceleste: raises $0.75 to $1
Homer079: folds 
TWUbaseball2: folds 
Alameda22: folds 
$Bamb85i$: folds 
elorean: calls $0.75
*** FLOP *** [6d 2d 4d]
elorean: checks 
mcceleste: checks 
*** TURN *** [6d 2d 4d] [Qs]
elorean: checks 
mcceleste: bets $1.50
elorean: calls $1.50
*** RIVER *** [6d 2d 4d Qs] [8h]
elorean: checks 
mcceleste: checks 
*** SHOW DOWN ***
elorean: shows [6h 5h] (a pair of Sixes)
mcceleste: shows [Kc Qh] (a pair of Queens)
mcceleste collected $4.85 from pot
*** SUMMARY ***
Total pot $5.10 | Rake $0.25 
Board [6d 2d 4d Qs 8h]
Seat 1: mcceleste showed [Kc Qh] and won ($4.85) with a pair of Queens
Seat 2: Homer079 folded before Flop (didn't bet)
Seat 3: TWUbaseball2 folded before Flop (didn't bet)
Seat 4: Alameda22 (button) folded before Flop (didn't bet)
Seat 5: $Bamb85i$ (small blind) folded before Flop
Seat 6: elorean (big blind) showed [6h 5h] and lost with a pair of Sixes
Seat 7: justDgmt folded before Flop (didn't bet)
Seat 8: riksanchez folded before Flop (didn't bet)
Seat 9: sundro78 folded before Flop (didn't bet)



PokerStars Game #20024224169:  Hold'em No Limit ($0.10/$0.25) - 2008/08/30 - 19:44:43 (ET)
Table 'Dabih II' 9-max Seat #5 is the button
Seat 1: mcceleste ($25.35 in chips) 
Seat 2: Homer079 ($30.80 in chips) 
Seat 3: TWUbaseball2 ($8.50 in chips) 
Seat 4: Alameda22 ($56.85 in chips) 
Seat 5: $Bamb85i$ ($6.15 in chips) 
Seat 6: elorean ($22 in chips) 
Seat 7: justDgmt ($30.60 in chips) 
Seat 8: riksanchez ($38 in chips) 
Seat 9: sundro78 ($28.30 in chips) 
elorean: posts small blind $0.10
justDgmt: posts big blind $0.25
*** HOLE CARDS ***
Dealt to Alameda22 [2h 4d]
riksanchez: folds 
sundro78: folds 
mcceleste: folds 
Homer079: folds 
TWUbaseball2: raises $0.50 to $0.75
Alameda22: folds 
$Bamb85i$: folds 
elorean: folds 
justDgmt: folds 
Uncalled bet ($0.50) returned to TWUbaseball2
TWUbaseball2 collected $0.60 from pot
TWUbaseball2: doesn't show hand 
*** SUMMARY ***
Total pot $0.60 | Rake $0 
Seat 1: mcceleste folded before Flop (didn't bet)
Seat 2: Homer079 folded before Flop (didn't bet)
Seat 3: TWUbaseball2 collected ($0.60)
Seat 4: Alameda22 folded before Flop (didn't bet)
Seat 5: $Bamb85i$ (button) folded before Flop (didn't bet)
Seat 6: elorean (small blind) folded before Flop
Seat 7: justDgmt (big blind) folded before Flop
Seat 8: riksanchez folded before Flop (didn't bet)
Seat 9: sundro78 folded before Flop (didn't bet)



PokerStars Game #20024233711:  Hold'em No Limit ($0.10/$0.25) - 2008/08/30 - 19:45:11 (ET)
Table 'Dabih II' 9-max Seat #6 is the button
Seat 1: mcceleste ($25.35 in chips) 
Seat 2: Homer079 ($30.80 in chips) 
Seat 3: TWUbaseball2 ($8.85 in chips) 
Seat 4: Alameda22 ($56.85 in chips) 
Seat 5: $Bamb85i$ ($6.15 in chips) 
Seat 6: elorean ($21.90 in chips) 
Seat 7: justDgmt ($30.35 in chips) 
Seat 8: riksanchez ($38 in chips) 
Seat 9: sundro78 ($28.30 in chips) 
justDgmt: posts small blind $0.10
riksanchez: posts big blind $0.25
*** HOLE CARDS ***
Dealt to Alameda22 [4c 7s]
sundro78: folds 
mcceleste: folds 
Homer079: folds 
TWUbaseball2: raises $0.50 to $0.75
Alameda22: folds 
$Bamb85i$: folds 
elorean: folds 
justDgmt: folds 
riksanchez: folds 
Uncalled bet ($0.50) returned to TWUbaseball2
TWUbaseball2 collected $0.60 from pot
*** SUMMARY ***
Total pot $0.60 | Rake $0 
Seat 1: mcceleste folded before Flop (didn't bet)
Seat 2: Homer079 folded before Flop (didn't bet)
Seat 3: TWUbaseball2 collected ($0.60)
Seat 4: Alameda22 folded before Flop (didn't bet)
Seat 5: $Bamb85i$ folded before Flop (didn't bet)
Seat 6: elorean (button) folded before Flop (didn't bet)
Seat 7: justDgmt (small blind) folded before Flop
Seat 8: riksanchez (big blind) folded before Flop
Seat 9: sundro78 folded before Flop (didn't bet)



PokerStars Game #20024246413:  Hold'em No Limit ($0.10/$0.25) - 2008/08/30 - 19:45:49 (ET)
Table 'Dabih II' 9-max Seat #7 is the button
Seat 1: mcceleste ($25.35 in chips) 
Seat 2: Homer079 ($30.80 in chips) 
Seat 3: TWUbaseball2 ($9.20 in chips) 
Seat 4: Alameda22 ($56.85 in chips) 
Seat 5: $Bamb85i$ ($6.15 in chips) 
Seat 6: elorean ($21.90 in chips) 
Seat 7: justDgmt ($30.25 in chips) 
Seat 8: riksanchez ($37.75 in chips) 
Seat 9: sundro78 ($28.30 in chips) 
riksanchez: posts small blind $0.10
sundro78: posts big blind $0.25
*** HOLE CARDS ***
Dealt to Alameda22 [Qc Ks]
mcceleste: calls $0.25
Homer079: folds 
TWUbaseball2: folds 
Alameda22: folds 
$Bamb85i$: folds 
elorean: raises $0.75 to $1
justDgmt: folds 
riksanchez: folds 
sundro78: folds 
mcceleste: folds 
Uncalled bet ($0.75) returned to elorean
elorean collected $0.85 from pot
elorean: doesn't show hand 
*** SUMMARY ***
Total pot $0.85 | Rake $0 
Seat 1: mcceleste folded before Flop
Seat 2: Homer079 folded before Flop (didn't bet)
Seat 3: TWUbaseball2 folded before Flop (didn't bet)
Seat 4: Alameda22 folded before Flop (didn't bet)
Seat 5: $Bamb85i$ folded before Flop (didn't bet)
Seat 6: elorean collected ($0.85)
Seat 7: justDgmt (button) folded before Flop (didn't bet)
Seat 8: riksanchez (small blind) folded before Flop
Seat 9: sundro78 (big blind) folded before Flop



PokerStars Game #20024266712:  Hold'em No Limit ($0.10/$0.25) - 2008/08/30 - 19:46:48 (ET)
Table 'Dabih II' 9-max Seat #8 is the button
Seat 1: mcceleste ($25.10 in chips) 
Seat 2: Homer079 ($30.80 in chips) 
Seat 3: TWUbaseball2 ($9.20 in chips) 
Seat 4: Alameda22 ($56.85 in chips) 
Seat 5: $Bamb85i$ ($6.15 in chips) 
Seat 6: elorean ($22.50 in chips) 
Seat 7: justDgmt ($30.25 in chips) 
Seat 8: riksanchez ($37.65 in chips) 
Seat 9: sundro78 ($28.05 in chips) 
sundro78: posts small blind $0.10
mcceleste: posts big blind $0.25
*** HOLE CARDS ***
Dealt to Alameda22 [6d 3h]
Homer079: folds 
TWUbaseball2: folds 
Alameda22: folds 
$Bamb85i$: folds 
elorean: folds 
justDgmt: folds 
riksanchez: raises $0.75 to $1
sundro78: folds 
mcceleste: folds 
Uncalled bet ($0.75) returned to riksanchez
riksanchez collected $0.60 from pot
riksanchez: doesn't show hand 
*** SUMMARY ***
Total pot $0.60 | Rake $0 
Seat 1: mcceleste (big blind) folded before Flop
Seat 2: Homer079 folded before Flop (didn't bet)
Seat 3: TWUbaseball2 folded before Flop (didn't bet)
Seat 4: Alameda22 folded before Flop (didn't bet)
Seat 5: $Bamb85i$ folded before Flop (didn't bet)
Seat 6: elorean folded before Flop (didn't bet)
Seat 7: justDgmt folded before Flop (didn't bet)
Seat 8: riksanchez (button) collected ($0.60)
Seat 9: sundro78 (small blind) folded before Flop



PokerStars Game #20024281365:  Hold'em No Limit ($0.10/$0.25) - 2008/08/30 - 19:47:31 (ET)
Table 'Dabih II' 9-max Seat #9 is the button
Seat 1: mcceleste ($24.85 in chips) 
Seat 2: Homer079 ($30.80 in chips) 
Seat 3: TWUbaseball2 ($9.20 in chips) 
Seat 4: Alameda22 ($56.85 in chips) 
Seat 5: $Bamb85i$ ($6.15 in chips) 
Seat 6: elorean ($22.50 in chips) 
Seat 7: justDgmt ($30.25 in chips) 
Seat 8: riksanchez ($38 in chips) 
Seat 9: sundro78 ($27.95 in chips) 
mcceleste: posts small blind $0.10
Homer079: posts big blind $0.25
*** HOLE CARDS ***
Dealt to Alameda22 [2s 6s]
TWUbaseball2: folds 
Alameda22: folds 
$Bamb85i$: folds 
elorean: folds 
justDgmt: raises $0.75 to $1
riksanchez: raises $2.25 to $3.25
sundro78: folds 
mcceleste: folds 
Homer079: folds 
justDgmt: calls $2.25
*** FLOP *** [Kc Kd Th]
justDgmt: checks 
riksanchez: bets $3.75
justDgmt: folds 
Uncalled bet ($3.75) returned to riksanchez
riksanchez collected $6.55 from pot
riksanchez: doesn't show hand 
*** SUMMARY ***
Total pot $6.85 | Rake $0.30 
Board [Kc Kd Th]
Seat 1: mcceleste (small blind) folded before Flop
Seat 2: Homer079 (big blind) folded before Flop
Seat 3: TWUbaseball2 folded before Flop (didn't bet)
Seat 4: Alameda22 folded before Flop (didn't bet)
Seat 5: $Bamb85i$ folded before Flop (didn't bet)
Seat 6: elorean folded before Flop (didn't bet)
Seat 7: justDgmt folded on the Flop
Seat 8: riksanchez collected ($6.55)
Seat 9: sundro78 (button) folded before Flop (didn't bet)



PokerStars Game #20024305761:  Hold'em No Limit ($0.10/$0.25) - 2008/08/30 - 19:48:44 (ET)
Table 'Dabih II' 9-max Seat #1 is the button
Seat 1: mcceleste ($24.75 in chips) 
Seat 2: Homer079 ($30.55 in chips) 
Seat 3: TWUbaseball2 ($9.20 in chips) 
Seat 4: Alameda22 ($56.85 in chips) 
Seat 5: $Bamb85i$ ($6.15 in chips) 
Seat 6: elorean ($22.50 in chips) 
Seat 7: justDgmt ($27 in chips) 
Seat 8: riksanchez ($41.30 in chips) 
Seat 9: sundro78 ($27.95 in chips) 
Homer079: posts small blind $0.10
TWUbaseball2: posts big blind $0.25
*** HOLE CARDS ***
Dealt to Alameda22 [6c 3h]
Alameda22: folds 
$Bamb85i$: folds 
elorean: folds 
justDgmt: calls $0.25
riksanchez: folds 
sundro78: folds 
mcceleste: raises $0.75 to $1
Homer079: raises $2 to $3
TWUbaseball2: folds 
justDgmt: folds 
mcceleste: folds 
Uncalled bet ($2) returned to Homer079
Homer079 collected $2.50 from pot
Homer079: doesn't show hand 
*** SUMMARY ***
Total pot $2.50 | Rake $0 
Seat 1: mcceleste (button) folded before Flop
Seat 2: Homer079 (small blind) collected ($2.50)
Seat 3: TWUbaseball2 (big blind) folded before Flop
Seat 4: Alameda22 folded before Flop (didn't bet)
Seat 5: $Bamb85i$ folded before Flop (didn't bet)
Seat 6: elorean folded before Flop (didn't bet)
Seat 7: justDgmt folded before Flop
Seat 8: riksanchez folded before Flop (didn't bet)
Seat 9: sundro78 folded before Flop (didn't bet)



PokerStars Game #20024327192:  Hold'em No Limit ($0.10/$0.25) - 2008/08/30 - 19:49:46 (ET)
Table 'Dabih II' 9-max Seat #2 is the button
Seat 1: mcceleste ($23.75 in chips) 
Seat 2: Homer079 ($32.05 in chips) 
Seat 3: TWUbaseball2 ($8.95 in chips) 
Seat 4: Alameda22 ($56.85 in chips) 
Seat 5: $Bamb85i$ ($6.15 in chips) 
Seat 6: elorean ($22.50 in chips) 
Seat 7: justDgmt ($26.75 in chips) 
Seat 8: riksanchez ($41.30 in chips) 
Seat 9: sundro78 ($27.95 in chips) 
TWUbaseball2: posts small blind $0.10
Alameda22: posts big blind $0.25
*** HOLE CARDS ***
Dealt to Alameda22 [Ts 7c]
$Bamb85i$: folds 
elorean: folds 
justDgmt: folds 
riksanchez: folds 
sundro78: folds 
mcceleste: folds 
Homer079: folds 
TWUbaseball2: calls $0.15
Alameda22: checks 
*** FLOP *** [4c Jh 7s]
TWUbaseball2: checks 
Alameda22: bets $0.25
TWUbaseball2: folds 
Uncalled bet ($0.25) returned to Alameda22
Alameda22 collected $0.50 from pot
Alameda22: doesn't show hand 
*** SUMMARY ***
Total pot $0.50 | Rake $0 
Board [4c Jh 7s]
Seat 1: mcceleste folded before Flop (didn't bet)
Seat 2: Homer079 (button) folded before Flop (didn't bet)
Seat 3: TWUbaseball2 (small blind) folded on the Flop
Seat 4: Alameda22 (big blind) collected ($0.50)
Seat 5: $Bamb85i$ folded before Flop (didn't bet)
Seat 6: elorean folded before Flop (didn't bet)
Seat 7: justDgmt folded before Flop (didn't bet)
Seat 8: riksanchez folded before Flop (didn't bet)
Seat 9: sundro78 folded before Flop (didn't bet)



PokerStars Game #20024344406:  Hold'em No Limit ($0.10/$0.25) - 2008/08/30 - 19:50:38 (ET)
Table 'Dabih II' 9-max Seat #3 is the button
Seat 1: mcceleste ($23.75 in chips) 
Seat 2: Homer079 ($32.05 in chips) 
Seat 3: TWUbaseball2 ($8.70 in chips) 
Seat 4: Alameda22 ($57.10 in chips) 
Seat 6: elorean ($22.50 in chips) 
Seat 7: justDgmt ($26.75 in chips) 
Seat 8: riksanchez ($41.30 in chips) 
Seat 9: sundro78 ($27.95 in chips) 
Alameda22: posts small blind $0.10
$Bamb85i$: is sitting out 
elorean: posts big blind $0.25
*** HOLE CARDS ***
Dealt to Alameda22 [5s 2h]
$Bamb85i$ leaves the table
justDgmt: folds 
riksanchez: folds 
sundro78: folds 
sundro78 leaves the table
mcceleste: calls $0.25
Homer079: folds 
TWUbaseball2: folds 
Alameda22: folds 
elorean: checks 
*** FLOP *** [3s Kh Qc]
elorean: checks 
mcceleste: bets $0.50
elorean: folds 
Uncalled bet ($0.50) returned to mcceleste
mcceleste collected $0.60 from pot
mcceleste: doesn't show hand 
*** SUMMARY ***
Total pot $0.60 | Rake $0 
Board [3s Kh Qc]
Seat 1: mcceleste collected ($0.60)
Seat 2: Homer079 folded before Flop (didn't bet)
Seat 3: TWUbaseball2 (button) folded before Flop (didn't bet)
Seat 4: Alameda22 (small blind) folded before Flop
Seat 6: elorean (big blind) folded on the Flop
Seat 7: justDgmt folded before Flop (didn't bet)
Seat 8: riksanchez folded before Flop (didn't bet)
Seat 9: sundro78 folded before Flop (didn't bet)



PokerStars Game #20024360731:  Hold'em No Limit ($0.10/$0.25) - 2008/08/30 - 19:51:27 (ET)
Table 'Dabih II' 9-max Seat #4 is the button
Seat 1: mcceleste ($24.10 in chips) 
Seat 2: Homer079 ($32.05 in chips) 
Seat 3: TWUbaseball2 ($8.70 in chips) 
Seat 4: Alameda22 ($57 in chips) 
Seat 6: elorean ($22.25 in chips) 
Seat 7: justDgmt ($26.75 in chips) 
Seat 8: riksanchez ($41.30 in chips) 
elorean: posts small blind $0.10
justDgmt: posts big blind $0.25
*** HOLE CARDS ***
Dealt to Alameda22 [3h Qh]
riksanchez: folds 
mcceleste: calls $0.25
Homer079: folds 
TWUbaseball2: folds 
Alameda22: folds 
erichlb77 joins the table at seat #5 
elorean: folds 
justDgmt: checks 
*** FLOP *** [Ah Th 8d]
justDgmt: checks 
mcceleste: bets $0.50
justDgmt: folds 
Uncalled bet ($0.50) returned to mcceleste
mcceleste collected $0.60 from pot
mcceleste: doesn't show hand 
*** SUMMARY ***
Total pot $0.60 | Rake $0 
Board [Ah Th 8d]
Seat 1: mcceleste collected ($0.60)
Seat 2: Homer079 folded before Flop (didn't bet)
Seat 3: TWUbaseball2 folded before Flop (didn't bet)
Seat 4: Alameda22 (button) folded before Flop (didn't bet)
Seat 6: elorean (small blind) folded before Flop
Seat 7: justDgmt (big blind) folded on the Flop
Seat 8: riksanchez folded before Flop (didn't bet)



PokerStars Game #20024385463:  Hold'em No Limit ($0.10/$0.25) - 2008/08/30 - 19:52:41 (ET)
Table 'Dabih II' 9-max Seat #6 is the button
Seat 1: mcceleste ($24.45 in chips) 
Seat 2: Homer079 ($32.05 in chips) 
Seat 3: TWUbaseball2 ($8.70 in chips) 
Seat 4: Alameda22 ($57 in chips) 
Seat 5: erichlb77 ($15 in chips) 
Seat 6: elorean ($22.15 in chips) 
Seat 7: justDgmt ($26.50 in chips) 
Seat 8: riksanchez ($41.30 in chips) 
justDgmt: posts small blind $0.10
riksanchez: posts big blind $0.25
erichlb77: posts big blind $0.25
*** HOLE CARDS ***
Dealt to Alameda22 [8h 5s]
mcceleste: raises $0.75 to $1
Homer079: folds 
TWUbaseball2: folds 
Alameda22: folds 
erichlb77: folds 
elorean: folds 
maserati_60 joins the table at seat #9 
justDgmt: raises $3 to $4
riksanchez: folds 
mcceleste: calls $3
*** FLOP *** [2h 6h 3c]
erichlb77 leaves the table
justDgmt: checks 
mcceleste: bets $5
justDgmt: folds 
Uncalled bet ($5) returned to mcceleste
mcceleste collected $8.10 from pot
mcceleste: doesn't show hand 
*** SUMMARY ***
Total pot $8.50 | Rake $0.40 
Board [2h 6h 3c]
Seat 1: mcceleste collected ($8.10)
Seat 2: Homer079 folded before Flop (didn't bet)
Seat 3: TWUbaseball2 folded before Flop (didn't bet)
Seat 4: Alameda22 folded before Flop (didn't bet)
Seat 5: erichlb77 folded before Flop
Seat 6: elorean (button) folded before Flop (didn't bet)
Seat 7: justDgmt (small blind) folded on the Flop
Seat 8: riksanchez (big blind) folded before Flop



PokerStars Game #20024405035:  Hold'em No Limit ($0.10/$0.25) - 2008/08/30 - 19:53:39 (ET)
Table 'Dabih II' 9-max Seat #7 is the button
Seat 1: mcceleste ($28.55 in chips) 
Seat 2: Homer079 ($32.05 in chips) 
Seat 3: TWUbaseball2 ($8.70 in chips) 
Seat 4: Alameda22 ($57 in chips) 
Seat 6: elorean ($22.15 in chips) 
Seat 7: justDgmt ($25 in chips) 
Seat 8: riksanchez ($41.05 in chips) 
Seat 9: maserati_60 ($10.40 in chips) 
riksanchez: posts small blind $0.10
maserati_60: posts big blind $0.25
*** HOLE CARDS ***
Dealt to Alameda22 [2h 6h]
mcceleste: folds 
Homer079: folds 
TWUbaseball2: folds 
Alameda22: folds 
elorean: folds 
justDgmt: folds 
riksanchez: folds 
Uncalled bet ($0.15) returned to maserati_60
maserati_60 collected $0.20 from pot
maserati_60: doesn't show hand 
*** SUMMARY ***
Total pot $0.20 | Rake $0 
Seat 1: mcceleste folded before Flop (didn't bet)
Seat 2: Homer079 folded before Flop (didn't bet)
Seat 3: TWUbaseball2 folded before Flop (didn't bet)
Seat 4: Alameda22 folded before Flop (didn't bet)
Seat 6: elorean folded before Flop (didn't bet)
Seat 7: justDgmt (button) folded before Flop (didn't bet)
Seat 8: riksanchez (small blind) folded before Flop
Seat 9: maserati_60 (big blind) collected ($0.20)



PokerStars Game #20024419207:  Hold'em No Limit ($0.10/$0.25) - 2008/08/30 - 19:54:22 (ET)
Table 'Dabih II' 9-max Seat #8 is the button
Seat 1: mcceleste ($28.55 in chips) 
Seat 2: Homer079 ($32.05 in chips) 
Seat 3: TWUbaseball2 ($8.70 in chips) 
Seat 4: Alameda22 ($57 in chips) 
Seat 6: elorean ($22.15 in chips) 
Seat 7: justDgmt ($25 in chips) 
Seat 8: riksanchez ($40.95 in chips) 
Seat 9: maserati_60 ($10.50 in chips) 
maserati_60: posts small blind $0.10
mcceleste: posts big blind $0.25
*** HOLE CARDS ***
Dealt to Alameda22 [6d 8c]
Homer079: folds 
TWUbaseball2: folds 
Alameda22: folds 
elorean: raises $0.50 to $0.75
justDgmt: folds 
riksanchez: folds 
maserati_60: folds 
mcceleste: folds 
Uncalled bet ($0.50) returned to elorean
elorean collected $0.60 from pot
elorean: doesn't show hand 
*** SUMMARY ***
Total pot $0.60 | Rake $0 
Seat 1: mcceleste (big blind) folded before Flop
Seat 2: Homer079 folded before Flop (didn't bet)
Seat 3: TWUbaseball2 folded before Flop (didn't bet)
Seat 4: Alameda22 folded before Flop (didn't bet)
Seat 6: elorean collected ($0.60)
Seat 7: justDgmt folded before Flop (didn't bet)
Seat 8: riksanchez (button) folded before Flop (didn't bet)
Seat 9: maserati_60 (small blind) folded before Flop



PokerStars Game #20024429805:  Hold'em No Limit ($0.10/$0.25) - 2008/08/30 - 19:54:54 (ET)
Table 'Dabih II' 9-max Seat #9 is the button
Seat 1: mcceleste ($28.30 in chips) 
Seat 2: Homer079 ($32.05 in chips) 
Seat 3: TWUbaseball2 ($8.70 in chips) 
Seat 4: Alameda22 ($57 in chips) 
Seat 6: elorean ($22.50 in chips) 
Seat 7: justDgmt ($25 in chips) 
Seat 8: riksanchez ($40.95 in chips) 
Seat 9: maserati_60 ($10.40 in chips) 
mcceleste: posts small blind $0.10
Homer079: posts big blind $0.25
*** HOLE CARDS ***
Dealt to Alameda22 [4s Kd]
TWUbaseball2: folds 
Alameda22: folds 
elorean: raises $0.50 to $0.75
justDgmt: folds 
riksanchez: folds 
maserati_60: folds 
mcceleste: calls $0.65
Homer079: folds 
*** FLOP *** [Jc Ks Kh]
mcceleste: checks 
elorean: bets $1.25
mcceleste: raises $1.75 to $3
elorean: raises $3.75 to $6.75
Trinity Pokr joins the table at seat #5 
mcceleste: folds 
Uncalled bet ($3.75) returned to elorean
elorean collected $7.40 from pot
elorean: doesn't show hand 
*** SUMMARY ***
Total pot $7.75 | Rake $0.35 
Board [Jc Ks Kh]
Seat 1: mcceleste (small blind) folded on the Flop
Seat 2: Homer079 (big blind) folded before Flop
Seat 3: TWUbaseball2 folded before Flop (didn't bet)
Seat 4: Alameda22 folded before Flop (didn't bet)
Seat 6: elorean collected ($7.40)
Seat 7: justDgmt folded before Flop (didn't bet)
Seat 8: riksanchez folded before Flop (didn't bet)
Seat 9: maserati_60 (button) folded before Flop (didn't bet)



PokerStars Game #20024456355:  Hold'em No Limit ($0.10/$0.25) - 2008/08/30 - 19:56:14 (ET)
Table 'Dabih II' 9-max Seat #1 is the button
Seat 1: mcceleste ($24.55 in chips) 
Seat 2: Homer079 ($31.80 in chips) 
Seat 3: TWUbaseball2 ($8.70 in chips) 
Seat 4: Alameda22 ($57 in chips) 
Seat 5: Trinity Pokr ($25 in chips) 
Seat 6: elorean ($26.15 in chips) 
Seat 7: justDgmt ($25 in chips) 
Seat 8: riksanchez ($40.95 in chips) 
Seat 9: maserati_60 ($10.40 in chips) 
Homer079: posts small blind $0.10
TWUbaseball2: posts big blind $0.25
Trinity Pokr: posts big blind $0.25
*** HOLE CARDS ***
Dealt to Alameda22 [5d 9s]
Alameda22: folds 
Trinity Pokr: checks 
elorean: folds 
justDgmt: folds 
riksanchez: raises $1 to $1.25
maserati_60: calls $1.25
mcceleste: raises $3.75 to $5
Homer079: folds 
TWUbaseball2: folds 
Trinity Pokr: folds 
riksanchez: folds 
maserati_60: folds 
Uncalled bet ($3.75) returned to mcceleste
mcceleste collected $4.35 from pot
mcceleste: doesn't show hand 
*** SUMMARY ***
Total pot $4.35 | Rake $0 
Seat 1: mcceleste (button) collected ($4.35)
Seat 2: Homer079 (small blind) folded before Flop
Seat 3: TWUbaseball2 (big blind) folded before Flop
Seat 4: Alameda22 folded before Flop (didn't bet)
Seat 5: Trinity Pokr folded before Flop
Seat 6: elorean folded before Flop (didn't bet)
Seat 7: justDgmt folded before Flop (didn't bet)
Seat 8: riksanchez folded before Flop
Seat 9: maserati_60 folded before Flop



PokerStars Game #20024479826:  Hold'em No Limit ($0.10/$0.25) - 2008/08/30 - 19:57:25 (ET)
Table 'Dabih II' 9-max Seat #2 is the button
Seat 1: mcceleste ($27.65 in chips) 
Seat 2: Homer079 ($31.70 in chips) 
Seat 3: TWUbaseball2 ($8.45 in chips) 
Seat 4: Alameda22 ($57 in chips) 
Seat 5: Trinity Pokr ($24.75 in chips) 
Seat 6: elorean ($26.15 in chips) 
Seat 7: justDgmt ($25 in chips) 
Seat 8: riksanchez ($39.70 in chips) 
Seat 9: maserati_60 ($9.15 in chips) 
TWUbaseball2: posts small blind $0.10
Alameda22: posts big blind $0.25
*** HOLE CARDS ***
Dealt to Alameda22 [3d Ad]
Trinity Pokr: calls $0.25
elorean: raises $0.50 to $0.75
justDgmt: folds 
riksanchez: folds 
maserati_60: calls $0.75
mcceleste: folds 
Homer079: folds 
TWUbaseball2: calls $0.65
Alameda22: folds 
Trinity Pokr: calls $0.50
*** FLOP *** [5h Jh 3c]
TWUbaseball2: checks 
Trinity Pokr: checks 
elorean: checks 
maserati_60: bets $1.75
TWUbaseball2: folds 
Trinity Pokr: folds 
elorean: folds 
Uncalled bet ($1.75) returned to maserati_60
maserati_60 collected $3.10 from pot
maserati_60: doesn't show hand 
*** SUMMARY ***
Total pot $3.25 | Rake $0.15 
Board [5h Jh 3c]
Seat 1: mcceleste folded before Flop (didn't bet)
Seat 2: Homer079 (button) folded before Flop (didn't bet)
Seat 3: TWUbaseball2 (small blind) folded on the Flop
Seat 4: Alameda22 (big blind) folded before Flop
Seat 5: Trinity Pokr folded on the Flop
Seat 6: elorean folded on the Flop
Seat 7: justDgmt folded before Flop (didn't bet)
Seat 8: riksanchez folded before Flop (didn't bet)
Seat 9: maserati_60 collected ($3.10)



PokerStars Game #20024519241:  Hold'em No Limit ($0.10/$0.25) - 2008/08/30 - 19:59:25 (ET)
Table 'Dabih II' 9-max Seat #3 is the button
Seat 1: mcceleste ($27.65 in chips) 
Seat 2: Homer079 ($31.70 in chips) 
Seat 3: TWUbaseball2 ($7.70 in chips) 
Seat 4: Alameda22 ($56.75 in chips) 
Seat 5: Trinity Pokr ($24 in chips) 
Seat 6: elorean ($25.40 in chips) 
Seat 7: justDgmt ($25 in chips) 
Seat 8: riksanchez ($39.70 in chips) 
Seat 9: maserati_60 ($11.50 in chips) 
Alameda22: posts small blind $0.10
Trinity Pokr: posts big blind $0.25
*** HOLE CARDS ***
Dealt to Alameda22 [Ks 3s]
elorean: folds 
justDgmt: folds 
riksanchez: folds 
maserati_60: folds 
mcceleste: folds 
Homer079: folds 
TWUbaseball2: folds 
Alameda22: folds 
Uncalled bet ($0.15) returned to Trinity Pokr
Trinity Pokr collected $0.20 from pot
Trinity Pokr: doesn't show hand 
*** SUMMARY ***
Total pot $0.20 | Rake $0 
Seat 1: mcceleste folded before Flop (didn't bet)
Seat 2: Homer079 folded before Flop (didn't bet)
Seat 3: TWUbaseball2 (button) folded before Flop (didn't bet)
Seat 4: Alameda22 (small blind) folded before Flop
Seat 5: Trinity Pokr (big blind) collected ($0.20)
Seat 6: elorean folded before Flop (didn't bet)
Seat 7: justDgmt folded before Flop (didn't bet)
Seat 8: riksanchez folded before Flop (didn't bet)
Seat 9: maserati_60 folded before Flop (didn't bet)



PokerStars Game #20024529388:  Hold'em No Limit ($0.10/$0.25) - 2008/08/30 - 19:59:57 (ET)
Table 'Dabih II' 9-max Seat #4 is the button
Seat 1: mcceleste ($27.65 in chips) 
Seat 2: Homer079 ($31.70 in chips) 
Seat 3: TWUbaseball2 ($7.70 in chips) 
Seat 4: Alameda22 ($56.65 in chips) 
Seat 5: Trinity Pokr ($24.10 in chips) 
Seat 6: elorean ($25.40 in chips) 
Seat 7: justDgmt ($25 in chips) 
Seat 8: riksanchez ($39.70 in chips) 
Seat 9: maserati_60 ($11.50 in chips) 
Trinity Pokr: posts small blind $0.10
elorean: posts big blind $0.25
*** HOLE CARDS ***
Dealt to Alameda22 [Qc 3s]
justDgmt: folds 
riksanchez: folds 
maserati_60: folds 
mcceleste: calls $0.25
Homer079: folds 
TWUbaseball2: folds 
Alameda22: folds 
Trinity Pokr: folds 
elorean: raises $0.75 to $1
mcceleste: calls $0.75
*** FLOP *** [Qs Js Jh]
elorean: bets $1.50
mcceleste: calls $1.50
*** TURN *** [Qs Js Jh] [2c]
elorean: bets $4
mcceleste: calls $4
*** RIVER *** [Qs Js Jh 2c] [5c]
elorean: checks 
mcceleste: bets $7
elorean: raises $11.90 to $18.90 and is all-in
mcceleste: folds 
Uncalled bet ($11.90) returned to elorean
elorean collected $25.80 from pot
elorean: doesn't show hand 
*** SUMMARY ***
Total pot $27.10 | Rake $1.30 
Board [Qs Js Jh 2c 5c]
Seat 1: mcceleste folded on the River
Seat 2: Homer079 folded before Flop (didn't bet)
Seat 3: TWUbaseball2 folded before Flop (didn't bet)
Seat 4: Alameda22 (button) folded before Flop (didn't bet)
Seat 5: Trinity Pokr (small blind) folded before Flop
Seat 6: elorean (big blind) collected ($25.80)
Seat 7: justDgmt folded before Flop (didn't bet)
Seat 8: riksanchez folded before Flop (didn't bet)
Seat 9: maserati_60 folded before Flop (didn't bet)



PokerStars Game #20024591152:  Hold'em No Limit ($0.10/$0.25) - 2008/08/30 - 20:02:58 (ET)
Table 'Dabih II' 9-max Seat #5 is the button
Seat 1: mcceleste ($25 in chips) 
Seat 2: Homer079 ($31.70 in chips) 
Seat 3: TWUbaseball2 ($7.70 in chips) 
Seat 4: Alameda22 ($56.65 in chips) 
Seat 5: Trinity Pokr ($24 in chips) 
Seat 6: elorean ($37.70 in chips) 
Seat 7: justDgmt ($25 in chips) 
Seat 8: riksanchez ($39.70 in chips) 
Seat 9: maserati_60 ($11.50 in chips) 
elorean: posts small blind $0.10
justDgmt: posts big blind $0.25
*** HOLE CARDS ***
Dealt to Alameda22 [8d 7s]
riksanchez: folds 
maserati_60: folds 
riksanchez leaves the table
mcceleste: calls $0.25
Homer079: folds 
TWUbaseball2: raises $0.75 to $1
Alameda22: folds 
Trinity Pokr: folds 
elorean: folds 
justDgmt: folds 
mcceleste: calls $0.75
*** FLOP *** [5d 3c 2h]
mcceleste: checks 
TWUbaseball2: checks 
*** TURN *** [5d 3c 2h] [Ad]
mcceleste: checks 
TWUbaseball2: bets $0.50
mcceleste: calls $0.50
*** RIVER *** [5d 3c 2h Ad] [Ks]
mcceleste: checks 
TWUbaseball2: bets $1
mcceleste: calls $1
*** SHOW DOWN ***
TWUbaseball2: shows [Ac Jc] (a pair of Aces)
mcceleste: mucks hand 
TWUbaseball2 collected $5.10 from pot
*** SUMMARY ***
Total pot $5.35 | Rake $0.25 
Board [5d 3c 2h Ad Ks]
Seat 1: mcceleste mucked [Ts Ah]
Seat 2: Homer079 folded before Flop (didn't bet)
Seat 3: TWUbaseball2 showed [Ac Jc] and won ($5.10) with a pair of Aces
Seat 4: Alameda22 folded before Flop (didn't bet)
Seat 5: Trinity Pokr (button) folded before Flop (didn't bet)
Seat 6: elorean (small blind) folded before Flop
Seat 7: justDgmt (big blind) folded before Flop
Seat 8: riksanchez folded before Flop (didn't bet)
Seat 9: maserati_60 folded before Flop (didn't bet)



PokerStars Game #20024625427:  Hold'em No Limit ($0.10/$0.25) - 2008/08/30 - 20:04:40 (ET)
Table 'Dabih II' 9-max Seat #6 is the button
Seat 1: mcceleste ($22.50 in chips) 
Seat 2: Homer079 ($31.70 in chips) 
Seat 3: TWUbaseball2 ($10.30 in chips) 
Seat 4: Alameda22 ($56.65 in chips) 
Seat 5: Trinity Pokr ($24 in chips) 
Seat 6: elorean ($37.60 in chips) 
Seat 7: justDgmt ($24.75 in chips) 
Seat 9: maserati_60 ($11.50 in chips) 
justDgmt: posts small blind $0.10
maserati_60: posts big blind $0.25
*** HOLE CARDS ***
Dealt to Alameda22 [2h Th]
mcceleste: calls $0.25
Homer079: folds 
TWUbaseball2: calls $0.25
Alameda22: folds 
Trinity Pokr: folds 
elorean: calls $0.25
justDgmt: folds 
maserati_60: checks 
*** FLOP *** [5s 7h Kd]
maserati_60: checks 
mcceleste: checks 
TWUbaseball2: bets $0.50
elorean: calls $0.50
maserati_60: folds 
mcceleste: folds 
*** TURN *** [5s 7h Kd] [2d]
TWUbaseball2: bets $0.50
elorean: calls $0.50
*** RIVER *** [5s 7h Kd 2d] [Qh]
TWUbaseball2: checks 
elorean: checks 
*** SHOW DOWN ***
TWUbaseball2: shows [Ah 7s] (a pair of Sevens)
elorean: mucks hand 
TWUbaseball2 collected $2.95 from pot
*** SUMMARY ***
Total pot $3.10 | Rake $0.15 
Board [5s 7h Kd 2d Qh]
Seat 1: mcceleste folded on the Flop
Seat 2: Homer079 folded before Flop (didn't bet)
Seat 3: TWUbaseball2 showed [Ah 7s] and won ($2.95) with a pair of Sevens
Seat 4: Alameda22 folded before Flop (didn't bet)
Seat 5: Trinity Pokr folded before Flop (didn't bet)
Seat 6: elorean (button) mucked [8c 9d]
Seat 7: justDgmt (small blind) folded before Flop
Seat 9: maserati_60 (big blind) folded on the Flop



PokerStars Game #20024647176:  Hold'em No Limit ($0.10/$0.25) - 2008/08/30 - 20:05:44 (ET)
Table 'Dabih II' 9-max Seat #7 is the button
Seat 1: mcceleste ($22.25 in chips) 
Seat 2: Homer079 ($31.70 in chips) 
Seat 3: TWUbaseball2 ($12 in chips) 
Seat 4: Alameda22 ($56.65 in chips) 
Seat 5: Trinity Pokr ($24 in chips) 
Seat 6: elorean ($36.35 in chips) 
Seat 7: justDgmt ($24.65 in chips) 
Seat 9: maserati_60 ($11.25 in chips) 
maserati_60: posts small blind $0.10
mcceleste: posts big blind $0.25
*** HOLE CARDS ***
Dealt to Alameda22 [9s Jc]
Homer079: folds 
TWUbaseball2: folds 
Alameda22: folds 
Trinity Pokr: raises $0.50 to $0.75
elorean: folds 
justDgmt: folds 
maserati_60: folds 
mcceleste: folds 
Uncalled bet ($0.50) returned to Trinity Pokr
Trinity Pokr collected $0.60 from pot
Trinity Pokr: doesn't show hand 
*** SUMMARY ***
Total pot $0.60 | Rake $0 
Seat 1: mcceleste (big blind) folded before Flop
Seat 2: Homer079 folded before Flop (didn't bet)
Seat 3: TWUbaseball2 folded before Flop (didn't bet)
Seat 4: Alameda22 folded before Flop (didn't bet)
Seat 5: Trinity Pokr collected ($0.60)
Seat 6: elorean folded before Flop (didn't bet)
Seat 7: justDgmt (button) folded before Flop (didn't bet)
Seat 9: maserati_60 (small blind) folded before Flop



PokerStars Game #20024657864:  Hold'em No Limit ($0.10/$0.25) - 2008/08/30 - 20:06:15 (ET)
Table 'Dabih II' 9-max Seat #9 is the button
Seat 1: mcceleste ($22 in chips) 
Seat 2: Homer079 ($31.70 in chips) 
Seat 3: TWUbaseball2 ($12 in chips) 
Seat 4: Alameda22 ($56.65 in chips) 
Seat 5: Trinity Pokr ($24.35 in chips) 
Seat 6: elorean ($36.35 in chips) 
Seat 7: justDgmt ($24.65 in chips) 
Seat 9: maserati_60 ($11.15 in chips) 
mcceleste: posts small blind $0.10
Homer079: posts big blind $0.25
*** HOLE CARDS ***
Dealt to Alameda22 [3c 9c]
TWUbaseball2: raises $0.50 to $0.75
Alameda22: folds 
Trinity Pokr: calls $0.75
elorean: folds 
justDgmt: calls $0.75
maserati_60: folds 
mcceleste: folds 
Homer079: folds 
*** FLOP *** [Qs Js 5h]
TWUbaseball2: checks 
Trinity Pokr: bets $1.25
justDgmt: folds 
TWUbaseball2: folds 
Uncalled bet ($1.25) returned to Trinity Pokr
Trinity Pokr collected $2.50 from pot
Trinity Pokr: doesn't show hand 
*** SUMMARY ***
Total pot $2.60 | Rake $0.10 
Board [Qs Js 5h]
Seat 1: mcceleste (small blind) folded before Flop
Seat 2: Homer079 (big blind) folded before Flop
Seat 3: TWUbaseball2 folded on the Flop
Seat 4: Alameda22 folded before Flop (didn't bet)
Seat 5: Trinity Pokr collected ($2.50)
Seat 6: elorean folded before Flop (didn't bet)
Seat 7: justDgmt folded on the Flop
Seat 9: maserati_60 (button) folded before Flop (didn't bet)



PokerStars Game #20024677132:  Hold'em No Limit ($0.10/$0.25) - 2008/08/30 - 20:07:12 (ET)
Table 'Dabih II' 9-max Seat #1 is the button
Seat 1: mcceleste ($21.90 in chips) 
Seat 2: Homer079 ($31.45 in chips) 
Seat 3: TWUbaseball2 ($11.25 in chips) 
Seat 4: Alameda22 ($56.65 in chips) 
Seat 5: Trinity Pokr ($26.10 in chips) 
Seat 6: elorean ($36.35 in chips) 
Seat 7: justDgmt ($23.90 in chips) 
Seat 9: maserati_60 ($11.15 in chips) 
Homer079: posts small blind $0.10
TWUbaseball2: posts big blind $0.25
*** HOLE CARDS ***
Dealt to Alameda22 [6s 4h]
Alameda22: folds 
Trinity Pokr: calls $0.25
elorean: raises $0.75 to $1
justDgmt: folds 
maserati_60: folds 
mcceleste: calls $1
Homer079: folds 
TWUbaseball2: folds 
Trinity Pokr: calls $0.75
*** FLOP *** [Qh Qc 7s]
Trinity Pokr: bets $1
elorean: raises $2.50 to $3.50
mcceleste: folds 
Trinity Pokr: folds 
Uncalled bet ($2.50) returned to elorean
elorean collected $5.10 from pot
elorean: doesn't show hand 
*** SUMMARY ***
Total pot $5.35 | Rake $0.25 
Board [Qh Qc 7s]
Seat 1: mcceleste (button) folded on the Flop
Seat 2: Homer079 (small blind) folded before Flop
Seat 3: TWUbaseball2 (big blind) folded before Flop
Seat 4: Alameda22 folded before Flop (didn't bet)
Seat 5: Trinity Pokr folded on the Flop
Seat 6: elorean collected ($5.10)
Seat 7: justDgmt folded before Flop (didn't bet)
Seat 9: maserati_60 folded before Flop (didn't bet)



PokerStars Game #20024703882:  Hold'em No Limit ($0.10/$0.25) - 2008/08/30 - 20:08:30 (ET)
Table 'Dabih II' 9-max Seat #2 is the button
Seat 1: mcceleste ($20.90 in chips) 
Seat 2: Homer079 ($31.35 in chips) 
Seat 3: TWUbaseball2 ($11 in chips) 
Seat 4: Alameda22 ($56.65 in chips) 
Seat 5: Trinity Pokr ($24.10 in chips) 
Seat 6: elorean ($39.45 in chips) 
Seat 7: justDgmt ($23.90 in chips) 
Seat 9: maserati_60 ($11.15 in chips) 
TWUbaseball2: posts small blind $0.10
Alameda22: posts big blind $0.25
*** HOLE CARDS ***
Dealt to Alameda22 [3s Ts]
Trinity Pokr: raises $0.50 to $0.75
elorean: calls $0.75
justDgmt: folds 
maserati_60: folds 
mcceleste: folds 
Homer079: folds 
TWUbaseball2: calls $0.65
Alameda22: folds 
*** FLOP *** [5h Kd 6c]
TWUbaseball2: checks 
Trinity Pokr: bets $1
elorean: calls $1
TWUbaseball2: calls $1
*** TURN *** [5h Kd 6c] [Jh]
TWUbaseball2: checks 
Trinity Pokr: bets $2.50
elorean: folds 
TWUbaseball2: calls $2.50
*** RIVER *** [5h Kd 6c Jh] [Js]
TWUbaseball2: checks 
Trinity Pokr: bets $19.85 and is all-in
TWUbaseball2: folds 
Uncalled bet ($19.85) returned to Trinity Pokr
Trinity Pokr collected $10 from pot
Trinity Pokr: doesn't show hand 
hamz007 joins the table at seat #8 
*** SUMMARY ***
Total pot $10.50 | Rake $0.50 
Board [5h Kd 6c Jh Js]
Seat 1: mcceleste folded before Flop (didn't bet)
Seat 2: Homer079 (button) folded before Flop (didn't bet)
Seat 3: TWUbaseball2 (small blind) folded on the River
Seat 4: Alameda22 (big blind) folded before Flop
Seat 5: Trinity Pokr collected ($10)
Seat 6: elorean folded on the Turn
Seat 7: justDgmt folded before Flop (didn't bet)
Seat 9: maserati_60 folded before Flop (didn't bet)



PokerStars Game #20024738349:  Hold'em No Limit ($0.10/$0.25) - 2008/08/30 - 20:10:12 (ET)
Table 'Dabih II' 9-max Seat #3 is the button
Seat 1: mcceleste ($20.90 in chips) 
Seat 2: Homer079 ($31.35 in chips) 
Seat 3: TWUbaseball2 ($6.75 in chips) 
Seat 4: Alameda22 ($56.40 in chips) 
Seat 5: Trinity Pokr ($29.85 in chips) 
Seat 6: elorean ($37.70 in chips) 
Seat 7: justDgmt ($23.90 in chips) 
Seat 8: hamz007 ($10 in chips) 
Seat 9: maserati_60 ($11.15 in chips) 
Alameda22: posts small blind $0.10
Trinity Pokr: posts big blind $0.25
hamz007: posts big blind $0.25
*** HOLE CARDS ***
Dealt to Alameda22 [6h 5h]
elorean: folds 
justDgmt: folds 
elorean leaves the table
hamz007: checks 
maserati_60: folds 
mcceleste: folds 
Homer079: folds 
TWUbaseball2: folds 
Alameda22: calls $0.15
Trinity Pokr: checks 
*** FLOP *** [Kd 3d 8s]
Alameda22: checks 
Trinity Pokr: checks 
hamz007: checks 
*** TURN *** [Kd 3d 8s] [Ac]
Alameda22: checks 
Trinity Pokr: checks 
R@nTAnpl@N joins the table at seat #6 
hamz007: bets $0.25
Alameda22: folds 
Trinity Pokr: folds 
Uncalled bet ($0.25) returned to hamz007
hamz007 collected $0.75 from pot
*** SUMMARY ***
Total pot $0.75 | Rake $0 
Board [Kd 3d 8s Ac]
Seat 1: mcceleste folded before Flop (didn't bet)
Seat 2: Homer079 folded before Flop (didn't bet)
Seat 3: TWUbaseball2 (button) folded before Flop (didn't bet)
Seat 4: Alameda22 (small blind) folded on the Turn
Seat 5: Trinity Pokr (big blind) folded on the Turn
Seat 6: elorean folded before Flop (didn't bet)
Seat 7: justDgmt folded before Flop (didn't bet)
Seat 8: hamz007 collected ($0.75)
Seat 9: maserati_60 folded before Flop (didn't bet)



PokerStars Game #20024778660:  Hold'em No Limit ($0.10/$0.25) - 2008/08/30 - 20:12:12 (ET)
Table 'Dabih II' 9-max Seat #4 is the button
Seat 1: mcceleste ($20.90 in chips) 
Seat 2: Homer079 ($31.35 in chips) 
Seat 3: TWUbaseball2 ($6.75 in chips) 
Seat 4: Alameda22 ($56.15 in chips) 
Seat 5: Trinity Pokr ($29.60 in chips) 
Seat 6: R@nTAnpl@N ($25 in chips) 
Seat 7: justDgmt ($23.90 in chips) 
Seat 8: hamz007 ($10.50 in chips) 
Seat 9: maserati_60 ($11.15 in chips) 
Trinity Pokr: posts small blind $0.10
R@nTAnpl@N: posts big blind $0.25
*** HOLE CARDS ***
Dealt to Alameda22 [2s 3h]
justDgmt: folds 
justDgmt leaves the table
hamz007: calls $0.25
maserati_60: calls $0.25
mcceleste: folds 
Homer079: folds 
TWUbaseball2: calls $0.25
Alameda22: folds 
Trinity Pokr: calls $0.15
R@nTAnpl@N: checks 
*** FLOP *** [Ac 3s 6h]
Trinity Pokr: checks 
R@nTAnpl@N: checks 
hamz007: bets $0.25
maserati_60: calls $0.25
TWUbaseball2: folds 
Trinity Pokr: folds 
R@nTAnpl@N: folds 
*** TURN *** [Ac 3s 6h] [2c]
Trinity Pokr leaves the table
hamz007: checks 
maserati_60: bets $0.75
hamz007: folds 
Uncalled bet ($0.75) returned to maserati_60
maserati_60 collected $1.70 from pot
maserati_60: doesn't show hand 
*** SUMMARY ***
Total pot $1.75 | Rake $0.05 
Board [Ac 3s 6h 2c]
Seat 1: mcceleste folded before Flop (didn't bet)
Seat 2: Homer079 folded before Flop (didn't bet)
Seat 3: TWUbaseball2 folded on the Flop
Seat 4: Alameda22 (button) folded before Flop (didn't bet)
Seat 5: Trinity Pokr (small blind) folded on the Flop
Seat 6: R@nTAnpl@N (big blind) folded on the Flop
Seat 7: justDgmt folded before Flop (didn't bet)
Seat 8: hamz007 folded on the Turn
Seat 9: maserati_60 collected ($1.70)



PokerStars Game #20024809664:  Hold'em No Limit ($0.10/$0.25) - 2008/08/30 - 20:13:45 (ET)
Table 'Dabih II' 9-max Seat #6 is the button
Seat 1: mcceleste ($20.90 in chips) 
Seat 2: Homer079 ($31.35 in chips) 
Seat 3: TWUbaseball2 ($6.50 in chips) 
Seat 4: Alameda22 ($56.15 in chips) 
Seat 6: R@nTAnpl@N ($24.75 in chips) 
Seat 8: hamz007 ($10 in chips) 
Seat 9: maserati_60 ($12.35 in chips) 
hamz007: posts small blind $0.10
maserati_60: posts big blind $0.25
*** HOLE CARDS ***
Dealt to Alameda22 [Ad 4d]
mcceleste: calls $0.25
Homer079: folds 
TWUbaseball2: calls $0.25
Alameda22: folds 
R@nTAnpl@N: folds 
hamz007: calls $0.15
maserati_60: checks 
*** FLOP *** [4h Jh Js]
hamz007: checks 
maserati_60: checks 
mcceleste: bets $0.75
TWUbaseball2: folds 
hamz007: folds 
maserati_60: folds 
Uncalled bet ($0.75) returned to mcceleste
mcceleste collected $0.95 from pot
*** SUMMARY ***
Total pot $1 | Rake $0.05 
Board [4h Jh Js]
Seat 1: mcceleste collected ($0.95)
Seat 2: Homer079 folded before Flop (didn't bet)
Seat 3: TWUbaseball2 folded on the Flop
Seat 4: Alameda22 folded before Flop (didn't bet)
Seat 6: R@nTAnpl@N (button) folded before Flop (didn't bet)
Seat 8: hamz007 (small blind) folded on the Flop
Seat 9: maserati_60 (big blind) folded on the Flop



PokerStars Game #20024849267:  Hold'em No Limit ($0.10/$0.25) - 2008/08/30 - 20:15:41 (ET)
Table 'Dabih II' 9-max Seat #8 is the button
Seat 1: mcceleste ($21.60 in chips) 
Seat 2: Homer079 ($31.35 in chips) 
Seat 3: TWUbaseball2 ($6.25 in chips) 
Seat 4: Alameda22 ($56.15 in chips) 
Seat 6: R@nTAnpl@N ($24.75 in chips) 
Seat 8: hamz007 ($9.75 in chips) 
Seat 9: maserati_60 ($12.10 in chips) 
maserati_60: posts small blind $0.10
mcceleste: posts big blind $0.25
*** HOLE CARDS ***
Dealt to Alameda22 [7c 2d]
Homer079: folds 
TWUbaseball2: calls $0.25
Alameda22: folds 
R@nTAnpl@N: folds 
R@nTAnpl@N leaves the table
hamz007: folds 
maserati_60: raises $0.50 to $0.75
mcceleste: calls $0.50
TWUbaseball2: calls $0.50
*** FLOP *** [3d 5c 4h]
maserati_60: checks 
mcceleste: checks 
TWUbaseball2: checks 
*** TURN *** [3d 5c 4h] [6h]
maserati_60: checks 
mcceleste: bets $1.50
TWUbaseball2: folds 
maserati_60: folds 
Uncalled bet ($1.50) returned to mcceleste
mcceleste collected $2.15 from pot
*** SUMMARY ***
Total pot $2.25 | Rake $0.10 
Board [3d 5c 4h 6h]
Seat 1: mcceleste (big blind) collected ($2.15)
Seat 2: Homer079 folded before Flop (didn't bet)
Seat 3: TWUbaseball2 folded on the Turn
Seat 4: Alameda22 folded before Flop (didn't bet)
Seat 6: R@nTAnpl@N folded before Flop (didn't bet)
Seat 8: hamz007 (button) folded before Flop (didn't bet)
Seat 9: maserati_60 (small blind) folded on the Turn



PokerStars Game #20024880995:  Hold'em No Limit ($0.10/$0.25) - 2008/08/30 - 20:17:12 (ET)
Table 'Dabih II' 9-max Seat #9 is the button
Seat 1: mcceleste ($23 in chips) 
Seat 2: Homer079 ($31.35 in chips) 
Seat 3: TWUbaseball2 ($5.50 in chips) 
Seat 4: Alameda22 ($56.15 in chips) 
Seat 8: hamz007 ($9.75 in chips) 
Seat 9: maserati_60 ($11.35 in chips) 
mcceleste: posts small blind $0.10
Homer079: posts big blind $0.25
*** HOLE CARDS ***
Dealt to Alameda22 [Qh Kc]
TWUbaseball2: folds 
Alameda22: folds 
TWUbaseball2 leaves the table
hamz007: calls $0.25
maserati_60: raises $0.50 to $0.75
mcceleste: calls $0.65
Homer079: folds 
hamz007: calls $0.50
*** FLOP *** [Tc 2c 8c]
mcceleste: checks 
hamz007: bets $0.50
maserati_60: folds 
mcceleste: folds 
Uncalled bet ($0.50) returned to hamz007
hamz007 collected $2.40 from pot
*** SUMMARY ***
Total pot $2.50 | Rake $0.10 
Board [Tc 2c 8c]
Seat 1: mcceleste (small blind) folded on the Flop
Seat 2: Homer079 (big blind) folded before Flop
Seat 3: TWUbaseball2 folded before Flop (didn't bet)
Seat 4: Alameda22 folded before Flop (didn't bet)
Seat 8: hamz007 collected ($2.40)
Seat 9: maserati_60 (button) folded on the Flop



PokerStars Game #20024912026:  Hold'em No Limit ($0.10/$0.25) - 2008/08/30 - 20:18:43 (ET)
Table 'Dabih II' 9-max Seat #1 is the button
Seat 1: mcceleste ($22.25 in chips) 
Seat 2: Homer079 ($31.10 in chips) 
Seat 4: Alameda22 ($56.15 in chips) 
Seat 8: hamz007 ($11.40 in chips) 
Seat 9: maserati_60 ($10.60 in chips) 
Homer079: posts small blind $0.10
Alameda22: posts big blind $0.25
*** HOLE CARDS ***
Dealt to Alameda22 [Ah Qs]
hamz007: folds 
maserati_60: raises $0.25 to $0.50
mcceleste: folds 
Homer079: folds 
Alameda22: calls $0.25
*** FLOP *** [Kd 4s 3s]
Alameda22: checks 
maserati_60: bets $0.50
Alameda22: folds 
Uncalled bet ($0.50) returned to maserati_60
maserati_60 collected $1.05 from pot
maserati_60: doesn't show hand 
*** SUMMARY ***
Total pot $1.10 | Rake $0.05 
Board [Kd 4s 3s]
Seat 1: mcceleste (button) folded before Flop (didn't bet)
Seat 2: Homer079 (small blind) folded before Flop
Seat 4: Alameda22 (big blind) folded on the Flop
Seat 8: hamz007 folded before Flop (didn't bet)
Seat 9: maserati_60 collected ($1.05)



PokerStars Game #20024938658:  Hold'em No Limit ($0.10/$0.25) - 2008/08/30 - 20:20:00 (ET)
Table 'Dabih II' 9-max Seat #2 is the button
Seat 1: mcceleste ($22.25 in chips) 
Seat 2: Homer079 ($31 in chips) 
Seat 4: Alameda22 ($55.65 in chips) 
Seat 8: hamz007 ($11.40 in chips) 
Seat 9: maserati_60 ($11.15 in chips) 
Alameda22: posts small blind $0.10
hamz007: posts big blind $0.25
*** HOLE CARDS ***
Dealt to Alameda22 [6d Th]
maserati_60: raises $0.25 to $0.50
mcceleste: folds 
Homer079: folds 
Alameda22: folds 
hamz007: calls $0.25
*** FLOP *** [Ks 3s 8c]
hamz007: bets $0.25
maserati_60: raises $0.75 to $1
hamz007: folds 
Uncalled bet ($0.75) returned to maserati_60
maserati_60 collected $1.55 from pot
maserati_60: doesn't show hand 
*** SUMMARY ***
Total pot $1.60 | Rake $0.05 
Board [Ks 3s 8c]
Seat 1: mcceleste folded before Flop (didn't bet)
Seat 2: Homer079 (button) folded before Flop (didn't bet)
Seat 4: Alameda22 (small blind) folded before Flop
Seat 8: hamz007 (big blind) folded on the Flop
Seat 9: maserati_60 collected ($1.55)



PokerStars Game #20024979317:  Hold'em No Limit ($0.10/$0.25) - 2008/08/30 - 20:21:59 (ET)
Table 'Dabih II' 9-max Seat #4 is the button
Seat 1: mcceleste ($22.25 in chips) 
Seat 2: Homer079 ($31 in chips) 
Seat 4: Alameda22 ($55.55 in chips) 
Seat 8: hamz007 ($10.65 in chips) 
hamz007: posts small blind $0.10
maserati_60: is sitting out 
maserati_60 leaves the table
mcceleste: posts big blind $0.25
*** HOLE CARDS ***
Dealt to Alameda22 [7h 4s]
Homer079: folds 
Alameda22: folds 
NYLocal79 joins the table at seat #5 
hamz007: calls $0.15
mcceleste: checks 
*** FLOP *** [Tc 9h 8c]
hamz007: bets $0.50
mcceleste: folds 
Uncalled bet ($0.50) returned to hamz007
hamz007 collected $0.50 from pot
*** SUMMARY ***
Total pot $0.50 | Rake $0 
Board [Tc 9h 8c]
Seat 1: mcceleste (big blind) folded on the Flop
Seat 2: Homer079 folded before Flop (didn't bet)
Seat 4: Alameda22 (button) folded before Flop (didn't bet)
Seat 8: hamz007 (small blind) collected ($0.50)



PokerStars Game #20025011011:  Hold'em No Limit ($0.10/$0.25) - 2008/08/30 - 20:23:33 (ET)
Table 'Dabih II' 9-max Seat #8 is the button
Seat 1: mcceleste ($22 in chips) 
Seat 4: Alameda22 ($55.55 in chips) 
Seat 5: NYLocal79 ($9 in chips) 
Seat 8: hamz007 ($10.90 in chips) 
mcceleste: posts small blind $0.10
Homer079: is sitting out 
Homer079 leaves the table
Alameda22: posts big blind $0.25
NYLocal79: posts big blind $0.25
*** HOLE CARDS ***
Dealt to Alameda22 [7s Kc]
NYLocal79: checks 
hamz007: folds 
mcceleste: folds 
Alameda22: checks 
*** FLOP *** [Kh Qs 2h]
Alameda22: checks 
NYLocal79: checks 
*** TURN *** [Kh Qs 2h] [Jc]
Alameda22: checks 
NYLocal79: checks 
*** RIVER *** [Kh Qs 2h Jc] [As]
Alameda22: checks 
NYLocal79: bets $0.75
Alameda22: folds 
Uncalled bet ($0.75) returned to NYLocal79
NYLocal79 collected $0.60 from pot
NYLocal79: doesn't show hand 
*** SUMMARY ***
Total pot $0.60 | Rake $0 
Board [Kh Qs 2h Jc As]
Seat 1: mcceleste (small blind) folded before Flop
Seat 4: Alameda22 (big blind) folded on the River
Seat 5: NYLocal79 collected ($0.60)
Seat 8: hamz007 (button) folded before Flop (didn't bet)



PokerStars Game #20025038507:  Hold'em No Limit ($0.10/$0.25) - 2008/08/30 - 20:24:54 (ET)
Table 'Dabih II' 9-max Seat #1 is the button
Seat 1: mcceleste ($21.90 in chips) 
Seat 4: Alameda22 ($55.30 in chips) 
Seat 5: NYLocal79 ($9.35 in chips) 
Seat 8: hamz007 ($10.90 in chips) 
Alameda22: posts small blind $0.10
NYLocal79: posts big blind $0.25
*** HOLE CARDS ***
Dealt to Alameda22 [9c 8d]
hamz007: calls $0.25
mcceleste: folds 
Alameda22: folds 
NYLocal79: checks 
*** FLOP *** [Kc Ah 7h]
NYLocal79: checks 
hamz007: checks 
*** TURN *** [Kc Ah 7h] [5d]
NYLocal79: checks 
hamz007: checks 
*** RIVER *** [Kc Ah 7h 5d] [8h]
NYLocal79: bets $0.25
brignokk joins the table at seat #6 
hamz007: folds 
Uncalled bet ($0.25) returned to NYLocal79
NYLocal79 collected $0.60 from pot
NYLocal79: doesn't show hand 
*** SUMMARY ***
Total pot $0.60 | Rake $0 
Board [Kc Ah 7h 5d 8h]
Seat 1: mcceleste (button) folded before Flop (didn't bet)
Seat 4: Alameda22 (small blind) folded before Flop
Seat 5: NYLocal79 (big blind) collected ($0.60)
Seat 8: hamz007 folded on the River



PokerStars Game #20025075955:  Hold'em No Limit ($0.10/$0.25) - 2008/08/30 - 20:26:45 (ET)
Table 'Dabih II' 9-max Seat #4 is the button
Seat 1: mcceleste ($21.90 in chips) 
Seat 4: Alameda22 ($55.20 in chips) 
Seat 5: NYLocal79 ($9.70 in chips) 
Seat 6: brignokk ($7.90 in chips) 
Seat 8: hamz007 ($10.65 in chips) 
NYLocal79: posts small blind $0.10
brignokk: posts big blind $0.25
*** HOLE CARDS ***
Dealt to Alameda22 [Ac Qh]
hamz007: folds 
mcceleste: folds 
Alameda22: raises $0.75 to $1
NYLocal79: folds 
NYLocal79 is sitting out
brignokk: folds 
Uncalled bet ($0.75) returned to Alameda22
NYLocal79 leaves the table
Alameda22 collected $0.60 from pot
Alameda22: doesn't show hand 
*** SUMMARY ***
Total pot $0.60 | Rake $0 
Seat 1: mcceleste folded before Flop (didn't bet)
Seat 4: Alameda22 (button) collected ($0.60)
Seat 5: NYLocal79 (small blind) folded before Flop
Seat 6: brignokk (big blind) folded before Flop
Seat 8: hamz007 folded before Flop (didn't bet)



PokerStars Game #20025090991:  Hold'em No Limit ($0.10/$0.25) - 2008/08/30 - 20:27:30 (ET)
Table 'Dabih II' 9-max Seat #6 is the button
Seat 1: mcceleste ($21.90 in chips) 
Seat 4: Alameda22 ($55.55 in chips) 
Seat 6: brignokk ($7.65 in chips) 
Seat 8: hamz007 ($10.65 in chips) 
hamz007: posts small blind $0.10
mcceleste: posts big blind $0.25
*** HOLE CARDS ***
Dealt to Alameda22 [Td 3c]
Alameda22: folds 
brignokk: folds 
hamz007: calls $0.15
brignokk leaves the table
mcceleste: raises $0.75 to $1
hamz007: folds 
Uncalled bet ($0.75) returned to mcceleste
mcceleste collected $0.50 from pot
mcceleste is sitting out
mcceleste leaves the table
*** SUMMARY ***
Total pot $0.50 | Rake $0 
Seat 1: mcceleste (big blind) collected ($0.50)
Seat 4: Alameda22 folded before Flop (didn't bet)
Seat 6: brignokk (button) folded before Flop (didn't bet)
Seat 8: hamz007 (small blind) folded before Flop



