PokerStars Game #20142281143:  Hold'em No Limit ($0.25/$0.50) - 2008/09/04 13:49:02 ET
Table 'Thisbe V' 9-max Seat #7 is the button
Seat 1: FACUMDP ($49.50 in chips) 
Seat 2: Don Funghi ($62.30 in chips) 
Seat 3: Houndz ($40 in chips) 
Seat 4: drewbabez ($49.75 in chips) 
Seat 5: Itzinger ($46.75 in chips) 
Seat 6: fioro ($41.20 in chips) 
Seat 7: wems ($86.70 in chips) 
Seat 8: chas2148 ($55.75 in chips) 
Seat 9: Alameda22 ($50 in chips) 
chas2148: posts small blind $0.25
Alameda22: posts big blind $0.50
Houndz: posts big blind $0.50
*** HOLE CARDS ***
Dealt to Alameda22 [4c 7s]
FACUMDP: folds 
Don Funghi: folds 
Houndz: checks 
drewbabez: folds 
Itzinger: folds 
fioro: folds 
wems: raises $2 to $2.50
chas2148: calls $2.25
Alameda22: folds 
Houndz: calls $2
*** FLOP *** [4s 8d 6s]
chas2148: checks 
Houndz: checks 
wems: bets $4
chas2148: calls $4
Houndz: raises $4 to $8
wems: folds 
chas2148: calls $4
*** TURN *** [4s 8d 6s] [Th]
chas2148: checks 
Houndz: checks 
*** RIVER *** [4s 8d 6s Th] [Jc]
chas2148: checks 
Houndz: checks 
*** SHOW DOWN ***
chas2148: shows [As Js] (a pair of Jacks)
Houndz: mucks hand 
chas2148 collected $26.65 from pot
*** SUMMARY ***
Total pot $28 | Rake $1.35 
Board [4s 8d 6s Th Jc]
Seat 1: FACUMDP folded before Flop (didn't bet)
Seat 2: Don Funghi folded before Flop (didn't bet)
Seat 3: Houndz mucked [9c 8c]
Seat 4: drewbabez folded before Flop (didn't bet)
Seat 5: Itzinger folded before Flop (didn't bet)
Seat 6: fioro folded before Flop (didn't bet)
Seat 7: wems (button) folded on the Flop
Seat 8: chas2148 (small blind) showed [As Js] and won ($26.65) with a pair of Jacks
Seat 9: Alameda22 (big blind) folded before Flop



PokerStars Game #20142319594:  Hold'em No Limit ($0.25/$0.50) - 2008/09/04 13:50:37 ET
Table 'Thisbe V' 9-max Seat #8 is the button
Seat 1: FACUMDP ($49.50 in chips) 
Seat 2: Don Funghi ($62.30 in chips) 
Seat 3: Houndz ($29.50 in chips) 
Seat 4: drewbabez ($49.75 in chips) 
Seat 5: Itzinger ($46.75 in chips) 
Seat 6: fioro ($41.20 in chips) 
Seat 7: wems ($80.20 in chips) 
Seat 8: chas2148 ($71.90 in chips) 
Seat 9: Alameda22 ($49.50 in chips) 
Alameda22: posts small blind $0.25
FACUMDP: posts big blind $0.50
*** HOLE CARDS ***
Dealt to Alameda22 [3d 9c]
Don Funghi: folds 
Houndz: folds 
drewbabez: folds 
Itzinger: folds 
fioro: raises $1.50 to $2
wems: calls $2
chas2148: folds 
Alameda22: folds 
FACUMDP: calls $1.50
*** FLOP *** [Th 7s Kc]
FACUMDP: checks 
fioro: bets $4
wems: calls $4
FACUMDP: folds 
*** TURN *** [Th 7s Kc] [Jh]
fioro: checks 
wems: bets $8
fioro: calls $8
*** RIVER *** [Th 7s Kc Jh] [Ks]
fioro: checks 
wems: bets $66.20 and is all-in
fioro: calls $27.20 and is all-in
Uncalled bet ($39) returned to wems
*** SHOW DOWN ***
wems: shows [7h 7d] (a full house, Sevens full of Kings)
fioro: mucks hand 
wems collected $81.65 from pot
*** SUMMARY ***
Total pot $84.65 | Rake $3 
Board [Th 7s Kc Jh Ks]
Seat 1: FACUMDP (big blind) folded on the Flop
Seat 2: Don Funghi folded before Flop (didn't bet)
Seat 3: Houndz folded before Flop (didn't bet)
Seat 4: drewbabez folded before Flop (didn't bet)
Seat 5: Itzinger folded before Flop (didn't bet)
Seat 6: fioro mucked [Kh Ah]
Seat 7: wems showed [7h 7d] and won ($81.65) with a full house, Sevens full of Kings
Seat 8: chas2148 (button) folded before Flop (didn't bet)
Seat 9: Alameda22 (small blind) folded before Flop



PokerStars Game #20142353179:  Hold'em No Limit ($0.25/$0.50) - 2008/09/04 13:52:00 ET
Table 'Thisbe V' 9-max Seat #9 is the button
Seat 1: FACUMDP ($50 in chips) 
Seat 2: Don Funghi ($62.30 in chips) 
Seat 3: Houndz ($29.50 in chips) 
Seat 4: drewbabez ($49.75 in chips) 
Seat 5: Itzinger ($46.75 in chips) 
Seat 6: fioro ($50 in chips) 
Seat 7: wems ($120.65 in chips) 
Seat 8: chas2148 ($71.90 in chips) 
Seat 9: Alameda22 ($49.25 in chips) 
FACUMDP: posts small blind $0.25
Don Funghi: posts big blind $0.50
*** HOLE CARDS ***
Dealt to Alameda22 [2c 9c]
Houndz: folds 
drewbabez: folds 
Itzinger: folds 
fioro: folds 
wems: folds 
chas2148: raises $1.50 to $2
Alameda22: folds 
FACUMDP: folds 
Don Funghi: folds 
Uncalled bet ($1.50) returned to chas2148
chas2148 collected $1.25 from pot
chas2148: doesn't show hand 
*** SUMMARY ***
Total pot $1.25 | Rake $0 
Seat 1: FACUMDP (small blind) folded before Flop
Seat 2: Don Funghi (big blind) folded before Flop
Seat 3: Houndz folded before Flop (didn't bet)
Seat 4: drewbabez folded before Flop (didn't bet)
Seat 5: Itzinger folded before Flop (didn't bet)
Seat 6: fioro folded before Flop (didn't bet)
Seat 7: wems folded before Flop (didn't bet)
Seat 8: chas2148 collected ($1.25)
Seat 9: Alameda22 (button) folded before Flop (didn't bet)



PokerStars Game #20142369792:  Hold'em No Limit ($0.25/$0.50) - 2008/09/04 13:52:41 ET
Table 'Thisbe V' 9-max Seat #1 is the button
Seat 1: FACUMDP ($49.75 in chips) 
Seat 2: Don Funghi ($61.80 in chips) 
Seat 3: Houndz ($29.50 in chips) 
Seat 4: drewbabez ($49.75 in chips) 
Seat 5: Itzinger ($46.75 in chips) 
Seat 6: fioro ($50 in chips) 
Seat 7: wems ($120.65 in chips) 
Seat 8: chas2148 ($72.65 in chips) 
Seat 9: Alameda22 ($49.25 in chips) 
Don Funghi: posts small blind $0.25
Houndz: posts big blind $0.50
*** HOLE CARDS ***
Dealt to Alameda22 [Tc 3d]
drewbabez: folds 
Itzinger: folds 
fioro: calls $0.50
wems: folds 
chas2148: folds 
Alameda22: folds 
FACUMDP: folds 
Don Funghi: calls $0.25
Houndz: checks 
*** FLOP *** [Ts Js Jh]
Don Funghi: checks 
Houndz: checks 
fioro: checks 
*** TURN *** [Ts Js Jh] [Qh]
Don Funghi: checks 
Houndz: checks 
fioro: checks 
*** RIVER *** [Ts Js Jh Qh] [2c]
Don Funghi: checks 
Houndz: checks 
fioro: checks 
*** SHOW DOWN ***
Don Funghi: shows [Ah Qd] (two pair, Queens and Jacks)
Houndz: mucks hand 
fioro: mucks hand 
Don Funghi collected $1.45 from pot
*** SUMMARY ***
Total pot $1.50 | Rake $0.05 
Board [Ts Js Jh Qh 2c]
Seat 1: FACUMDP (button) folded before Flop (didn't bet)
Seat 2: Don Funghi (small blind) showed [Ah Qd] and won ($1.45) with two pair, Queens and Jacks
Seat 3: Houndz (big blind) mucked [9h 6h]
Seat 4: drewbabez folded before Flop (didn't bet)
Seat 5: Itzinger folded before Flop (didn't bet)
Seat 6: fioro mucked [7c 7h]
Seat 7: wems folded before Flop (didn't bet)
Seat 8: chas2148 folded before Flop (didn't bet)
Seat 9: Alameda22 folded before Flop (didn't bet)



PokerStars Game #20142409179:  Hold'em No Limit ($0.25/$0.50) - 2008/09/04 13:54:19 ET
Table 'Thisbe V' 9-max Seat #2 is the button
Seat 1: FACUMDP ($49.75 in chips) 
Seat 2: Don Funghi ($62.75 in chips) 
Seat 3: Houndz ($29 in chips) 
Seat 4: drewbabez ($49.75 in chips) 
Seat 5: Itzinger ($46.75 in chips) 
Seat 6: fioro ($49.50 in chips) 
Seat 7: wems ($120.65 in chips) 
Seat 8: chas2148 ($72.65 in chips) 
Seat 9: Alameda22 ($49.25 in chips) 
Houndz: posts small blind $0.25
drewbabez: posts big blind $0.50
*** HOLE CARDS ***
Dealt to Alameda22 [7d 4d]
Itzinger: folds 
fioro: folds 
wems: folds 
chas2148: folds 
Alameda22: folds 
FACUMDP: folds 
Don Funghi: folds 
Houndz: calls $0.25
drewbabez: checks 
*** FLOP *** [9d Jd Qh]
Houndz: checks 
drewbabez: checks 
*** TURN *** [9d Jd Qh] [2h]
Houndz: checks 
drewbabez: checks 
*** RIVER *** [9d Jd Qh 2h] [Ah]
Houndz: checks 
drewbabez: checks 
*** SHOW DOWN ***
Houndz: shows [7s 2s] (a pair of Deuces)
drewbabez: mucks hand 
Houndz collected $0.95 from pot
*** SUMMARY ***
Total pot $1 | Rake $0.05 
Board [9d Jd Qh 2h Ah]
Seat 1: FACUMDP folded before Flop (didn't bet)
Seat 2: Don Funghi (button) folded before Flop (didn't bet)
Seat 3: Houndz (small blind) showed [7s 2s] and won ($0.95) with a pair of Deuces
Seat 4: drewbabez (big blind) mucked [Ks 8d]
Seat 5: Itzinger folded before Flop (didn't bet)
Seat 6: fioro folded before Flop (didn't bet)
Seat 7: wems folded before Flop (didn't bet)
Seat 8: chas2148 folded before Flop (didn't bet)
Seat 9: Alameda22 folded before Flop (didn't bet)



PokerStars Game #20142439250:  Hold'em No Limit ($0.25/$0.50) - 2008/09/04 13:55:35 ET
Table 'Thisbe V' 9-max Seat #3 is the button
Seat 1: FACUMDP ($49.75 in chips) 
Seat 2: Don Funghi ($62.75 in chips) 
Seat 3: Houndz ($29.45 in chips) 
Seat 4: drewbabez ($49.25 in chips) 
Seat 6: fioro ($49.50 in chips) 
Seat 7: wems ($120.65 in chips) 
Seat 8: chas2148 ($72.65 in chips) 
Seat 9: Alameda22 ($49.25 in chips) 
drewbabez: posts small blind $0.25
Itzinger: is sitting out 
fioro: posts big blind $0.50
*** HOLE CARDS ***
Dealt to Alameda22 [As 5s]
wems: folds 
chas2148: folds 
Alameda22: folds 
FACUMDP: folds 
Don Funghi: folds 
Houndz: raises $1.50 to $2
drewbabez: folds 
fioro: folds 
Uncalled bet ($1.50) returned to Houndz
Houndz collected $1.25 from pot
Houndz: doesn't show hand 
*** SUMMARY ***
Total pot $1.25 | Rake $0 
Seat 1: FACUMDP folded before Flop (didn't bet)
Seat 2: Don Funghi folded before Flop (didn't bet)
Seat 3: Houndz (button) collected ($1.25)
Seat 4: drewbabez (small blind) folded before Flop
Seat 6: fioro (big blind) folded before Flop
Seat 7: wems folded before Flop (didn't bet)
Seat 8: chas2148 folded before Flop (didn't bet)
Seat 9: Alameda22 folded before Flop (didn't bet)



PokerStars Game #20142457432:  Hold'em No Limit ($0.25/$0.50) - 2008/09/04 13:56:25 ET
Table 'Thisbe V' 9-max Seat #4 is the button
Seat 1: FACUMDP ($49.75 in chips) 
Seat 2: Don Funghi ($62.75 in chips) 
Seat 3: Houndz ($30.20 in chips) 
Seat 4: drewbabez ($49 in chips) 
Seat 6: fioro ($49 in chips) 
Seat 7: wems ($120.65 in chips) 
Seat 8: chas2148 ($72.65 in chips) 
Seat 9: Alameda22 ($49.25 in chips) 
fioro: posts small blind $0.25
wems: posts big blind $0.50
*** HOLE CARDS ***
Dealt to Alameda22 [2c 2h]
chas2148: folds 
Alameda22: folds 
FACUMDP: folds 
Don Funghi: folds 
Houndz: folds 
drewbabez: folds 
fioro: folds 
Uncalled bet ($0.25) returned to wems
wems collected $0.50 from pot
wems: doesn't show hand 
*** SUMMARY ***
Total pot $0.50 | Rake $0 
Seat 1: FACUMDP folded before Flop (didn't bet)
Seat 2: Don Funghi folded before Flop (didn't bet)
Seat 3: Houndz folded before Flop (didn't bet)
Seat 4: drewbabez (button) folded before Flop (didn't bet)
Seat 6: fioro (small blind) folded before Flop
Seat 7: wems (big blind) collected ($0.50)
Seat 8: chas2148 folded before Flop (didn't bet)
Seat 9: Alameda22 folded before Flop (didn't bet)



PokerStars Game #20142467745:  Hold'em No Limit ($0.25/$0.50) - 2008/09/04 13:56:51 ET
Table 'Thisbe V' 9-max Seat #6 is the button
Seat 1: FACUMDP ($49.75 in chips) 
Seat 2: Don Funghi ($62.75 in chips) 
Seat 3: Houndz ($30.20 in chips) 
Seat 4: drewbabez ($49 in chips) 
Seat 6: fioro ($48.75 in chips) 
Seat 7: wems ($120.90 in chips) 
Seat 8: chas2148 ($72.65 in chips) 
Seat 9: Alameda22 ($49.25 in chips) 
wems: posts small blind $0.25
chas2148: posts big blind $0.50
*** HOLE CARDS ***
Dealt to Alameda22 [Jd Td]
Alameda22: folds 
FACUMDP: folds 
Don Funghi: folds 
Houndz: folds 
drewbabez: folds 
fioro: folds 
wems: raises $1.50 to $2
chas2148: folds 
Uncalled bet ($1.50) returned to wems
wems collected $1 from pot
wems: doesn't show hand 
*** SUMMARY ***
Total pot $1 | Rake $0 
Seat 1: FACUMDP folded before Flop (didn't bet)
Seat 2: Don Funghi folded before Flop (didn't bet)
Seat 3: Houndz folded before Flop (didn't bet)
Seat 4: drewbabez folded before Flop (didn't bet)
Seat 6: fioro (button) folded before Flop (didn't bet)
Seat 7: wems (small blind) collected ($1)
Seat 8: chas2148 (big blind) folded before Flop
Seat 9: Alameda22 folded before Flop (didn't bet)



PokerStars Game #20142486303:  Hold'em No Limit ($0.25/$0.50) - 2008/09/04 13:57:37 ET
Table 'Thisbe V' 9-max Seat #7 is the button
Seat 1: FACUMDP ($49.75 in chips) 
Seat 2: Don Funghi ($62.75 in chips) 
Seat 3: Houndz ($30.20 in chips) 
Seat 4: drewbabez ($49 in chips) 
Seat 6: fioro ($48.75 in chips) 
Seat 7: wems ($121.40 in chips) 
Seat 8: chas2148 ($72.15 in chips) 
Seat 9: Alameda22 ($49.25 in chips) 
chas2148: posts small blind $0.25
Alameda22: posts big blind $0.50
*** HOLE CARDS ***
Dealt to Alameda22 [Jd Qc]
FACUMDP: calls $0.50
Don Funghi: folds 
Houndz: folds 
drewbabez: folds 
fioro: folds 
wems: raises $2 to $2.50
chas2148: folds 
Alameda22: folds 
FACUMDP: calls $2
*** FLOP *** [3c Kd As]
FACUMDP: checks 
wems: bets $3.50
FACUMDP: folds 
Uncalled bet ($3.50) returned to wems
wems collected $5.50 from pot
wems: doesn't show hand 
*** SUMMARY ***
Total pot $5.75 | Rake $0.25 
Board [3c Kd As]
Seat 1: FACUMDP folded on the Flop
Seat 2: Don Funghi folded before Flop (didn't bet)
Seat 3: Houndz folded before Flop (didn't bet)
Seat 4: drewbabez folded before Flop (didn't bet)
Seat 6: fioro folded before Flop (didn't bet)
Seat 7: wems (button) collected ($5.50)
Seat 8: chas2148 (small blind) folded before Flop
Seat 9: Alameda22 (big blind) folded before Flop



PokerStars Game #20142507803:  Hold'em No Limit ($0.25/$0.50) - 2008/09/04 13:58:32 ET
Table 'Thisbe V' 9-max Seat #8 is the button
Seat 1: FACUMDP ($47.25 in chips) 
Seat 2: Don Funghi ($62.75 in chips) 
Seat 3: Houndz ($30.20 in chips) 
Seat 4: drewbabez ($49 in chips) 
Seat 6: fioro ($48.75 in chips) 
Seat 7: wems ($124.40 in chips) 
Seat 8: chas2148 ($71.90 in chips) 
Seat 9: Alameda22 ($48.75 in chips) 
Alameda22: posts small blind $0.25
FACUMDP: posts big blind $0.50
*** HOLE CARDS ***
Dealt to Alameda22 [9d 8d]
Don Funghi: folds 
Houndz: folds 
drewbabez: folds 
fioro: folds 
wems: folds 
chas2148: folds 
Alameda22: calls $0.25
FACUMDP: checks 
*** FLOP *** [5d Ts 5c]
Alameda22: checks 
FACUMDP: bets $1
Alameda22: folds 
Uncalled bet ($1) returned to FACUMDP
FACUMDP collected $0.95 from pot
FACUMDP: doesn't show hand 
*** SUMMARY ***
Total pot $1 | Rake $0.05 
Board [5d Ts 5c]
Seat 1: FACUMDP (big blind) collected ($0.95)
Seat 2: Don Funghi folded before Flop (didn't bet)
Seat 3: Houndz folded before Flop (didn't bet)
Seat 4: drewbabez folded before Flop (didn't bet)
Seat 6: fioro folded before Flop (didn't bet)
Seat 7: wems folded before Flop (didn't bet)
Seat 8: chas2148 (button) folded before Flop (didn't bet)
Seat 9: Alameda22 (small blind) folded on the Flop



PokerStars Game #20142527573:  Hold'em No Limit ($0.25/$0.50) - 2008/09/04 13:59:22 ET
Table 'Thisbe V' 9-max Seat #9 is the button
Seat 1: FACUMDP ($47.70 in chips) 
Seat 2: Don Funghi ($62.75 in chips) 
Seat 3: Houndz ($30.20 in chips) 
Seat 4: drewbabez ($49 in chips) 
Seat 6: fioro ($48.75 in chips) 
Seat 7: wems ($124.40 in chips) 
Seat 8: chas2148 ($71.90 in chips) 
Seat 9: Alameda22 ($48.25 in chips) 
FACUMDP: posts small blind $0.25
Don Funghi: posts big blind $0.50
*** HOLE CARDS ***
Dealt to Alameda22 [Jh 5h]
Houndz: folds 
drewbabez: folds 
fioro: folds 
wems: folds 
chas2148: folds 
Alameda22: folds 
FACUMDP: calls $0.25
Don Funghi: checks 
*** FLOP *** [Kc Jc Qc]
FACUMDP: bets $1.50
Houndz leaves the table
Don Funghi: folds 
Uncalled bet ($1.50) returned to FACUMDP
FACUMDP collected $0.95 from pot
FACUMDP: doesn't show hand 
*** SUMMARY ***
Total pot $1 | Rake $0.05 
Board [Kc Jc Qc]
Seat 1: FACUMDP (small blind) collected ($0.95)
Seat 2: Don Funghi (big blind) folded on the Flop
Seat 3: Houndz folded before Flop (didn't bet)
Seat 4: drewbabez folded before Flop (didn't bet)
Seat 6: fioro folded before Flop (didn't bet)
Seat 7: wems folded before Flop (didn't bet)
Seat 8: chas2148 folded before Flop (didn't bet)
Seat 9: Alameda22 (button) folded before Flop (didn't bet)



PokerStars Game #20142547929:  Hold'em No Limit ($0.25/$0.50) - 2008/09/04 14:00:12 ET
Table 'Thisbe V' 9-max Seat #1 is the button
Seat 1: FACUMDP ($48.15 in chips) 
Seat 2: Don Funghi ($62.25 in chips) 
Seat 4: drewbabez ($49 in chips) 
Seat 6: fioro ($48.75 in chips) 
Seat 7: wems ($124.40 in chips) 
Seat 8: chas2148 ($71.90 in chips) 
Seat 9: Alameda22 ($48.25 in chips) 
Don Funghi: posts small blind $0.25
drewbabez: posts big blind $0.50
*** HOLE CARDS ***
Dealt to Alameda22 [2s 7h]
fioro: folds 
wems: folds 
chas2148: folds 
Duff@Poker joins the table at seat #3 
Alameda22: folds 
FACUMDP: raises $1.50 to $2
Don Funghi: folds 
drewbabez: folds 
Uncalled bet ($1.50) returned to FACUMDP
FACUMDP collected $1.25 from pot
FACUMDP: doesn't show hand 
*** SUMMARY ***
Total pot $1.25 | Rake $0 
Seat 1: FACUMDP (button) collected ($1.25)
Seat 2: Don Funghi (small blind) folded before Flop
Seat 4: drewbabez (big blind) folded before Flop
Seat 6: fioro folded before Flop (didn't bet)
Seat 7: wems folded before Flop (didn't bet)
Seat 8: chas2148 folded before Flop (didn't bet)
Seat 9: Alameda22 folded before Flop (didn't bet)



PokerStars Game #20142564103:  Hold'em No Limit ($0.25/$0.50) - 2008/09/04 14:00:52 ET
Table 'Thisbe V' 9-max Seat #2 is the button
Seat 1: FACUMDP ($48.90 in chips) 
Seat 2: Don Funghi ($62 in chips) 
Seat 4: drewbabez ($48.50 in chips) 
Seat 6: fioro ($48.75 in chips) 
Seat 7: wems ($124.40 in chips) 
Seat 8: chas2148 ($71.90 in chips) 
Seat 9: Alameda22 ($48.25 in chips) 
Duff@Poker will be allowed to play after the button
drewbabez: posts small blind $0.25
fioro: posts big blind $0.50
*** HOLE CARDS ***
Dealt to Alameda22 [3d Th]
wems: folds 
chas2148: folds 
Alameda22: folds 
FACUMDP: folds 
Don Funghi: raises $1.50 to $2
drewbabez: folds 
fioro: folds 
Uncalled bet ($1.50) returned to Don Funghi
Don Funghi collected $1.25 from pot
*** SUMMARY ***
Total pot $1.25 | Rake $0 
Seat 1: FACUMDP folded before Flop (didn't bet)
Seat 2: Don Funghi (button) collected ($1.25)
Seat 4: drewbabez (small blind) folded before Flop
Seat 6: fioro (big blind) folded before Flop
Seat 7: wems folded before Flop (didn't bet)
Seat 8: chas2148 folded before Flop (didn't bet)
Seat 9: Alameda22 folded before Flop (didn't bet)



PokerStars Game #20142584007:  Hold'em No Limit ($0.25/$0.50) - 2008/09/04 14:01:41 ET
Table 'Thisbe V' 9-max Seat #4 is the button
Seat 1: FACUMDP ($48.90 in chips) 
Seat 2: Don Funghi ($62.75 in chips) 
Seat 4: drewbabez ($48.25 in chips) 
Seat 6: fioro ($48.25 in chips) 
Seat 7: wems ($124.40 in chips) 
Seat 8: chas2148 ($71.90 in chips) 
Seat 9: Alameda22 ($48.25 in chips) 
fioro: posts small blind $0.25
wems: posts big blind $0.50
Duff@Poker: sits out 
*** HOLE CARDS ***
Dealt to Alameda22 [4c 7s]
chas2148: folds 
Alameda22: folds 
FACUMDP: folds 
Don Funghi: folds 
drewbabez: folds 
fioro: folds 
Uncalled bet ($0.25) returned to wems
wems collected $0.50 from pot
wems: doesn't show hand 
*** SUMMARY ***
Total pot $0.50 | Rake $0 
Seat 1: FACUMDP folded before Flop (didn't bet)
Seat 2: Don Funghi folded before Flop (didn't bet)
Seat 4: drewbabez (button) folded before Flop (didn't bet)
Seat 6: fioro (small blind) folded before Flop
Seat 7: wems (big blind) collected ($0.50)
Seat 8: chas2148 folded before Flop (didn't bet)
Seat 9: Alameda22 folded before Flop (didn't bet)



PokerStars Game #20142602180:  Hold'em No Limit ($0.25/$0.50) - 2008/09/04 14:02:26 ET
Table 'Thisbe V' 9-max Seat #6 is the button
Seat 1: FACUMDP ($50 in chips) 
Seat 2: Don Funghi ($62.75 in chips) 
Seat 4: drewbabez ($48.25 in chips) 
Seat 6: fioro ($48 in chips) 
Seat 7: wems ($124.65 in chips) 
Seat 8: chas2148 ($71.90 in chips) 
Seat 9: Alameda22 ($48.25 in chips) 
wems: posts small blind $0.25
chas2148: posts big blind $0.50
Duff@Poker: sits out 
*** HOLE CARDS ***
Dealt to Alameda22 [Kd 2s]
Alameda22: folds 
FACUMDP: folds 
Don Funghi: folds 
drewbabez: folds 
fioro: raises $1.50 to $2
wems: folds 
chas2148: folds 
Uncalled bet ($1.50) returned to fioro
fioro collected $1.25 from pot
fioro: doesn't show hand 
*** SUMMARY ***
Total pot $1.25 | Rake $0 
Seat 1: FACUMDP folded before Flop (didn't bet)
Seat 2: Don Funghi folded before Flop (didn't bet)
Seat 4: drewbabez folded before Flop (didn't bet)
Seat 6: fioro (button) collected ($1.25)
Seat 7: wems (small blind) folded before Flop
Seat 8: chas2148 (big blind) folded before Flop
Seat 9: Alameda22 folded before Flop (didn't bet)



PokerStars Game #20142619382:  Hold'em No Limit ($0.25/$0.50) - 2008/09/04 14:03:08 ET
Table 'Thisbe V' 9-max Seat #7 is the button
Seat 1: FACUMDP ($50 in chips) 
Seat 2: Don Funghi ($62.75 in chips) 
Seat 4: drewbabez ($48.25 in chips) 
Seat 6: fioro ($48.75 in chips) 
Seat 7: wems ($124.40 in chips) 
Seat 8: chas2148 ($71.40 in chips) 
Seat 9: Alameda22 ($48.25 in chips) 
chas2148: posts small blind $0.25
Alameda22: posts big blind $0.50
Duff@Poker: sits out 
*** HOLE CARDS ***
Dealt to Alameda22 [6c 6h]
FACUMDP: folds 
Don Funghi: folds 
drewbabez: folds 
fioro: folds 
wems: raises $1.50 to $2
Itzinger has returned
chas2148: calls $1.75
Alameda22: calls $1.50
*** FLOP *** [5d 5c Kc]
chas2148: checks 
Alameda22: checks 
wems: bets $3.50
chas2148: folds 
Alameda22: folds 
Uncalled bet ($3.50) returned to wems
wems collected $5.70 from pot
wems: doesn't show hand 
*** SUMMARY ***
Total pot $6 | Rake $0.30 
Board [5d 5c Kc]
Seat 1: FACUMDP folded before Flop (didn't bet)
Seat 2: Don Funghi folded before Flop (didn't bet)
Seat 4: drewbabez folded before Flop (didn't bet)
Seat 6: fioro folded before Flop (didn't bet)
Seat 7: wems (button) collected ($5.70)
Seat 8: chas2148 (small blind) folded on the Flop
Seat 9: Alameda22 (big blind) folded on the Flop



PokerStars Game #20142652901:  Hold'em No Limit ($0.25/$0.50) - 2008/09/04 14:04:30 ET
Table 'Thisbe V' 9-max Seat #8 is the button
Seat 1: FACUMDP ($50 in chips) 
Seat 2: Don Funghi ($62.75 in chips) 
Seat 4: drewbabez ($48.25 in chips) 
Seat 6: fioro ($48.75 in chips) 
Seat 7: wems ($128.10 in chips) 
Seat 8: chas2148 ($69.40 in chips) 
Seat 9: Alameda22 ($46.25 in chips) 
Alameda22: posts small blind $0.25
FACUMDP: posts big blind $0.50
Duff@Poker: sits out 
Itzinger: sits out 
*** HOLE CARDS ***
Dealt to Alameda22 [Kc 5c]
Don Funghi: raises $1.50 to $2
drewbabez: folds 
fioro: folds 
wems: folds 
chas2148: folds 
Alameda22: folds 
FACUMDP: calls $1.50
*** FLOP *** [Js 2s 7c]
FACUMDP: bets $1.50
Don Funghi: folds 
Uncalled bet ($1.50) returned to FACUMDP
FACUMDP collected $4.05 from pot
FACUMDP: doesn't show hand 
*** SUMMARY ***
Total pot $4.25 | Rake $0.20 
Board [Js 2s 7c]
Seat 1: FACUMDP (big blind) collected ($4.05)
Seat 2: Don Funghi folded on the Flop
Seat 4: drewbabez folded before Flop (didn't bet)
Seat 6: fioro folded before Flop (didn't bet)
Seat 7: wems folded before Flop (didn't bet)
Seat 8: chas2148 (button) folded before Flop (didn't bet)
Seat 9: Alameda22 (small blind) folded before Flop



PokerStars Game #20142678137:  Hold'em No Limit ($0.25/$0.50) - 2008/09/04 14:05:31 ET
Table 'Thisbe V' 9-max Seat #9 is the button
Seat 1: FACUMDP ($52.05 in chips) 
Seat 2: Don Funghi ($60.75 in chips) 
Seat 4: drewbabez ($48.25 in chips) 
Seat 6: fioro ($48.75 in chips) 
Seat 7: wems ($128.10 in chips) 
Seat 8: chas2148 ($69.40 in chips) 
Seat 9: Alameda22 ($46 in chips) 
FACUMDP: posts small blind $0.25
Don Funghi: posts big blind $0.50
Duff@Poker: sits out 
Itzinger: sits out 
*** HOLE CARDS ***
Dealt to Alameda22 [9s Ac]
drewbabez: folds 
fioro: folds 
wems: folds 
chas2148: folds 
Alameda22: folds 
FACUMDP: calls $0.25
Don Funghi: raises $1.50 to $2
FACUMDP: folds 
Uncalled bet ($1.50) returned to Don Funghi
Don Funghi collected $1 from pot
*** SUMMARY ***
Total pot $1 | Rake $0 
Seat 1: FACUMDP (small blind) folded before Flop
Seat 2: Don Funghi (big blind) collected ($1)
Seat 4: drewbabez folded before Flop (didn't bet)
Seat 6: fioro folded before Flop (didn't bet)
Seat 7: wems folded before Flop (didn't bet)
Seat 8: chas2148 folded before Flop (didn't bet)
Seat 9: Alameda22 (button) folded before Flop (didn't bet)



PokerStars Game #20142699197:  Hold'em No Limit ($0.25/$0.50) - 2008/09/04 14:06:22 ET
Table 'Thisbe V' 9-max Seat #1 is the button
Seat 1: FACUMDP ($51.55 in chips) 
Seat 2: Don Funghi ($61.25 in chips) 
Seat 3: Duff@Poker ($50 in chips) 
Seat 4: drewbabez ($48.25 in chips) 
Seat 6: fioro ($48.75 in chips) 
Seat 7: wems ($128.10 in chips) 
Seat 8: chas2148 ($69.40 in chips) 
Seat 9: Alameda22 ($46 in chips) 
Don Funghi: posts small blind $0.25
Duff@Poker: posts big blind $0.50
Itzinger: sits out 
*** HOLE CARDS ***
Dealt to Alameda22 [Js 2h]
drewbabez: folds 
fioro: folds 
wems: folds 
chas2148: calls $0.50
Alameda22: folds 
FACUMDP: folds 
Don Funghi: folds 
Duff@Poker: checks 
*** FLOP *** [4c Jc 5h]
Duff@Poker: checks 
chas2148: checks 
*** TURN *** [4c Jc 5h] [Ad]
Duff@Poker: checks 
chas2148: bets $2
Duff@Poker: folds 
Uncalled bet ($2) returned to chas2148
chas2148 collected $1.20 from pot
chas2148: doesn't show hand 
*** SUMMARY ***
Total pot $1.25 | Rake $0.05 
Board [4c Jc 5h Ad]
Seat 1: FACUMDP (button) folded before Flop (didn't bet)
Seat 2: Don Funghi (small blind) folded before Flop
Seat 3: Duff@Poker (big blind) folded on the Turn
Seat 4: drewbabez folded before Flop (didn't bet)
Seat 6: fioro folded before Flop (didn't bet)
Seat 7: wems folded before Flop (didn't bet)
Seat 8: chas2148 collected ($1.20)
Seat 9: Alameda22 folded before Flop (didn't bet)



PokerStars Game #20142730626:  Hold'em No Limit ($0.25/$0.50) - 2008/09/04 14:07:38 ET
Table 'Thisbe V' 9-max Seat #2 is the button
Seat 1: FACUMDP ($51.55 in chips) 
Seat 2: Don Funghi ($61 in chips) 
Seat 3: Duff@Poker ($49.50 in chips) 
Seat 4: drewbabez ($48.25 in chips) 
Seat 6: fioro ($48.75 in chips) 
Seat 7: wems ($128.10 in chips) 
Seat 8: chas2148 ($70.10 in chips) 
Seat 9: Alameda22 ($46 in chips) 
Duff@Poker: posts small blind $0.25
drewbabez: posts big blind $0.50
Itzinger: sits out 
*** HOLE CARDS ***
Dealt to Alameda22 [8h 2c]
fioro: folds 
wems: folds 
chas2148: calls $0.50
Alameda22: folds 
FACUMDP: folds 
Don Funghi: folds 
Duff@Poker: folds 
drewbabez: checks 
*** FLOP *** [9c 5d 2h]
drewbabez: checks 
chas2148: checks 
*** TURN *** [9c 5d 2h] [Tc]
drewbabez: bets $1
chas2148: calls $1
*** RIVER *** [9c 5d 2h Tc] [6d]
drewbabez: checks 
chas2148: checks 
*** SHOW DOWN ***
drewbabez: shows [Td 8d] (a pair of Tens)
chas2148: shows [Kh Ts] (a pair of Tens - King kicker)
chas2148 collected $3.10 from pot
*** SUMMARY ***
Total pot $3.25 | Rake $0.15 
Board [9c 5d 2h Tc 6d]
Seat 1: FACUMDP folded before Flop (didn't bet)
Seat 2: Don Funghi (button) folded before Flop (didn't bet)
Seat 3: Duff@Poker (small blind) folded before Flop
Seat 4: drewbabez (big blind) showed [Td 8d] and lost with a pair of Tens
Seat 6: fioro folded before Flop (didn't bet)
Seat 7: wems folded before Flop (didn't bet)
Seat 8: chas2148 showed [Kh Ts] and won ($3.10) with a pair of Tens
Seat 9: Alameda22 folded before Flop (didn't bet)



PokerStars Game #20142758325:  Hold'em No Limit ($0.25/$0.50) - 2008/09/04 14:08:45 ET
Table 'Thisbe V' 9-max Seat #3 is the button
Seat 1: FACUMDP ($51.55 in chips) 
Seat 2: Don Funghi ($61 in chips) 
Seat 3: Duff@Poker ($49.25 in chips) 
Seat 4: drewbabez ($46.75 in chips) 
Seat 5: Itzinger ($50 in chips) 
Seat 6: fioro ($48.75 in chips) 
Seat 7: wems ($128.10 in chips) 
Seat 8: chas2148 ($71.70 in chips) 
Seat 9: Alameda22 ($46 in chips) 
drewbabez: posts small blind $0.25
Itzinger: posts big blind $0.50
*** HOLE CARDS ***
Dealt to Alameda22 [Js Tc]
fioro: folds 
wems: folds 
chas2148: raises $2 to $2.50
Alameda22: folds 
FACUMDP: folds 
Don Funghi: folds 
Duff@Poker: folds 
drewbabez: folds 
Itzinger: folds 
Uncalled bet ($2) returned to chas2148
chas2148 collected $1.25 from pot
chas2148: doesn't show hand 
*** SUMMARY ***
Total pot $1.25 | Rake $0 
Seat 1: FACUMDP folded before Flop (didn't bet)
Seat 2: Don Funghi folded before Flop (didn't bet)
Seat 3: Duff@Poker (button) folded before Flop (didn't bet)
Seat 4: drewbabez (small blind) folded before Flop
Seat 5: Itzinger (big blind) folded before Flop
Seat 6: fioro folded before Flop (didn't bet)
Seat 7: wems folded before Flop (didn't bet)
Seat 8: chas2148 collected ($1.25)
Seat 9: Alameda22 folded before Flop (didn't bet)



PokerStars Game #20142783136:  Hold'em No Limit ($0.25/$0.50) - 2008/09/04 14:09:44 ET
Table 'Thisbe V' 9-max Seat #4 is the button
Seat 1: FACUMDP ($51.55 in chips) 
Seat 2: Don Funghi ($61 in chips) 
Seat 3: Duff@Poker ($49.25 in chips) 
Seat 4: drewbabez ($46.50 in chips) 
Seat 5: Itzinger ($49.50 in chips) 
Seat 6: fioro ($48.75 in chips) 
Seat 7: wems ($128.10 in chips) 
Seat 8: chas2148 ($72.45 in chips) 
Seat 9: Alameda22 ($46 in chips) 
Itzinger: posts small blind $0.25
fioro: posts big blind $0.50
*** HOLE CARDS ***
Dealt to Alameda22 [Ah 4c]
wems: folds 
chas2148: folds 
Alameda22: folds 
FACUMDP: folds 
Don Funghi: folds 
Duff@Poker: folds 
drewbabez: folds 
Itzinger: calls $0.25
fioro: checks 
*** FLOP *** [3c Qs Ac]
Itzinger: bets $1.50
fioro: folds 
Uncalled bet ($1.50) returned to Itzinger
Itzinger collected $0.95 from pot
*** SUMMARY ***
Total pot $1 | Rake $0.05 
Board [3c Qs Ac]
Seat 1: FACUMDP folded before Flop (didn't bet)
Seat 2: Don Funghi folded before Flop (didn't bet)
Seat 3: Duff@Poker folded before Flop (didn't bet)
Seat 4: drewbabez (button) folded before Flop (didn't bet)
Seat 5: Itzinger (small blind) collected ($0.95)
Seat 6: fioro (big blind) folded on the Flop
Seat 7: wems folded before Flop (didn't bet)
Seat 8: chas2148 folded before Flop (didn't bet)
Seat 9: Alameda22 folded before Flop (didn't bet)



PokerStars Game #20142801027:  Hold'em No Limit ($0.25/$0.50) - 2008/09/04 14:10:26 ET
Table 'Thisbe V' 9-max Seat #5 is the button
Seat 1: FACUMDP ($51.55 in chips) 
Seat 2: Don Funghi ($61 in chips) 
Seat 3: Duff@Poker ($49.25 in chips) 
Seat 4: drewbabez ($46.50 in chips) 
Seat 5: Itzinger ($49.95 in chips) 
Seat 6: fioro ($48.25 in chips) 
Seat 7: wems ($128.10 in chips) 
Seat 8: chas2148 ($72.45 in chips) 
Seat 9: Alameda22 ($46 in chips) 
fioro: posts small blind $0.25
wems: posts big blind $0.50
*** HOLE CARDS ***
Dealt to Alameda22 [Qd 3c]
chas2148: folds 
Alameda22: folds 
FACUMDP: folds 
Don Funghi: folds 
Duff@Poker: folds 
drewbabez: folds 
Itzinger: folds 
fioro: folds 
Uncalled bet ($0.25) returned to wems
wems collected $0.50 from pot
wems: doesn't show hand 
*** SUMMARY ***
Total pot $0.50 | Rake $0 
Seat 1: FACUMDP folded before Flop (didn't bet)
Seat 2: Don Funghi folded before Flop (didn't bet)
Seat 3: Duff@Poker folded before Flop (didn't bet)
Seat 4: drewbabez folded before Flop (didn't bet)
Seat 5: Itzinger (button) folded before Flop (didn't bet)
Seat 6: fioro (small blind) folded before Flop
Seat 7: wems (big blind) collected ($0.50)
Seat 8: chas2148 folded before Flop (didn't bet)
Seat 9: Alameda22 folded before Flop (didn't bet)



PokerStars Game #20142820780:  Hold'em No Limit ($0.25/$0.50) - 2008/09/04 14:11:13 ET
Table 'Thisbe V' 9-max Seat #6 is the button
Seat 1: FACUMDP ($51.55 in chips) 
Seat 2: Don Funghi ($61 in chips) 
Seat 3: Duff@Poker ($49.25 in chips) 
Seat 4: drewbabez ($46.50 in chips) 
Seat 5: Itzinger ($49.95 in chips) 
Seat 6: fioro ($48 in chips) 
Seat 7: wems ($128.35 in chips) 
Seat 8: chas2148 ($72.45 in chips) 
Seat 9: Alameda22 ($46 in chips) 
wems: posts small blind $0.25
chas2148: posts big blind $0.50
*** HOLE CARDS ***
Dealt to Alameda22 [Kd 2s]
Alameda22: folds 
FACUMDP: folds 
Don Funghi: folds 
Duff@Poker: folds 
drewbabez: folds 
Itzinger: folds 
fioro: folds 
wems: folds 
Uncalled bet ($0.25) returned to chas2148
chas2148 collected $0.50 from pot
chas2148: doesn't show hand 
*** SUMMARY ***
Total pot $0.50 | Rake $0 
Seat 1: FACUMDP folded before Flop (didn't bet)
Seat 2: Don Funghi folded before Flop (didn't bet)
Seat 3: Duff@Poker folded before Flop (didn't bet)
Seat 4: drewbabez folded before Flop (didn't bet)
Seat 5: Itzinger folded before Flop (didn't bet)
Seat 6: fioro (button) folded before Flop (didn't bet)
Seat 7: wems (small blind) folded before Flop
Seat 8: chas2148 (big blind) collected ($0.50)
Seat 9: Alameda22 folded before Flop (didn't bet)



PokerStars Game #20142841189:  Hold'em No Limit ($0.25/$0.50) - 2008/09/04 14:12:02 ET
Table 'Thisbe V' 9-max Seat #7 is the button
Seat 1: FACUMDP ($51.55 in chips) 
Seat 2: Don Funghi ($61 in chips) 
Seat 3: Duff@Poker ($49.25 in chips) 
Seat 4: drewbabez ($46.50 in chips) 
Seat 5: Itzinger ($49.95 in chips) 
Seat 6: fioro ($48 in chips) 
Seat 7: wems ($128.10 in chips) 
Seat 8: chas2148 ($72.70 in chips) 
Seat 9: Alameda22 ($46 in chips) 
chas2148: posts small blind $0.25
Alameda22: posts big blind $0.50
*** HOLE CARDS ***
Dealt to Alameda22 [Tc 4c]
FACUMDP: folds 
FACUMDP leaves the table
Don Funghi: folds 
Duff@Poker: calls $0.50
drewbabez: folds 
Itzinger: folds 
fioro: folds 
FingersIan joins the table at seat #1 
wems: folds 
chas2148: calls $0.25
Alameda22: checks 
*** FLOP *** [5c 4s 2s]
chas2148: checks 
Alameda22: checks 
Duff@Poker: bets $1
chas2148: folds 
Alameda22: folds 
Uncalled bet ($1) returned to Duff@Poker
Duff@Poker collected $1.45 from pot
Duff@Poker: doesn't show hand 
*** SUMMARY ***
Total pot $1.50 | Rake $0.05 
Board [5c 4s 2s]
Seat 1: FACUMDP folded before Flop (didn't bet)
Seat 2: Don Funghi folded before Flop (didn't bet)
Seat 3: Duff@Poker collected ($1.45)
Seat 4: drewbabez folded before Flop (didn't bet)
Seat 5: Itzinger folded before Flop (didn't bet)
Seat 6: fioro folded before Flop (didn't bet)
Seat 7: wems (button) folded before Flop (didn't bet)
Seat 8: chas2148 (small blind) folded on the Flop
Seat 9: Alameda22 (big blind) folded on the Flop



PokerStars Game #20142876198:  Hold'em No Limit ($0.25/$0.50) - 2008/09/04 14:13:26 ET
Table 'Thisbe V' 9-max Seat #8 is the button
Seat 1: FingersIan ($25 in chips) 
Seat 2: Don Funghi ($61 in chips) 
Seat 3: Duff@Poker ($50.20 in chips) 
Seat 4: drewbabez ($46.50 in chips) 
Seat 5: Itzinger ($49.95 in chips) 
Seat 6: fioro ($48 in chips) 
Seat 7: wems ($128.10 in chips) 
Seat 8: chas2148 ($72.20 in chips) 
Seat 9: Alameda22 ($45.50 in chips) 
Alameda22: posts small blind $0.25
FingersIan: posts big blind $0.50
*** HOLE CARDS ***
Dealt to Alameda22 [Kh 8s]
Don Funghi: folds 
Duff@Poker: folds 
drewbabez: calls $0.50
Itzinger: folds 
fioro: folds 
wems has timed out
wems: folds 
wems is sitting out
chas2148: folds 
Alameda22: folds 
FingersIan: checks 
*** FLOP *** [3h 6d 4s]
FingersIan: checks 
drewbabez: checks 
*** TURN *** [3h 6d 4s] [4d]
FingersIan: checks 
drewbabez: checks 
*** RIVER *** [3h 6d 4s 4d] [Jc]
FingersIan: checks 
drewbabez: checks 
*** SHOW DOWN ***
FingersIan: shows [Qd 3d] (two pair, Fours and Threes)
drewbabez: mucks hand 
FingersIan collected $1.20 from pot
*** SUMMARY ***
Total pot $1.25 | Rake $0.05 
Board [3h 6d 4s 4d Jc]
Seat 1: FingersIan (big blind) showed [Qd 3d] and won ($1.20) with two pair, Fours and Threes
Seat 2: Don Funghi folded before Flop (didn't bet)
Seat 3: Duff@Poker folded before Flop (didn't bet)
Seat 4: drewbabez mucked [Ah 8h]
Seat 5: Itzinger folded before Flop (didn't bet)
Seat 6: fioro folded before Flop (didn't bet)
Seat 7: wems folded before Flop (didn't bet)
Seat 8: chas2148 (button) folded before Flop (didn't bet)
Seat 9: Alameda22 (small blind) folded before Flop



PokerStars Game #20142917177:  Hold'em No Limit ($0.25/$0.50) - 2008/09/04 14:15:04 ET
Table 'Thisbe V' 9-max Seat #9 is the button
Seat 1: FingersIan ($25.70 in chips) 
Seat 2: Don Funghi ($61 in chips) 
Seat 3: Duff@Poker ($50.20 in chips) 
Seat 4: drewbabez ($46 in chips) 
Seat 5: Itzinger ($49.95 in chips) 
Seat 6: fioro ($48 in chips) 
Seat 8: chas2148 ($72.20 in chips) 
Seat 9: Alameda22 ($45.25 in chips) 
FingersIan: posts small blind $0.25
Don Funghi: posts big blind $0.50
*** HOLE CARDS ***
Dealt to Alameda22 [4d 9c]
Duff@Poker: folds 
drewbabez: folds 
Itzinger: folds 
fioro: folds 
chas2148: folds 
Alameda22: folds 
FingersIan: folds 
Uncalled bet ($0.25) returned to Don Funghi
Don Funghi collected $0.50 from pot
*** SUMMARY ***
Total pot $0.50 | Rake $0 
Seat 1: FingersIan (small blind) folded before Flop
Seat 2: Don Funghi (big blind) collected ($0.50)
Seat 3: Duff@Poker folded before Flop (didn't bet)
Seat 4: drewbabez folded before Flop (didn't bet)
Seat 5: Itzinger folded before Flop (didn't bet)
Seat 6: fioro folded before Flop (didn't bet)
Seat 8: chas2148 folded before Flop (didn't bet)
Seat 9: Alameda22 (button) folded before Flop (didn't bet)



PokerStars Game #20142929835:  Hold'em No Limit ($0.25/$0.50) - 2008/09/04 14:15:35 ET
Table 'Thisbe V' 9-max Seat #1 is the button
Seat 1: FingersIan ($25.45 in chips) 
Seat 2: Don Funghi ($61.25 in chips) 
Seat 3: Duff@Poker ($50.20 in chips) 
Seat 4: drewbabez ($50 in chips) 
Seat 5: Itzinger ($49.95 in chips) 
Seat 6: fioro ($48 in chips) 
Seat 8: chas2148 ($72.20 in chips) 
Seat 9: Alameda22 ($45.25 in chips) 
Don Funghi: posts small blind $0.25
Duff@Poker: posts big blind $0.50
*** HOLE CARDS ***
Dealt to Alameda22 [Kh Qh]
drewbabez: folds 
Itzinger: folds 
fioro: folds 
chas2148: folds 
Alameda22: raises $1.50 to $2
FingersIan: folds 
Don Funghi: folds 
Duff@Poker: folds 
Uncalled bet ($1.50) returned to Alameda22
Alameda22 collected $1.25 from pot
Alameda22: doesn't show hand 
*** SUMMARY ***
Total pot $1.25 | Rake $0 
Seat 1: FingersIan (button) folded before Flop (didn't bet)
Seat 2: Don Funghi (small blind) folded before Flop
Seat 3: Duff@Poker (big blind) folded before Flop
Seat 4: drewbabez folded before Flop (didn't bet)
Seat 5: Itzinger folded before Flop (didn't bet)
Seat 6: fioro folded before Flop (didn't bet)
Seat 8: chas2148 folded before Flop (didn't bet)
Seat 9: Alameda22 collected ($1.25)



PokerStars Game #20142947009:  Hold'em No Limit ($0.25/$0.50) - 2008/09/04 14:16:16 ET
Table 'Thisbe V' 9-max Seat #2 is the button
Seat 1: FingersIan ($25.45 in chips) 
Seat 2: Don Funghi ($61 in chips) 
Seat 3: Duff@Poker ($49.70 in chips) 
Seat 4: drewbabez ($50 in chips) 
Seat 5: Itzinger ($49.95 in chips) 
Seat 6: fioro ($48 in chips) 
Seat 8: chas2148 ($72.20 in chips) 
Seat 9: Alameda22 ($46 in chips) 
Duff@Poker: posts small blind $0.25
drewbabez: posts big blind $0.50
*** HOLE CARDS ***
Dealt to Alameda22 [Jd 6h]
Itzinger: folds 
fioro: folds 
chas2148: folds 
Alameda22: folds 
FingersIan: folds 
Don Funghi: folds 
Duff@Poker: folds 
Uncalled bet ($0.25) returned to drewbabez
drewbabez collected $0.50 from pot
drewbabez: doesn't show hand 
*** SUMMARY ***
Total pot $0.50 | Rake $0 
Seat 1: FingersIan folded before Flop (didn't bet)
Seat 2: Don Funghi (button) folded before Flop (didn't bet)
Seat 3: Duff@Poker (small blind) folded before Flop
Seat 4: drewbabez (big blind) collected ($0.50)
Seat 5: Itzinger folded before Flop (didn't bet)
Seat 6: fioro folded before Flop (didn't bet)
Seat 8: chas2148 folded before Flop (didn't bet)
Seat 9: Alameda22 folded before Flop (didn't bet)



PokerStars Game #20142955951:  Hold'em No Limit ($0.25/$0.50) - 2008/09/04 14:16:37 ET
Table 'Thisbe V' 9-max Seat #3 is the button
Seat 1: FingersIan ($25.45 in chips) 
Seat 2: Don Funghi ($61 in chips) 
Seat 3: Duff@Poker ($49.45 in chips) 
Seat 4: drewbabez ($50.25 in chips) 
Seat 5: Itzinger ($49.95 in chips) 
Seat 6: fioro ($48 in chips) 
Seat 8: chas2148 ($72.20 in chips) 
Seat 9: Alameda22 ($46 in chips) 
drewbabez: posts small blind $0.25
Itzinger: posts big blind $0.50
*** HOLE CARDS ***
Dealt to Alameda22 [Ac 3s]
fioro: folds 
chas2148: folds 
Alameda22: folds 
FingersIan: folds 
Don Funghi: raises $1.50 to $2
Duff@Poker: calls $2
drewbabez: folds 
Itzinger: folds 
*** FLOP *** [Js 7c Qs]
Don Funghi: checks 
Duff@Poker: checks 
*** TURN *** [Js 7c Qs] [3h]
Don Funghi: checks 
Duff@Poker: checks 
*** RIVER *** [Js 7c Qs 3h] [3d]
Don Funghi: checks 
Duff@Poker: checks 
*** SHOW DOWN ***
Don Funghi: shows [Ad Kh] (a pair of Threes)
Duff@Poker: shows [Kd As] (a pair of Threes)
Don Funghi collected $2.30 from pot
Duff@Poker collected $2.25 from pot
*** SUMMARY ***
Total pot $4.75 | Rake $0.20 
Board [Js 7c Qs 3h 3d]
Seat 1: FingersIan folded before Flop (didn't bet)
Seat 2: Don Funghi showed [Ad Kh] and won ($2.30) with a pair of Threes
Seat 3: Duff@Poker (button) showed [Kd As] and won ($2.25) with a pair of Threes
Seat 4: drewbabez (small blind) folded before Flop
Seat 5: Itzinger (big blind) folded before Flop
Seat 6: fioro folded before Flop (didn't bet)
Seat 8: chas2148 folded before Flop (didn't bet)
Seat 9: Alameda22 folded before Flop (didn't bet)



PokerStars Game #20142981819:  Hold'em No Limit ($0.25/$0.50) - 2008/09/04 14:17:40 ET
Table 'Thisbe V' 9-max Seat #4 is the button
Seat 1: FingersIan ($25.45 in chips) 
Seat 2: Don Funghi ($61.30 in chips) 
Seat 3: Duff@Poker ($49.70 in chips) 
Seat 4: drewbabez ($50 in chips) 
Seat 5: Itzinger ($49.45 in chips) 
Seat 6: fioro ($48 in chips) 
Seat 8: chas2148 ($72.20 in chips) 
Seat 9: Alameda22 ($46 in chips) 
Itzinger: posts small blind $0.25
fioro: posts big blind $0.50
*** HOLE CARDS ***
Dealt to Alameda22 [7c 8c]
chas2148: raises $2 to $2.50
Alameda22: folds 
FingersIan: folds 
Don Funghi: folds 
Duff@Poker: folds 
drewbabez: folds 
Itzinger: folds 
fioro: folds 
Uncalled bet ($2) returned to chas2148
chas2148 collected $1.25 from pot
chas2148: doesn't show hand 
*** SUMMARY ***
Total pot $1.25 | Rake $0 
Seat 1: FingersIan folded before Flop (didn't bet)
Seat 2: Don Funghi folded before Flop (didn't bet)
Seat 3: Duff@Poker folded before Flop (didn't bet)
Seat 4: drewbabez (button) folded before Flop (didn't bet)
Seat 5: Itzinger (small blind) folded before Flop
Seat 6: fioro (big blind) folded before Flop
Seat 8: chas2148 collected ($1.25)
Seat 9: Alameda22 folded before Flop (didn't bet)



PokerStars Game #20142997549:  Hold'em No Limit ($0.25/$0.50) - 2008/09/04 14:18:18 ET
Table 'Thisbe V' 9-max Seat #5 is the button
Seat 1: FingersIan ($25.45 in chips) 
Seat 2: Don Funghi ($61.30 in chips) 
Seat 3: Duff@Poker ($49.70 in chips) 
Seat 4: drewbabez ($50 in chips) 
Seat 5: Itzinger ($49.20 in chips) 
Seat 6: fioro ($47.50 in chips) 
Seat 8: chas2148 ($72.95 in chips) 
Seat 9: Alameda22 ($46 in chips) 
fioro: posts small blind $0.25
chas2148: posts big blind $0.50
*** HOLE CARDS ***
Dealt to Alameda22 [Td 7c]
Alameda22: folds 
FingersIan: calls $0.50
Don Funghi: folds 
Duff@Poker: folds 
drewbabez: folds 
Itzinger: folds 
fioro: raises $2.50 to $3
chas2148: folds 
FingersIan: folds 
Uncalled bet ($2.50) returned to fioro
fioro collected $1.50 from pot
fioro: doesn't show hand 
*** SUMMARY ***
Total pot $1.50 | Rake $0 
Seat 1: FingersIan folded before Flop
Seat 2: Don Funghi folded before Flop (didn't bet)
Seat 3: Duff@Poker folded before Flop (didn't bet)
Seat 4: drewbabez folded before Flop (didn't bet)
Seat 5: Itzinger (button) folded before Flop (didn't bet)
Seat 6: fioro (small blind) collected ($1.50)
Seat 8: chas2148 (big blind) folded before Flop
Seat 9: Alameda22 folded before Flop (didn't bet)



PokerStars Game #20143022235:  Hold'em No Limit ($0.25/$0.50) - 2008/09/04 14:19:17 ET
Table 'Thisbe V' 9-max Seat #6 is the button
Seat 1: FingersIan ($24.95 in chips) 
Seat 2: Don Funghi ($61.30 in chips) 
Seat 3: Duff@Poker ($49.70 in chips) 
Seat 4: drewbabez ($50 in chips) 
Seat 5: Itzinger ($49.20 in chips) 
Seat 6: fioro ($48.50 in chips) 
Seat 8: chas2148 ($72.45 in chips) 
Seat 9: Alameda22 ($46 in chips) 
chas2148: posts small blind $0.25
Alameda22: posts big blind $0.50
*** HOLE CARDS ***
Dealt to Alameda22 [Ks 9h]
FingersIan: folds 
Don Funghi: folds 
Duff@Poker: folds 
drewbabez: folds 
Itzinger: folds 
fioro: folds 
chas2148: calls $0.25
Alameda22: checks 
*** FLOP *** [Qd Td 8c]
chas2148: checks 
Alameda22: checks 
*** TURN *** [Qd Td 8c] [Kc]
chas2148: checks 
Alameda22: bets $1
chas2148: folds 
Uncalled bet ($1) returned to Alameda22
Alameda22 collected $0.95 from pot
Alameda22: doesn't show hand 
*** SUMMARY ***
Total pot $1 | Rake $0.05 
Board [Qd Td 8c Kc]
Seat 1: FingersIan folded before Flop (didn't bet)
Seat 2: Don Funghi folded before Flop (didn't bet)
Seat 3: Duff@Poker folded before Flop (didn't bet)
Seat 4: drewbabez folded before Flop (didn't bet)
Seat 5: Itzinger folded before Flop (didn't bet)
Seat 6: fioro (button) folded before Flop (didn't bet)
Seat 8: chas2148 (small blind) folded on the Turn
Seat 9: Alameda22 (big blind) collected ($0.95)



PokerStars Game #20143053995:  Hold'em No Limit ($0.25/$0.50) - 2008/09/04 14:20:34 ET
Table 'Thisbe V' 9-max Seat #8 is the button
Seat 1: FingersIan ($24.95 in chips) 
Seat 2: Don Funghi ($61.30 in chips) 
Seat 3: Duff@Poker ($49.70 in chips) 
Seat 4: drewbabez ($50 in chips) 
Seat 5: Itzinger ($49.20 in chips) 
Seat 6: fioro ($48.50 in chips) 
Seat 8: chas2148 ($71.95 in chips) 
Seat 9: Alameda22 ($46.45 in chips) 
Alameda22: posts small blind $0.25
FingersIan: posts big blind $0.50
*** HOLE CARDS ***
Dealt to Alameda22 [5h 2d]
Don Funghi: folds 
Duff@Poker: folds 
drewbabez: folds 
Itzinger: folds 
fioro: folds 
chas2148: calls $0.50
Alameda22: folds 
FingersIan: checks 
*** FLOP *** [Jh Ac 7c]
FingersIan: checks 
chas2148: checks 
*** TURN *** [Jh Ac 7c] [Jd]
FingersIan: checks 
chas2148: checks 
*** RIVER *** [Jh Ac 7c Jd] [Ah]
FingersIan: checks 
chas2148: checks 
*** SHOW DOWN ***
FingersIan: shows [3h Kc] (two pair, Aces and Jacks)
chas2148: mucks hand 
FingersIan collected $1.20 from pot
*** SUMMARY ***
Total pot $1.25 | Rake $0.05 
Board [Jh Ac 7c Jd Ah]
Seat 1: FingersIan (big blind) showed [3h Kc] and won ($1.20) with two pair, Aces and Jacks
Seat 2: Don Funghi folded before Flop (didn't bet)
Seat 3: Duff@Poker folded before Flop (didn't bet)
Seat 4: drewbabez folded before Flop (didn't bet)
Seat 5: Itzinger folded before Flop (didn't bet)
Seat 6: fioro folded before Flop (didn't bet)
Seat 8: chas2148 (button) mucked [6s 9s]
Seat 9: Alameda22 (small blind) folded before Flop



PokerStars Game #20143080630:  Hold'em No Limit ($0.25/$0.50) - 2008/09/04 14:21:37 ET
Table 'Thisbe V' 9-max Seat #9 is the button
Seat 1: FingersIan ($25.65 in chips) 
Seat 2: Don Funghi ($61.30 in chips) 
Seat 3: Duff@Poker ($49.70 in chips) 
Seat 4: drewbabez ($50 in chips) 
Seat 5: Itzinger ($49.20 in chips) 
Seat 6: fioro ($48.50 in chips) 
Seat 8: chas2148 ($71.45 in chips) 
Seat 9: Alameda22 ($46.20 in chips) 
FingersIan: posts small blind $0.25
Don Funghi: posts big blind $0.50
*** HOLE CARDS ***
Dealt to Alameda22 [Qs Js]
Duff@Poker: folds 
drewbabez: folds 
Itzinger: folds 
fioro: raises $1.50 to $2
chas2148: folds 
Alameda22: folds 
FingersIan: folds 
Don Funghi: calls $1.50
*** FLOP *** [5c 9d 4s]
Don Funghi: bets $1.50
fioro: raises $4.50 to $6
Don Funghi: calls $4.50
*** TURN *** [5c 9d 4s] [8c]
Don Funghi: bets $8
fioro: folds 
Uncalled bet ($8) returned to Don Funghi
Don Funghi collected $15.45 from pot
*** SUMMARY ***
Total pot $16.25 | Rake $0.80 
Board [5c 9d 4s 8c]
Seat 1: FingersIan (small blind) folded before Flop
Seat 2: Don Funghi (big blind) collected ($15.45)
Seat 3: Duff@Poker folded before Flop (didn't bet)
Seat 4: drewbabez folded before Flop (didn't bet)
Seat 5: Itzinger folded before Flop (didn't bet)
Seat 6: fioro folded on the Turn
Seat 8: chas2148 folded before Flop (didn't bet)
Seat 9: Alameda22 (button) folded before Flop (didn't bet)



PokerStars Game #20143110064:  Hold'em No Limit ($0.25/$0.50) - 2008/09/04 14:22:47 ET
Table 'Thisbe V' 9-max Seat #1 is the button
Seat 1: FingersIan ($25.40 in chips) 
Seat 2: Don Funghi ($68.75 in chips) 
Seat 3: Duff@Poker ($49.70 in chips) 
Seat 4: drewbabez ($50 in chips) 
Seat 5: Itzinger ($49.20 in chips) 
Seat 6: fioro ($40.50 in chips) 
Seat 8: chas2148 ($71.45 in chips) 
Seat 9: Alameda22 ($46.20 in chips) 
Don Funghi: posts small blind $0.25
Duff@Poker: posts big blind $0.50
*** HOLE CARDS ***
Dealt to Alameda22 [7s Td]
drewbabez: calls $0.50
Itzinger: folds 
fioro: folds 
chas2148: calls $0.50
Alameda22: folds 
FingersIan: folds 
Don Funghi: folds 
Duff@Poker: checks 
*** FLOP *** [Jh 3c Qc]
Duff@Poker: checks 
drewbabez: bets $1.50
chas2148: folds 
Duff@Poker: folds 
Uncalled bet ($1.50) returned to drewbabez
drewbabez collected $1.70 from pot
drewbabez: doesn't show hand 
*** SUMMARY ***
Total pot $1.75 | Rake $0.05 
Board [Jh 3c Qc]
Seat 1: FingersIan (button) folded before Flop (didn't bet)
Seat 2: Don Funghi (small blind) folded before Flop
Seat 3: Duff@Poker (big blind) folded on the Flop
Seat 4: drewbabez collected ($1.70)
Seat 5: Itzinger folded before Flop (didn't bet)
Seat 6: fioro folded before Flop (didn't bet)
Seat 8: chas2148 folded on the Flop
Seat 9: Alameda22 folded before Flop (didn't bet)



PokerStars Game #20143136099:  Hold'em No Limit ($0.25/$0.50) - 2008/09/04 14:23:49 ET
Table 'Thisbe V' 9-max Seat #2 is the button
Seat 1: FingersIan ($25.40 in chips) 
Seat 2: Don Funghi ($68.50 in chips) 
Seat 3: Duff@Poker ($49.20 in chips) 
Seat 4: drewbabez ($51.20 in chips) 
Seat 5: Itzinger ($49.20 in chips) 
Seat 6: fioro ($40.50 in chips) 
Seat 8: chas2148 ($70.95 in chips) 
Seat 9: Alameda22 ($46.20 in chips) 
Duff@Poker: posts small blind $0.25
drewbabez: posts big blind $0.50
*** HOLE CARDS ***
Dealt to Alameda22 [8c 6h]
Itzinger: folds 
fioro: folds 
chas2148: folds 
Alameda22: folds 
FingersIan: folds 
Don Funghi: raises $1.50 to $2
Duff@Poker: folds 
drewbabez: folds 
Uncalled bet ($1.50) returned to Don Funghi
Don Funghi collected $1.25 from pot
*** SUMMARY ***
Total pot $1.25 | Rake $0 
Seat 1: FingersIan folded before Flop (didn't bet)
Seat 2: Don Funghi (button) collected ($1.25)
Seat 3: Duff@Poker (small blind) folded before Flop
Seat 4: drewbabez (big blind) folded before Flop
Seat 5: Itzinger folded before Flop (didn't bet)
Seat 6: fioro folded before Flop (didn't bet)
Seat 8: chas2148 folded before Flop (didn't bet)
Seat 9: Alameda22 folded before Flop (didn't bet)



PokerStars Game #20143157283:  Hold'em No Limit ($0.25/$0.50) - 2008/09/04 14:24:40 ET
Table 'Thisbe V' 9-max Seat #3 is the button
Seat 1: FingersIan ($25.40 in chips) 
Seat 2: Don Funghi ($69.25 in chips) 
Seat 3: Duff@Poker ($48.95 in chips) 
Seat 4: drewbabez ($50.70 in chips) 
Seat 5: Itzinger ($49.20 in chips) 
Seat 6: fioro ($40.50 in chips) 
Seat 8: chas2148 ($70.95 in chips) 
Seat 9: Alameda22 ($46.20 in chips) 
drewbabez: posts small blind $0.25
Itzinger: posts big blind $0.50
*** HOLE CARDS ***
Dealt to Alameda22 [Ac 8h]
fioro: folds 
chas2148: folds 
Alameda22: folds 
FingersIan: folds 
Don Funghi: raises $1.50 to $2
Duff@Poker: folds 
drewbabez: folds 
Itzinger: folds 
Uncalled bet ($1.50) returned to Don Funghi
Don Funghi collected $1.25 from pot
*** SUMMARY ***
Total pot $1.25 | Rake $0 
Seat 1: FingersIan folded before Flop (didn't bet)
Seat 2: Don Funghi collected ($1.25)
Seat 3: Duff@Poker (button) folded before Flop (didn't bet)
Seat 4: drewbabez (small blind) folded before Flop
Seat 5: Itzinger (big blind) folded before Flop
Seat 6: fioro folded before Flop (didn't bet)
Seat 8: chas2148 folded before Flop (didn't bet)
Seat 9: Alameda22 folded before Flop (didn't bet)



PokerStars Game #20143172673:  Hold'em No Limit ($0.25/$0.50) - 2008/09/04 14:25:17 ET
Table 'Thisbe V' 9-max Seat #4 is the button
Seat 1: FingersIan ($25.40 in chips) 
Seat 2: Don Funghi ($70 in chips) 
Seat 3: Duff@Poker ($48.95 in chips) 
Seat 4: drewbabez ($50.45 in chips) 
Seat 5: Itzinger ($48.70 in chips) 
Seat 6: fioro ($40.50 in chips) 
Seat 8: chas2148 ($70.95 in chips) 
Seat 9: Alameda22 ($46.20 in chips) 
Itzinger: posts small blind $0.25
fioro: posts big blind $0.50
*** HOLE CARDS ***
Dealt to Alameda22 [3c 7d]
chas2148: folds 
Alameda22: folds 
FingersIan: folds 
Don Funghi: folds 
Duff@Poker: raises $1.50 to $2
drewbabez: folds 
Itzinger: folds 
fioro: folds 
Uncalled bet ($1.50) returned to Duff@Poker
Duff@Poker collected $1.25 from pot
Duff@Poker: doesn't show hand 
*** SUMMARY ***
Total pot $1.25 | Rake $0 
Seat 1: FingersIan folded before Flop (didn't bet)
Seat 2: Don Funghi folded before Flop (didn't bet)
Seat 3: Duff@Poker collected ($1.25)
Seat 4: drewbabez (button) folded before Flop (didn't bet)
Seat 5: Itzinger (small blind) folded before Flop
Seat 6: fioro (big blind) folded before Flop
Seat 8: chas2148 folded before Flop (didn't bet)
Seat 9: Alameda22 folded before Flop (didn't bet)



PokerStars Game #20143187861:  Hold'em No Limit ($0.25/$0.50) - 2008/09/04 14:25:53 ET
Table 'Thisbe V' 9-max Seat #5 is the button
Seat 1: FingersIan ($25.40 in chips) 
Seat 2: Don Funghi ($70 in chips) 
Seat 3: Duff@Poker ($49.70 in chips) 
Seat 4: drewbabez ($50.45 in chips) 
Seat 5: Itzinger ($48.45 in chips) 
Seat 6: fioro ($40 in chips) 
Seat 8: chas2148 ($70.95 in chips) 
Seat 9: Alameda22 ($46.20 in chips) 
fioro: posts small blind $0.25
chas2148: posts big blind $0.50
*** HOLE CARDS ***
Dealt to Alameda22 [Ad Js]
Alameda22: folds 
FingersIan: folds 
Don Funghi: folds 
Duff@Poker: folds 
drewbabez: folds 
Itzinger: raises $1 to $1.50
fioro: folds 
chas2148: folds 
Uncalled bet ($1) returned to Itzinger
Itzinger collected $1.25 from pot
Itzinger: doesn't show hand 
*** SUMMARY ***
Total pot $1.25 | Rake $0 
Seat 1: FingersIan folded before Flop (didn't bet)
Seat 2: Don Funghi folded before Flop (didn't bet)
Seat 3: Duff@Poker folded before Flop (didn't bet)
Seat 4: drewbabez folded before Flop (didn't bet)
Seat 5: Itzinger (button) collected ($1.25)
Seat 6: fioro (small blind) folded before Flop
Seat 8: chas2148 (big blind) folded before Flop
Seat 9: Alameda22 folded before Flop (didn't bet)



PokerStars Game #20143206481:  Hold'em No Limit ($0.25/$0.50) - 2008/09/04 14:26:38 ET
Table 'Thisbe V' 9-max Seat #6 is the button
Seat 1: FingersIan ($25.40 in chips) 
Seat 2: Don Funghi ($70 in chips) 
Seat 3: Duff@Poker ($49.70 in chips) 
Seat 4: drewbabez ($50.45 in chips) 
Seat 5: Itzinger ($49.20 in chips) 
Seat 6: fioro ($39.75 in chips) 
Seat 8: chas2148 ($70.45 in chips) 
Seat 9: Alameda22 ($46.20 in chips) 
chas2148: posts small blind $0.25
Alameda22: posts big blind $0.50
*** HOLE CARDS ***
Dealt to Alameda22 [Kh 8c]
FingersIan: folds 
Don Funghi: folds 
Duff@Poker: folds 
drewbabez: folds 
Itzinger: raises $1 to $1.50
fioro: folds 
chas2148: folds 
Alameda22: folds 
Uncalled bet ($1) returned to Itzinger
Itzinger collected $1.25 from pot
Itzinger: doesn't show hand 
*** SUMMARY ***
Total pot $1.25 | Rake $0 
Seat 1: FingersIan folded before Flop (didn't bet)
Seat 2: Don Funghi folded before Flop (didn't bet)
Seat 3: Duff@Poker folded before Flop (didn't bet)
Seat 4: drewbabez folded before Flop (didn't bet)
Seat 5: Itzinger collected ($1.25)
Seat 6: fioro (button) folded before Flop (didn't bet)
Seat 8: chas2148 (small blind) folded before Flop
Seat 9: Alameda22 (big blind) folded before Flop



PokerStars Game #20143216651:  Hold'em No Limit ($0.25/$0.50) - 2008/09/04 14:27:02 ET
Table 'Thisbe V' 9-max Seat #8 is the button
Seat 1: FingersIan ($25.40 in chips) 
Seat 2: Don Funghi ($70 in chips) 
Seat 3: Duff@Poker ($49.70 in chips) 
Seat 4: drewbabez ($50.45 in chips) 
Seat 5: Itzinger ($49.95 in chips) 
Seat 6: fioro ($39.75 in chips) 
Seat 8: chas2148 ($70.20 in chips) 
Seat 9: Alameda22 ($45.70 in chips) 
Alameda22: posts small blind $0.25
FingersIan: posts big blind $0.50
*** HOLE CARDS ***
Dealt to Alameda22 [6d Qs]
Don Funghi: raises $1.50 to $2
Duff@Poker: folds 
drewbabez: folds 
Itzinger: folds 
fioro: folds 
chas2148: calls $2
Alameda22: folds 
FingersIan: folds 
*** FLOP *** [Jc 4h Jh]
Don Funghi: checks 
chas2148: checks 
*** TURN *** [Jc 4h Jh] [Qc]
Don Funghi: bets $2.50
chas2148: folds 
Uncalled bet ($2.50) returned to Don Funghi
Don Funghi collected $4.55 from pot
*** SUMMARY ***
Total pot $4.75 | Rake $0.20 
Board [Jc 4h Jh Qc]
Seat 1: FingersIan (big blind) folded before Flop
Seat 2: Don Funghi collected ($4.55)
Seat 3: Duff@Poker folded before Flop (didn't bet)
Seat 4: drewbabez folded before Flop (didn't bet)
Seat 5: Itzinger folded before Flop (didn't bet)
Seat 6: fioro folded before Flop (didn't bet)
Seat 8: chas2148 (button) folded on the Turn
Seat 9: Alameda22 (small blind) folded before Flop



PokerStars Game #20143236432:  Hold'em No Limit ($0.25/$0.50) - 2008/09/04 14:27:50 ET
Table 'Thisbe V' 9-max Seat #9 is the button
Seat 1: FingersIan ($24.90 in chips) 
Seat 2: Don Funghi ($72.55 in chips) 
Seat 3: Duff@Poker ($49.70 in chips) 
Seat 4: drewbabez ($50.45 in chips) 
Seat 5: Itzinger ($49.95 in chips) 
Seat 6: fioro ($39.75 in chips) 
Seat 8: chas2148 ($68.20 in chips) 
Seat 9: Alameda22 ($45.45 in chips) 
FingersIan: posts small blind $0.25
Don Funghi: posts big blind $0.50
*** HOLE CARDS ***
Dealt to Alameda22 [8c Jc]
Duff@Poker: folds 
drewbabez: folds 
Itzinger: folds 
fioro: folds 
chas2148: folds 
Alameda22: folds 
FingersIan: folds 
Uncalled bet ($0.25) returned to Don Funghi
Don Funghi collected $0.50 from pot
*** SUMMARY ***
Total pot $0.50 | Rake $0 
Seat 1: FingersIan (small blind) folded before Flop
Seat 2: Don Funghi (big blind) collected ($0.50)
Seat 3: Duff@Poker folded before Flop (didn't bet)
Seat 4: drewbabez folded before Flop (didn't bet)
Seat 5: Itzinger folded before Flop (didn't bet)
Seat 6: fioro folded before Flop (didn't bet)
Seat 8: chas2148 folded before Flop (didn't bet)
Seat 9: Alameda22 (button) folded before Flop (didn't bet)



PokerStars Game #20143253197:  Hold'em No Limit ($0.25/$0.50) - 2008/09/04 14:28:31 ET
Table 'Thisbe V' 9-max Seat #1 is the button
Seat 1: FingersIan ($24.65 in chips) 
Seat 2: Don Funghi ($72.80 in chips) 
Seat 3: Duff@Poker ($49.70 in chips) 
Seat 4: drewbabez ($50.45 in chips) 
Seat 5: Itzinger ($49.95 in chips) 
Seat 6: fioro ($39.75 in chips) 
Seat 8: chas2148 ($68.20 in chips) 
Seat 9: Alameda22 ($45.45 in chips) 
Don Funghi: posts small blind $0.25
Duff@Poker: posts big blind $0.50
*** HOLE CARDS ***
Dealt to Alameda22 [5h 3h]
drewbabez: folds 
Itzinger: folds 
fioro: folds 
chas2148: folds 
Alameda22: folds 
FingersIan: folds 
Don Funghi: folds 
Uncalled bet ($0.25) returned to Duff@Poker
Duff@Poker collected $0.50 from pot
Duff@Poker: doesn't show hand 
*** SUMMARY ***
Total pot $0.50 | Rake $0 
Seat 1: FingersIan (button) folded before Flop (didn't bet)
Seat 2: Don Funghi (small blind) folded before Flop
Seat 3: Duff@Poker (big blind) collected ($0.50)
Seat 4: drewbabez folded before Flop (didn't bet)
Seat 5: Itzinger folded before Flop (didn't bet)
Seat 6: fioro folded before Flop (didn't bet)
Seat 8: chas2148 folded before Flop (didn't bet)
Seat 9: Alameda22 folded before Flop (didn't bet)



PokerStars Game #20143271518:  Hold'em No Limit ($0.25/$0.50) - 2008/09/04 14:29:15 ET
Table 'Thisbe V' 9-max Seat #2 is the button
Seat 1: FingersIan ($24.65 in chips) 
Seat 2: Don Funghi ($72.55 in chips) 
Seat 3: Duff@Poker ($49.95 in chips) 
Seat 4: drewbabez ($50.45 in chips) 
Seat 5: Itzinger ($49.95 in chips) 
Seat 6: fioro ($39.75 in chips) 
Seat 8: chas2148 ($68.20 in chips) 
Seat 9: Alameda22 ($45.45 in chips) 
Duff@Poker: posts small blind $0.25
drewbabez: posts big blind $0.50
*** HOLE CARDS ***
Dealt to Alameda22 [Kd 5c]
Itzinger: folds 
Itzinger leaves the table
fioro: folds 
chas2148: folds 
Zeuwan07 joins the table at seat #5 
Alameda22: folds 
FingersIan: folds 
Don Funghi: folds 
Duff@Poker: folds 
Uncalled bet ($0.25) returned to drewbabez
drewbabez collected $0.50 from pot
drewbabez: doesn't show hand 
*** SUMMARY ***
Total pot $0.50 | Rake $0 
Seat 1: FingersIan folded before Flop (didn't bet)
Seat 2: Don Funghi (button) folded before Flop (didn't bet)
Seat 3: Duff@Poker (small blind) folded before Flop
Seat 4: drewbabez (big blind) collected ($0.50)
Seat 5: Itzinger folded before Flop (didn't bet)
Seat 6: fioro folded before Flop (didn't bet)
Seat 8: chas2148 folded before Flop (didn't bet)
Seat 9: Alameda22 folded before Flop (didn't bet)



PokerStars Game #20143288998:  Hold'em No Limit ($0.25/$0.50) - 2008/09/04 14:29:58 ET
Table 'Thisbe V' 9-max Seat #3 is the button
Seat 1: FingersIan ($24.65 in chips) 
Seat 2: Don Funghi ($72.55 in chips) 
Seat 3: Duff@Poker ($49.70 in chips) 
Seat 4: drewbabez ($50.70 in chips) 
Seat 5: Zeuwan07 ($50 in chips) 
Seat 6: fioro ($39.75 in chips) 
Seat 8: chas2148 ($68.20 in chips) 
Seat 9: Alameda22 ($45.45 in chips) 
drewbabez: posts small blind $0.25
Zeuwan07: posts big blind $0.50
*** HOLE CARDS ***
Dealt to Alameda22 [4s 6s]
fioro: folds 
chas2148: folds 
Alameda22: folds 
FingersIan: folds 
Don Funghi: folds 
Duff@Poker: calls $0.50
drewbabez: folds 
Zeuwan07: checks 
*** FLOP *** [3h Ac Ah]
Zeuwan07: checks 
Duff@Poker: bets $0.50
Zeuwan07: folds 
Uncalled bet ($0.50) returned to Duff@Poker
Duff@Poker collected $1.20 from pot
Duff@Poker: doesn't show hand 
*** SUMMARY ***
Total pot $1.25 | Rake $0.05 
Board [3h Ac Ah]
Seat 1: FingersIan folded before Flop (didn't bet)
Seat 2: Don Funghi folded before Flop (didn't bet)
Seat 3: Duff@Poker (button) collected ($1.20)
Seat 4: drewbabez (small blind) folded before Flop
Seat 5: Zeuwan07 (big blind) folded on the Flop
Seat 6: fioro folded before Flop (didn't bet)
Seat 8: chas2148 folded before Flop (didn't bet)
Seat 9: Alameda22 folded before Flop (didn't bet)



PokerStars Game #20143318939:  Hold'em No Limit ($0.25/$0.50) - 2008/09/04 14:31:12 ET
Table 'Thisbe V' 9-max Seat #4 is the button
Seat 1: FingersIan ($24.65 in chips) 
Seat 2: Don Funghi ($72.55 in chips) 
Seat 3: Duff@Poker ($50.40 in chips) 
Seat 4: drewbabez ($50.45 in chips) 
Seat 5: Zeuwan07 ($49.50 in chips) 
Seat 6: fioro ($39.75 in chips) 
Seat 8: chas2148 ($68.20 in chips) 
Seat 9: Alameda22 ($45.45 in chips) 
Zeuwan07: posts small blind $0.25
fioro: posts big blind $0.50
*** HOLE CARDS ***
Dealt to Alameda22 [Ac 6s]
chas2148: folds 
Alameda22: folds 
FingersIan: folds 
Don Funghi: folds 
Duff@Poker: calls $0.50
drewbabez: calls $0.50
Zeuwan07: calls $0.25
fioro: checks 
*** FLOP *** [7d Kd Qc]
Zeuwan07: checks 
fioro: checks 
Duff@Poker: checks 
drewbabez: bets $1
Zeuwan07: folds 
fioro: folds 
Duff@Poker: folds 
Uncalled bet ($1) returned to drewbabez
drewbabez collected $1.90 from pot
drewbabez: doesn't show hand 
*** SUMMARY ***
Total pot $2 | Rake $0.10 
Board [7d Kd Qc]
Seat 1: FingersIan folded before Flop (didn't bet)
Seat 2: Don Funghi folded before Flop (didn't bet)
Seat 3: Duff@Poker folded on the Flop
Seat 4: drewbabez (button) collected ($1.90)
Seat 5: Zeuwan07 (small blind) folded on the Flop
Seat 6: fioro (big blind) folded on the Flop
Seat 8: chas2148 folded before Flop (didn't bet)
Seat 9: Alameda22 folded before Flop (didn't bet)



PokerStars Game #20143337222:  Hold'em No Limit ($0.25/$0.50) - 2008/09/04 14:31:59 ET
Table 'Thisbe V' 9-max Seat #5 is the button
Seat 1: FingersIan ($24.65 in chips) 
Seat 2: Don Funghi ($72.55 in chips) 
Seat 3: Duff@Poker ($49.90 in chips) 
Seat 4: drewbabez ($51.85 in chips) 
Seat 5: Zeuwan07 ($49 in chips) 
Seat 6: fioro ($39.25 in chips) 
Seat 8: chas2148 ($68.20 in chips) 
Seat 9: Alameda22 ($45.45 in chips) 
fioro: posts small blind $0.25
chas2148: posts big blind $0.50
*** HOLE CARDS ***
Dealt to Alameda22 [9c Qs]
Alameda22: folds 
FingersIan: folds 
Don Funghi: folds 
Duff@Poker: folds 
drewbabez: folds 
Zeuwan07: calls $0.50
fioro: folds 
chas2148: checks 
*** FLOP *** [Ks Js 8s]
chas2148: checks 
Zeuwan07: checks 
*** TURN *** [Ks Js 8s] [8c]
chas2148: checks 
Zeuwan07: checks 
*** RIVER *** [Ks Js 8s 8c] [4h]
chas2148: checks 
Zeuwan07: checks 
*** SHOW DOWN ***
chas2148: shows [2d 5d] (a pair of Eights)
Zeuwan07: shows [7h 6c] (a pair of Eights - King+Jack+Seven kicker)
Zeuwan07 collected $1.20 from pot
*** SUMMARY ***
Total pot $1.25 | Rake $0.05 
Board [Ks Js 8s 8c 4h]
Seat 1: FingersIan folded before Flop (didn't bet)
Seat 2: Don Funghi folded before Flop (didn't bet)
Seat 3: Duff@Poker folded before Flop (didn't bet)
Seat 4: drewbabez folded before Flop (didn't bet)
Seat 5: Zeuwan07 (button) showed [7h 6c] and won ($1.20) with a pair of Eights
Seat 6: fioro (small blind) folded before Flop
Seat 8: chas2148 (big blind) showed [2d 5d] and lost with a pair of Eights
Seat 9: Alameda22 folded before Flop (didn't bet)



PokerStars Game #20143365909:  Hold'em No Limit ($0.25/$0.50) - 2008/09/04 14:33:11 ET
Table 'Thisbe V' 9-max Seat #6 is the button
Seat 1: FingersIan ($24.65 in chips) 
Seat 2: Don Funghi ($72.55 in chips) 
Seat 3: Duff@Poker ($49.90 in chips) 
Seat 4: drewbabez ($51.85 in chips) 
Seat 5: Zeuwan07 ($49.70 in chips) 
Seat 6: fioro ($39 in chips) 
Seat 8: chas2148 ($67.70 in chips) 
Seat 9: Alameda22 ($45.45 in chips) 
chas2148: posts small blind $0.25
Alameda22: posts big blind $0.50
*** HOLE CARDS ***
Dealt to Alameda22 [8c Js]
FingersIan: folds 
Don Funghi: folds 
Duff@Poker: folds 
drewbabez: folds 
Zeuwan07: folds 
fioro: folds 
chas2148: folds 
Uncalled bet ($0.25) returned to Alameda22
Alameda22 collected $0.50 from pot
Alameda22: doesn't show hand 
*** SUMMARY ***
Total pot $0.50 | Rake $0 
Seat 1: FingersIan folded before Flop (didn't bet)
Seat 2: Don Funghi folded before Flop (didn't bet)
Seat 3: Duff@Poker folded before Flop (didn't bet)
Seat 4: drewbabez folded before Flop (didn't bet)
Seat 5: Zeuwan07 folded before Flop (didn't bet)
Seat 6: fioro (button) folded before Flop (didn't bet)
Seat 8: chas2148 (small blind) folded before Flop
Seat 9: Alameda22 (big blind) collected ($0.50)



PokerStars Game #20143377479:  Hold'em No Limit ($0.25/$0.50) - 2008/09/04 14:33:41 ET
Table 'Thisbe V' 9-max Seat #8 is the button
Seat 1: FingersIan ($24.65 in chips) 
Seat 2: Don Funghi ($72.55 in chips) 
Seat 3: Duff@Poker ($49.90 in chips) 
Seat 4: drewbabez ($51.85 in chips) 
Seat 5: Zeuwan07 ($49.70 in chips) 
Seat 6: fioro ($39 in chips) 
Seat 8: chas2148 ($67.45 in chips) 
Seat 9: Alameda22 ($45.70 in chips) 
Alameda22: posts small blind $0.25
FingersIan: posts big blind $0.50
*** HOLE CARDS ***
Dealt to Alameda22 [3d 7s]
Don Funghi: folds 
Duff@Poker: folds 
drewbabez: calls $0.50
Zeuwan07: folds 
fioro: folds 
chas2148: folds 
Alameda22: folds 
FingersIan: raises $1.50 to $2
drewbabez: calls $1.50
*** FLOP *** [Jd Kh Ks]
FingersIan: checks 
drewbabez: checks 
*** TURN *** [Jd Kh Ks] [4h]
FingersIan: bets $2
drewbabez: calls $2
*** RIVER *** [Jd Kh Ks 4h] [8h]
FingersIan: checks 
drewbabez: bets $7
FingersIan: calls $7
*** SHOW DOWN ***
drewbabez: shows [4s 4d] (a full house, Fours full of Kings)
FingersIan: mucks hand 
drewbabez collected $21.20 from pot
*** SUMMARY ***
Total pot $22.25 | Rake $1.05 
Board [Jd Kh Ks 4h 8h]
Seat 1: FingersIan (big blind) mucked [Ac As]
Seat 2: Don Funghi folded before Flop (didn't bet)
Seat 3: Duff@Poker folded before Flop (didn't bet)
Seat 4: drewbabez showed [4s 4d] and won ($21.20) with a full house, Fours full of Kings
Seat 5: Zeuwan07 folded before Flop (didn't bet)
Seat 6: fioro folded before Flop (didn't bet)
Seat 8: chas2148 (button) folded before Flop (didn't bet)
Seat 9: Alameda22 (small blind) folded before Flop



PokerStars Game #20143400509:  Hold'em No Limit ($0.25/$0.50) - 2008/09/04 14:34:40 ET
Table 'Thisbe V' 9-max Seat #9 is the button
Seat 1: FingersIan ($13.65 in chips) 
Seat 2: Don Funghi ($72.55 in chips) 
Seat 3: Duff@Poker ($49.90 in chips) 
Seat 4: drewbabez ($62.05 in chips) 
Seat 5: Zeuwan07 ($49.70 in chips) 
Seat 6: fioro ($39 in chips) 
Seat 8: chas2148 ($67.45 in chips) 
Seat 9: Alameda22 ($45.45 in chips) 
FingersIan: posts small blind $0.25
Don Funghi: posts big blind $0.50
*** HOLE CARDS ***
Dealt to Alameda22 [2s Tc]
Duff@Poker: folds 
drewbabez: folds 
Zeuwan07: folds 
fioro: folds 
chas2148: folds 
Alameda22: folds 
FingersIan: folds 
Uncalled bet ($0.25) returned to Don Funghi
Don Funghi collected $0.50 from pot
*** SUMMARY ***
Total pot $0.50 | Rake $0 
Seat 1: FingersIan (small blind) folded before Flop
Seat 2: Don Funghi (big blind) collected ($0.50)
Seat 3: Duff@Poker folded before Flop (didn't bet)
Seat 4: drewbabez folded before Flop (didn't bet)
Seat 5: Zeuwan07 folded before Flop (didn't bet)
Seat 6: fioro folded before Flop (didn't bet)
Seat 8: chas2148 folded before Flop (didn't bet)
Seat 9: Alameda22 (button) folded before Flop (didn't bet)



PokerStars Game #20143411349:  Hold'em No Limit ($0.25/$0.50) - 2008/09/04 14:35:08 ET
Table 'Thisbe V' 9-max Seat #1 is the button
Seat 1: FingersIan ($13.40 in chips) 
Seat 2: Don Funghi ($72.80 in chips) 
Seat 3: Duff@Poker ($49.90 in chips) 
Seat 4: drewbabez ($62.05 in chips) 
Seat 5: Zeuwan07 ($49.70 in chips) 
Seat 6: fioro ($39 in chips) 
Seat 8: chas2148 ($67.45 in chips) 
Seat 9: Alameda22 ($45.45 in chips) 
Don Funghi: posts small blind $0.25
Duff@Poker: posts big blind $0.50
*** HOLE CARDS ***
Dealt to Alameda22 [9d 4c]
drewbabez: folds 
Zeuwan07: folds 
fioro: folds 
chas2148: folds 
Alameda22: folds 
FingersIan: folds 
Don Funghi: calls $0.25
Duff@Poker: checks 
*** FLOP *** [Th Jd Jh]
Don Funghi: checks 
Duff@Poker: checks 
*** TURN *** [Th Jd Jh] [6d]
Don Funghi: checks 
Duff@Poker: checks 
*** RIVER *** [Th Jd Jh 6d] [5c]
Don Funghi: checks 
Duff@Poker: checks 
*** SHOW DOWN ***
Don Funghi: shows [9c Ah] (a pair of Jacks)
Duff@Poker: shows [5s 3c] (two pair, Jacks and Fives)
Duff@Poker collected $0.95 from pot
*** SUMMARY ***
Total pot $1 | Rake $0.05 
Board [Th Jd Jh 6d 5c]
Seat 1: FingersIan (button) folded before Flop (didn't bet)
Seat 2: Don Funghi (small blind) showed [9c Ah] and lost with a pair of Jacks
Seat 3: Duff@Poker (big blind) showed [5s 3c] and won ($0.95) with two pair, Jacks and Fives
Seat 4: drewbabez folded before Flop (didn't bet)
Seat 5: Zeuwan07 folded before Flop (didn't bet)
Seat 6: fioro folded before Flop (didn't bet)
Seat 8: chas2148 folded before Flop (didn't bet)
Seat 9: Alameda22 folded before Flop (didn't bet)



PokerStars Game #20143434669:  Hold'em No Limit ($0.25/$0.50) - 2008/09/04 14:36:08 ET
Table 'Thisbe V' 9-max Seat #2 is the button
Seat 1: FingersIan ($13.40 in chips) 
Seat 2: Don Funghi ($72.30 in chips) 
Seat 3: Duff@Poker ($50.35 in chips) 
Seat 4: drewbabez ($62.05 in chips) 
Seat 5: Zeuwan07 ($49.70 in chips) 
Seat 6: fioro ($39 in chips) 
Seat 8: chas2148 ($67.45 in chips) 
Seat 9: Alameda22 ($45.45 in chips) 
Duff@Poker: posts small blind $0.25
drewbabez: posts big blind $0.50
*** HOLE CARDS ***
Dealt to Alameda22 [Td Jh]
Zeuwan07: folds 
fioro: folds 
chas2148: folds 
Alameda22: folds 
FingersIan: folds 
Don Funghi: folds 
Duff@Poker: folds 
Uncalled bet ($0.25) returned to drewbabez
fioro leaves the table
drewbabez collected $0.50 from pot
drewbabez: doesn't show hand 
*** SUMMARY ***
Total pot $0.50 | Rake $0 
Seat 1: FingersIan folded before Flop (didn't bet)
Seat 2: Don Funghi (button) folded before Flop (didn't bet)
Seat 3: Duff@Poker (small blind) folded before Flop
Seat 4: drewbabez (big blind) collected ($0.50)
Seat 5: Zeuwan07 folded before Flop (didn't bet)
Seat 6: fioro folded before Flop (didn't bet)
Seat 8: chas2148 folded before Flop (didn't bet)
Seat 9: Alameda22 folded before Flop (didn't bet)



PokerStars Game #20143446726:  Hold'em No Limit ($0.25/$0.50) - 2008/09/04 14:36:39 ET
Table 'Thisbe V' 9-max Seat #3 is the button
Seat 1: FingersIan ($13.40 in chips) 
Seat 2: Don Funghi ($72.30 in chips) 
Seat 3: Duff@Poker ($50.10 in chips) 
Seat 4: drewbabez ($62.30 in chips) 
Seat 5: Zeuwan07 ($49.70 in chips) 
Seat 8: chas2148 ($67.45 in chips) 
Seat 9: Alameda22 ($45.45 in chips) 
drewbabez: posts small blind $0.25
Zeuwan07: posts big blind $0.50
*** HOLE CARDS ***
Dealt to Alameda22 [Jh 5d]
chas2148: folds 
Alameda22: folds 
FingersIan: folds 
Don Funghi: raises $1.50 to $2
Duff@Poker: folds 
drewbabez: folds 
Zeuwan07: folds 
Uncalled bet ($1.50) returned to Don Funghi
sacred7 joins the table at seat #6 
Don Funghi collected $1.25 from pot
*** SUMMARY ***
Total pot $1.25 | Rake $0 
Seat 1: FingersIan folded before Flop (didn't bet)
Seat 2: Don Funghi collected ($1.25)
Seat 3: Duff@Poker (button) folded before Flop (didn't bet)
Seat 4: drewbabez (small blind) folded before Flop
Seat 5: Zeuwan07 (big blind) folded before Flop
Seat 8: chas2148 folded before Flop (didn't bet)
Seat 9: Alameda22 folded before Flop (didn't bet)



PokerStars Game #20143460806:  Hold'em No Limit ($0.25/$0.50) - 2008/09/04 14:37:15 ET
Table 'Thisbe V' 9-max Seat #4 is the button
Seat 1: FingersIan ($13.40 in chips) 
Seat 2: Don Funghi ($73.05 in chips) 
Seat 3: Duff@Poker ($50.10 in chips) 
Seat 4: drewbabez ($62.05 in chips) 
Seat 5: Zeuwan07 ($49.20 in chips) 
Seat 6: sacred7 ($50 in chips) 
Seat 8: chas2148 ($67.45 in chips) 
Seat 9: Alameda22 ($45.45 in chips) 
Zeuwan07: posts small blind $0.25
sacred7: posts big blind $0.50
*** HOLE CARDS ***
Dealt to Alameda22 [5c 4c]
chas2148: calls $0.50
Alameda22: folds 
FingersIan: folds 
Don Funghi: folds 
Duff@Poker: folds 
drewbabez: raises $1.50 to $2
Zeuwan07: folds 
sacred7: folds 
chas2148: calls $1.50
*** FLOP *** [8c Jc 5d]
chas2148: checks 
drewbabez: bets $3
chas2148: folds 
Uncalled bet ($3) returned to drewbabez
drewbabez collected $4.55 from pot
drewbabez: doesn't show hand 
*** SUMMARY ***
Total pot $4.75 | Rake $0.20 
Board [8c Jc 5d]
Seat 1: FingersIan folded before Flop (didn't bet)
Seat 2: Don Funghi folded before Flop (didn't bet)
Seat 3: Duff@Poker folded before Flop (didn't bet)
Seat 4: drewbabez (button) collected ($4.55)
Seat 5: Zeuwan07 (small blind) folded before Flop
Seat 6: sacred7 (big blind) folded before Flop
Seat 8: chas2148 folded on the Flop
Seat 9: Alameda22 folded before Flop (didn't bet)



PokerStars Game #20143481328:  Hold'em No Limit ($0.25/$0.50) - 2008/09/04 14:38:07 ET
Table 'Thisbe V' 9-max Seat #5 is the button
Seat 1: FingersIan ($13.40 in chips) 
Seat 2: Don Funghi ($73.05 in chips) 
Seat 3: Duff@Poker ($50.10 in chips) 
Seat 4: drewbabez ($64.60 in chips) 
Seat 5: Zeuwan07 ($48.95 in chips) 
Seat 6: sacred7 ($49.50 in chips) 
Seat 8: chas2148 ($65.45 in chips) 
Seat 9: Alameda22 ($45.45 in chips) 
sacred7: posts small blind $0.25
chas2148: posts big blind $0.50
*** HOLE CARDS ***
Dealt to Alameda22 [Qc 5d]
Alameda22: folds 
FingersIan: folds 
Don Funghi: folds 
Don Funghi is sitting out
Duff@Poker: folds 
drewbabez: folds 
Don Funghi has returned
Zeuwan07: calls $0.50
sacred7: calls $0.25
chas2148: checks 
*** FLOP *** [6h Jh As]
sacred7: checks 
chas2148: checks 
Zeuwan07: checks 
*** TURN *** [6h Jh As] [Ac]
sacred7: bets $1
chas2148: folds 
Zeuwan07: calls $1
*** RIVER *** [6h Jh As Ac] [8c]
sacred7: checks 
Zeuwan07: checks 
*** SHOW DOWN ***
sacred7: shows [8h Jc] (two pair, Aces and Jacks)
Zeuwan07: shows [9c Jd] (two pair, Aces and Jacks - Nine kicker)
Zeuwan07 collected $3.35 from pot
*** SUMMARY ***
Total pot $3.50 | Rake $0.15 
Board [6h Jh As Ac 8c]
Seat 1: FingersIan folded before Flop (didn't bet)
Seat 2: Don Funghi folded before Flop (didn't bet)
Seat 3: Duff@Poker folded before Flop (didn't bet)
Seat 4: drewbabez folded before Flop (didn't bet)
Seat 5: Zeuwan07 (button) showed [9c Jd] and won ($3.35) with two pair, Aces and Jacks
Seat 6: sacred7 (small blind) showed [8h Jc] and lost with two pair, Aces and Jacks
Seat 8: chas2148 (big blind) folded on the Turn
Seat 9: Alameda22 folded before Flop (didn't bet)



PokerStars Game #20143517925:  Hold'em No Limit ($0.25/$0.50) - 2008/09/04 14:39:39 ET
Table 'Thisbe V' 9-max Seat #6 is the button
Seat 1: FingersIan ($13.40 in chips) 
Seat 2: Don Funghi ($73.05 in chips) 
Seat 3: Duff@Poker ($50.10 in chips) 
Seat 4: drewbabez ($64.60 in chips) 
Seat 5: Zeuwan07 ($50.80 in chips) 
Seat 6: sacred7 ($48 in chips) 
Seat 8: chas2148 ($64.95 in chips) 
Seat 9: Alameda22 ($45.45 in chips) 
wems was removed from the table for failing to post
chas2148: posts small blind $0.25
Alameda22: posts big blind $0.50
*** HOLE CARDS ***
Dealt to Alameda22 [Td 3d]
FingersIan: folds 
Don Funghi: folds 
Duff@Poker: folds 
drewbabez: folds 
Zeuwan07: folds 
sacred7: folds 
chas2148: folds 
Uncalled bet ($0.25) returned to Alameda22
Alameda22 collected $0.50 from pot
Alameda22: doesn't show hand 
*** SUMMARY ***
Total pot $0.50 | Rake $0 
Seat 1: FingersIan folded before Flop (didn't bet)
Seat 2: Don Funghi folded before Flop (didn't bet)
Seat 3: Duff@Poker folded before Flop (didn't bet)
Seat 4: drewbabez folded before Flop (didn't bet)
Seat 5: Zeuwan07 folded before Flop (didn't bet)
Seat 6: sacred7 (button) folded before Flop (didn't bet)
Seat 8: chas2148 (small blind) folded before Flop
Seat 9: Alameda22 (big blind) collected ($0.50)



PokerStars Game #20143532416:  Hold'em No Limit ($0.25/$0.50) - 2008/09/04 14:40:17 ET
Table 'Thisbe V' 9-max Seat #8 is the button
Seat 1: FingersIan ($13.40 in chips) 
Seat 2: Don Funghi ($73.05 in chips) 
Seat 3: Duff@Poker ($50.10 in chips) 
Seat 4: drewbabez ($64.60 in chips) 
Seat 5: Zeuwan07 ($50.80 in chips) 
Seat 6: sacred7 ($48 in chips) 
Seat 8: chas2148 ($64.70 in chips) 
Seat 9: Alameda22 ($45.70 in chips) 
Alameda22: posts small blind $0.25
FingersIan: posts big blind $0.50
*** HOLE CARDS ***
Dealt to Alameda22 [5s 7h]
Don Funghi: raises $1.50 to $2
Duff@Poker: folds 
drewbabez: folds 
Zeuwan07: folds 
sacred7: folds 
Mr.Call2008 joins the table at seat #7 
chas2148: folds 
Alameda22: folds 
FingersIan: folds 
Uncalled bet ($1.50) returned to Don Funghi
Don Funghi collected $1.25 from pot
*** SUMMARY ***
Total pot $1.25 | Rake $0 
Seat 1: FingersIan (big blind) folded before Flop
Seat 2: Don Funghi collected ($1.25)
Seat 3: Duff@Poker folded before Flop (didn't bet)
Seat 4: drewbabez folded before Flop (didn't bet)
Seat 5: Zeuwan07 folded before Flop (didn't bet)
Seat 6: sacred7 folded before Flop (didn't bet)
Seat 8: chas2148 (button) folded before Flop (didn't bet)
Seat 9: Alameda22 (small blind) folded before Flop



PokerStars Game #20143549120:  Hold'em No Limit ($0.25/$0.50) - 2008/09/04 14:40:59 ET
Table 'Thisbe V' 9-max Seat #9 is the button
Seat 1: FingersIan ($12.90 in chips) 
Seat 2: Don Funghi ($73.80 in chips) 
Seat 3: Duff@Poker ($50.10 in chips) 
Seat 4: drewbabez ($64.60 in chips) 
Seat 5: Zeuwan07 ($50.80 in chips) 
Seat 6: sacred7 ($48 in chips) 
Seat 7: Mr.Call2008 ($50 in chips) 
Seat 8: chas2148 ($64.70 in chips) 
Seat 9: Alameda22 ($45.45 in chips) 
FingersIan: posts small blind $0.25
Don Funghi: posts big blind $0.50
Mr.Call2008: posts big blind $0.50
*** HOLE CARDS ***
Dealt to Alameda22 [6s 5c]
Duff@Poker: calls $0.50
drewbabez: calls $0.50
Zeuwan07: raises $2 to $2.50
sacred7: folds 
Mr.Call2008: calls $2
chas2148: folds 
Alameda22: folds 
FingersIan: folds 
Don Funghi: folds 
Duff@Poker: calls $2
drewbabez: folds 
*** FLOP *** [Kc 3d 5d]
Duff@Poker: checks 
Zeuwan07: bets $6
Mr.Call2008: folds 
Duff@Poker: folds 
Uncalled bet ($6) returned to Zeuwan07
Zeuwan07 collected $8.35 from pot
Zeuwan07: doesn't show hand 
*** SUMMARY ***
Total pot $8.75 | Rake $0.40 
Board [Kc 3d 5d]
Seat 1: FingersIan (small blind) folded before Flop
Seat 2: Don Funghi (big blind) folded before Flop
Seat 3: Duff@Poker folded on the Flop
Seat 4: drewbabez folded before Flop
Seat 5: Zeuwan07 collected ($8.35)
Seat 6: sacred7 folded before Flop (didn't bet)
Seat 7: Mr.Call2008 folded on the Flop
Seat 8: chas2148 folded before Flop (didn't bet)
Seat 9: Alameda22 (button) folded before Flop (didn't bet)



PokerStars Game #20143582898:  Hold'em No Limit ($0.25/$0.50) - 2008/09/04 14:42:24 ET
Table 'Thisbe V' 9-max Seat #1 is the button
Seat 1: FingersIan ($12.65 in chips) 
Seat 2: Don Funghi ($73.30 in chips) 
Seat 3: Duff@Poker ($47.60 in chips) 
Seat 4: drewbabez ($64.10 in chips) 
Seat 5: Zeuwan07 ($56.65 in chips) 
Seat 6: sacred7 ($48 in chips) 
Seat 7: Mr.Call2008 ($47.50 in chips) 
Seat 8: chas2148 ($64.70 in chips) 
Seat 9: Alameda22 ($45.45 in chips) 
Don Funghi: posts small blind $0.25
Duff@Poker: posts big blind $0.50
*** HOLE CARDS ***
Dealt to Alameda22 [Kd 7c]
drewbabez: folds 
Zeuwan07: folds 
sacred7: folds 
Mr.Call2008: folds 
chas2148: folds 
Alameda22: folds 
FingersIan: folds 
Don Funghi: folds 
Uncalled bet ($0.25) returned to Duff@Poker
Duff@Poker collected $0.50 from pot
Duff@Poker: doesn't show hand 
*** SUMMARY ***
Total pot $0.50 | Rake $0 
Seat 1: FingersIan (button) folded before Flop (didn't bet)
Seat 2: Don Funghi (small blind) folded before Flop
Seat 3: Duff@Poker (big blind) collected ($0.50)
Seat 4: drewbabez folded before Flop (didn't bet)
Seat 5: Zeuwan07 folded before Flop (didn't bet)
Seat 6: sacred7 folded before Flop (didn't bet)
Seat 7: Mr.Call2008 folded before Flop (didn't bet)
Seat 8: chas2148 folded before Flop (didn't bet)
Seat 9: Alameda22 folded before Flop (didn't bet)



PokerStars Game #20143597282:  Hold'em No Limit ($0.25/$0.50) - 2008/09/04 14:43:01 ET
Table 'Thisbe V' 9-max Seat #2 is the button
Seat 1: FingersIan ($12.65 in chips) 
Seat 2: Don Funghi ($73.05 in chips) 
Seat 3: Duff@Poker ($47.85 in chips) 
Seat 4: drewbabez ($64.10 in chips) 
Seat 5: Zeuwan07 ($56.65 in chips) 
Seat 6: sacred7 ($48 in chips) 
Seat 7: Mr.Call2008 ($47.50 in chips) 
Seat 8: chas2148 ($64.70 in chips) 
Seat 9: Alameda22 ($45.45 in chips) 
Duff@Poker: posts small blind $0.25
drewbabez: posts big blind $0.50
*** HOLE CARDS ***
Dealt to Alameda22 [6c 7d]
Zeuwan07: folds 
sacred7: folds 
Mr.Call2008: folds 
chas2148: folds 
Alameda22: folds 
FingersIan: folds 
Don Funghi: folds 
Duff@Poker: folds 
Uncalled bet ($0.25) returned to drewbabez
drewbabez collected $0.50 from pot
drewbabez: doesn't show hand 
*** SUMMARY ***
Total pot $0.50 | Rake $0 
Seat 1: FingersIan folded before Flop (didn't bet)
Seat 2: Don Funghi (button) folded before Flop (didn't bet)
Seat 3: Duff@Poker (small blind) folded before Flop
Seat 4: drewbabez (big blind) collected ($0.50)
Seat 5: Zeuwan07 folded before Flop (didn't bet)
Seat 6: sacred7 folded before Flop (didn't bet)
Seat 7: Mr.Call2008 folded before Flop (didn't bet)
Seat 8: chas2148 folded before Flop (didn't bet)
Seat 9: Alameda22 folded before Flop (didn't bet)



PokerStars Game #20143610459:  Hold'em No Limit ($0.25/$0.50) - 2008/09/04 14:43:34 ET
Table 'Thisbe V' 9-max Seat #3 is the button
Seat 1: FingersIan ($12.65 in chips) 
Seat 2: Don Funghi ($73.05 in chips) 
Seat 3: Duff@Poker ($47.60 in chips) 
Seat 4: drewbabez ($64.35 in chips) 
Seat 5: Zeuwan07 ($56.65 in chips) 
Seat 6: sacred7 ($48 in chips) 
Seat 7: Mr.Call2008 ($47.50 in chips) 
Seat 8: chas2148 ($64.70 in chips) 
Seat 9: Alameda22 ($45.45 in chips) 
drewbabez: posts small blind $0.25
Zeuwan07: posts big blind $0.50
*** HOLE CARDS ***
Dealt to Alameda22 [Ks Js]
sacred7: folds 
Mr.Call2008: folds 
chas2148: folds 
Alameda22: folds 
FingersIan: raises $1 to $1.50
Don Funghi: folds 
Duff@Poker: folds 
drewbabez: calls $1.25
Zeuwan07: folds 
*** FLOP *** [Jd 3c Th]
drewbabez: checks 
FingersIan: bets $2
drewbabez: folds 
Uncalled bet ($2) returned to FingersIan
FingersIan collected $3.35 from pot
FingersIan: doesn't show hand 
*** SUMMARY ***
Total pot $3.50 | Rake $0.15 
Board [Jd 3c Th]
Seat 1: FingersIan collected ($3.35)
Seat 2: Don Funghi folded before Flop (didn't bet)
Seat 3: Duff@Poker (button) folded before Flop (didn't bet)
Seat 4: drewbabez (small blind) folded on the Flop
Seat 5: Zeuwan07 (big blind) folded before Flop
Seat 6: sacred7 folded before Flop (didn't bet)
Seat 7: Mr.Call2008 folded before Flop (didn't bet)
Seat 8: chas2148 folded before Flop (didn't bet)
Seat 9: Alameda22 folded before Flop (didn't bet)



PokerStars Game #20143632132:  Hold'em No Limit ($0.25/$0.50) - 2008/09/04 14:44:30 ET
Table 'Thisbe V' 9-max Seat #4 is the button
Seat 1: FingersIan ($14.50 in chips) 
Seat 2: Don Funghi ($73.05 in chips) 
Seat 3: Duff@Poker ($47.60 in chips) 
Seat 4: drewbabez ($62.85 in chips) 
Seat 5: Zeuwan07 ($56.15 in chips) 
Seat 6: sacred7 ($48 in chips) 
Seat 7: Mr.Call2008 ($47.50 in chips) 
Seat 8: chas2148 ($64.70 in chips) 
Seat 9: Alameda22 ($45.45 in chips) 
Zeuwan07: posts small blind $0.25
sacred7: posts big blind $0.50
*** HOLE CARDS ***
Dealt to Alameda22 [Ac 2c]
Mr.Call2008: calls $0.50
chas2148: folds 
Alameda22: folds 
FingersIan: folds 
Don Funghi: folds 
Duff@Poker: folds 
drewbabez: folds 
Zeuwan07: folds 
sacred7: checks 
*** FLOP *** [5c 6d Jc]
sacred7: checks 
Mr.Call2008: bets $0.50
sacred7: folds 
Uncalled bet ($0.50) returned to Mr.Call2008
Mr.Call2008 collected $1.20 from pot
Mr.Call2008: doesn't show hand 
*** SUMMARY ***
Total pot $1.25 | Rake $0.05 
Board [5c 6d Jc]
Seat 1: FingersIan folded before Flop (didn't bet)
Seat 2: Don Funghi folded before Flop (didn't bet)
Seat 3: Duff@Poker folded before Flop (didn't bet)
Seat 4: drewbabez (button) folded before Flop (didn't bet)
Seat 5: Zeuwan07 (small blind) folded before Flop
Seat 6: sacred7 (big blind) folded on the Flop
Seat 7: Mr.Call2008 collected ($1.20)
Seat 8: chas2148 folded before Flop (didn't bet)
Seat 9: Alameda22 folded before Flop (didn't bet)



PokerStars Game #20143660425:  Hold'em No Limit ($0.25/$0.50) - 2008/09/04 14:45:42 ET
Table 'Thisbe V' 9-max Seat #5 is the button
Seat 1: FingersIan ($14.50 in chips) 
Seat 2: Don Funghi ($73.05 in chips) 
Seat 3: Duff@Poker ($47.60 in chips) 
Seat 4: drewbabez ($62.85 in chips) 
Seat 5: Zeuwan07 ($55.90 in chips) 
Seat 6: sacred7 ($47.50 in chips) 
Seat 7: Mr.Call2008 ($48.20 in chips) 
Seat 8: chas2148 ($64.70 in chips) 
Seat 9: Alameda22 ($45.45 in chips) 
sacred7: posts small blind $0.25
Mr.Call2008: posts big blind $0.50
*** HOLE CARDS ***
Dealt to Alameda22 [4s 8c]
chas2148: calls $0.50
Alameda22: folds 
FingersIan: folds 
Don Funghi: folds 
Duff@Poker: folds 
drewbabez: folds 
Zeuwan07: calls $0.50
sacred7: calls $0.25
Mr.Call2008: checks 
*** FLOP *** [Ks 7d 6s]
sacred7: bets $1
Mr.Call2008: calls $1
chas2148: folds 
Zeuwan07: folds 
*** TURN *** [Ks 7d 6s] [8h]
sacred7: checks 
Mr.Call2008: bets $2.50
sacred7: calls $2.50
*** RIVER *** [Ks 7d 6s 8h] [5c]
sacred7: checks 
Mr.Call2008: bets $3
sacred7: folds 
Uncalled bet ($3) returned to Mr.Call2008
Mr.Call2008 collected $8.60 from pot
Mr.Call2008: doesn't show hand 
*** SUMMARY ***
Total pot $9 | Rake $0.40 
Board [Ks 7d 6s 8h 5c]
Seat 1: FingersIan folded before Flop (didn't bet)
Seat 2: Don Funghi folded before Flop (didn't bet)
Seat 3: Duff@Poker folded before Flop (didn't bet)
Seat 4: drewbabez folded before Flop (didn't bet)
Seat 5: Zeuwan07 (button) folded on the Flop
Seat 6: sacred7 (small blind) folded on the River
Seat 7: Mr.Call2008 (big blind) collected ($8.60)
Seat 8: chas2148 folded on the Flop
Seat 9: Alameda22 folded before Flop (didn't bet)



PokerStars Game #20143708314:  Hold'em No Limit ($0.25/$0.50) - 2008/09/04 14:47:37 ET
Table 'Thisbe V' 9-max Seat #6 is the button
Seat 1: FingersIan ($14.50 in chips) 
Seat 2: Don Funghi ($73.05 in chips) 
Seat 3: Duff@Poker ($47.60 in chips) 
Seat 4: drewbabez ($62.85 in chips) 
Seat 5: Zeuwan07 ($55.40 in chips) 
Seat 6: sacred7 ($50 in chips) 
Seat 7: Mr.Call2008 ($52.80 in chips) 
Seat 8: chas2148 ($64.20 in chips) 
Seat 9: Alameda22 ($45.45 in chips) 
Mr.Call2008: posts small blind $0.25
chas2148: posts big blind $0.50
*** HOLE CARDS ***
Dealt to Alameda22 [5h Jd]
Alameda22: folds 
FingersIan: folds 
Don Funghi: folds 
Duff@Poker: folds 
drewbabez: folds 
Zeuwan07: raises $1 to $1.50
sacred7: calls $1.50
Mr.Call2008: folds 
chas2148: folds 
*** FLOP *** [As 9s 5c]
Zeuwan07: checks 
sacred7: checks 
*** TURN *** [As 9s 5c] [Ah]
Zeuwan07: bets $1.50
sacred7: calls $1.50
*** RIVER *** [As 9s 5c Ah] [7s]
Zeuwan07: checks 
sacred7: checks 
*** SHOW DOWN ***
Zeuwan07: shows [Td Qh] (a pair of Aces)
sacred7: shows [2h 2d] (two pair, Aces and Deuces)
sacred7 collected $6.45 from pot
*** SUMMARY ***
Total pot $6.75 | Rake $0.30 
Board [As 9s 5c Ah 7s]
Seat 1: FingersIan folded before Flop (didn't bet)
Seat 2: Don Funghi folded before Flop (didn't bet)
Seat 3: Duff@Poker folded before Flop (didn't bet)
Seat 4: drewbabez folded before Flop (didn't bet)
Seat 5: Zeuwan07 showed [Td Qh] and lost with a pair of Aces
Seat 6: sacred7 (button) showed [2h 2d] and won ($6.45) with two pair, Aces and Deuces
Seat 7: Mr.Call2008 (small blind) folded before Flop
Seat 8: chas2148 (big blind) folded before Flop
Seat 9: Alameda22 folded before Flop (didn't bet)



PokerStars Game #20143741815:  Hold'em No Limit ($0.25/$0.50) - 2008/09/04 14:48:59 ET
Table 'Thisbe V' 9-max Seat #7 is the button
Seat 1: FingersIan ($14.50 in chips) 
Seat 2: Don Funghi ($73.05 in chips) 
Seat 3: Duff@Poker ($47.60 in chips) 
Seat 4: drewbabez ($62.85 in chips) 
Seat 5: Zeuwan07 ($52.40 in chips) 
Seat 6: sacred7 ($53.45 in chips) 
Seat 7: Mr.Call2008 ($52.55 in chips) 
Seat 8: chas2148 ($63.70 in chips) 
Seat 9: Alameda22 ($45.45 in chips) 
chas2148: posts small blind $0.25
Alameda22: posts big blind $0.50
*** HOLE CARDS ***
Dealt to Alameda22 [Ks 5h]
FingersIan: folds 
Don Funghi: folds 
Duff@Poker: folds 
drewbabez: folds 
Zeuwan07: folds 
sacred7: folds 
Mr.Call2008: calls $0.50
chas2148: folds 
Alameda22: checks 
*** FLOP *** [5d Jc 8h]
Alameda22: checks 
Mr.Call2008: bets $2
Alameda22: folds 
Uncalled bet ($2) returned to Mr.Call2008
Mr.Call2008 collected $1.20 from pot
Mr.Call2008: doesn't show hand 
*** SUMMARY ***
Total pot $1.25 | Rake $0.05 
Board [5d Jc 8h]
Seat 1: FingersIan folded before Flop (didn't bet)
Seat 2: Don Funghi folded before Flop (didn't bet)
Seat 3: Duff@Poker folded before Flop (didn't bet)
Seat 4: drewbabez folded before Flop (didn't bet)
Seat 5: Zeuwan07 folded before Flop (didn't bet)
Seat 6: sacred7 folded before Flop (didn't bet)
Seat 7: Mr.Call2008 (button) collected ($1.20)
Seat 8: chas2148 (small blind) folded before Flop
Seat 9: Alameda22 (big blind) folded on the Flop



PokerStars Game #20143764335:  Hold'em No Limit ($0.25/$0.50) - 2008/09/04 14:49:54 ET
Table 'Thisbe V' 9-max Seat #8 is the button
Seat 1: FingersIan ($14.50 in chips) 
Seat 2: Don Funghi ($73.05 in chips) 
Seat 3: Duff@Poker ($47.60 in chips) 
Seat 4: drewbabez ($62.85 in chips) 
Seat 5: Zeuwan07 ($52.40 in chips) 
Seat 6: sacred7 ($53.45 in chips) 
Seat 7: Mr.Call2008 ($53.25 in chips) 
Seat 8: chas2148 ($63.45 in chips) 
Seat 9: Alameda22 ($44.95 in chips) 
Alameda22: posts small blind $0.25
FingersIan: posts big blind $0.50
*** HOLE CARDS ***
Dealt to Alameda22 [9d Qh]
Don Funghi: folds 
Duff@Poker: folds 
drewbabez: folds 
Zeuwan07: folds 
sacred7: folds 
Mr.Call2008: folds 
chas2148: folds 
Alameda22: folds 
Uncalled bet ($0.25) returned to FingersIan
FingersIan collected $0.50 from pot
FingersIan: doesn't show hand 
*** SUMMARY ***
Total pot $0.50 | Rake $0 
Seat 1: FingersIan (big blind) collected ($0.50)
Seat 2: Don Funghi folded before Flop (didn't bet)
Seat 3: Duff@Poker folded before Flop (didn't bet)
Seat 4: drewbabez folded before Flop (didn't bet)
Seat 5: Zeuwan07 folded before Flop (didn't bet)
Seat 6: sacred7 folded before Flop (didn't bet)
Seat 7: Mr.Call2008 folded before Flop (didn't bet)
Seat 8: chas2148 (button) folded before Flop (didn't bet)
Seat 9: Alameda22 (small blind) folded before Flop



PokerStars Game #20143784449:  Hold'em No Limit ($0.25/$0.50) - 2008/09/04 14:50:43 ET
Table 'Thisbe V' 9-max Seat #9 is the button
Seat 1: FingersIan ($14.75 in chips) 
Seat 2: Don Funghi ($73.05 in chips) 
Seat 3: Duff@Poker ($47.60 in chips) 
Seat 4: drewbabez ($62.85 in chips) 
Seat 5: Zeuwan07 ($52.40 in chips) 
Seat 6: sacred7 ($53.45 in chips) 
Seat 7: Mr.Call2008 ($53.25 in chips) 
Seat 8: chas2148 ($63.45 in chips) 
Seat 9: Alameda22 ($44.70 in chips) 
FingersIan: posts small blind $0.25
Don Funghi: posts big blind $0.50
*** HOLE CARDS ***
Dealt to Alameda22 [Js 3h]
Duff@Poker: folds 
drewbabez: folds 
Zeuwan07: folds 
sacred7: raises $1 to $1.50
Mr.Call2008: folds 
chas2148: folds 
Alameda22: folds 
FingersIan: folds 
Don Funghi: folds 
Uncalled bet ($1) returned to sacred7
sacred7 collected $1.25 from pot
sacred7: doesn't show hand 
*** SUMMARY ***
Total pot $1.25 | Rake $0 
Seat 1: FingersIan (small blind) folded before Flop
Seat 2: Don Funghi (big blind) folded before Flop
Seat 3: Duff@Poker folded before Flop (didn't bet)
Seat 4: drewbabez folded before Flop (didn't bet)
Seat 5: Zeuwan07 folded before Flop (didn't bet)
Seat 6: sacred7 collected ($1.25)
Seat 7: Mr.Call2008 folded before Flop (didn't bet)
Seat 8: chas2148 folded before Flop (didn't bet)
Seat 9: Alameda22 (button) folded before Flop (didn't bet)



PokerStars Game #20143795255:  Hold'em No Limit ($0.25/$0.50) - 2008/09/04 14:51:10 ET
Table 'Thisbe V' 9-max Seat #1 is the button
Seat 1: FingersIan ($14.50 in chips) 
Seat 2: Don Funghi ($72.55 in chips) 
Seat 3: Duff@Poker ($47.60 in chips) 
Seat 4: drewbabez ($62.85 in chips) 
Seat 5: Zeuwan07 ($52.40 in chips) 
Seat 6: sacred7 ($54.20 in chips) 
Seat 7: Mr.Call2008 ($53.25 in chips) 
Seat 8: chas2148 ($63.45 in chips) 
Seat 9: Alameda22 ($44.70 in chips) 
Don Funghi: posts small blind $0.25
Duff@Poker: posts big blind $0.50
*** HOLE CARDS ***
Dealt to Alameda22 [Ah 5c]
drewbabez: folds 
Zeuwan07: folds 
sacred7: folds 
Mr.Call2008: folds 
chas2148: folds 
Alameda22: folds 
FingersIan: folds 
Don Funghi: folds 
Uncalled bet ($0.25) returned to Duff@Poker
Duff@Poker collected $0.50 from pot
Duff@Poker: doesn't show hand 
*** SUMMARY ***
Total pot $0.50 | Rake $0 
Seat 1: FingersIan (button) folded before Flop (didn't bet)
Seat 2: Don Funghi (small blind) folded before Flop
Seat 3: Duff@Poker (big blind) collected ($0.50)
Seat 4: drewbabez folded before Flop (didn't bet)
Seat 5: Zeuwan07 folded before Flop (didn't bet)
Seat 6: sacred7 folded before Flop (didn't bet)
Seat 7: Mr.Call2008 folded before Flop (didn't bet)
Seat 8: chas2148 folded before Flop (didn't bet)
Seat 9: Alameda22 folded before Flop (didn't bet)



PokerStars Game #20143808191:  Hold'em No Limit ($0.25/$0.50) - 2008/09/04 14:51:41 ET
Table 'Thisbe V' 9-max Seat #2 is the button
Seat 1: FingersIan ($14.50 in chips) 
Seat 2: Don Funghi ($72.30 in chips) 
Seat 3: Duff@Poker ($47.85 in chips) 
Seat 4: drewbabez ($62.85 in chips) 
Seat 5: Zeuwan07 ($52.40 in chips) 
Seat 6: sacred7 ($54.20 in chips) 
Seat 7: Mr.Call2008 ($53.25 in chips) 
Seat 8: chas2148 ($63.45 in chips) 
Seat 9: Alameda22 ($44.70 in chips) 
Duff@Poker: posts small blind $0.25
drewbabez: posts big blind $0.50
*** HOLE CARDS ***
Dealt to Alameda22 [4s 8h]
Zeuwan07: calls $0.50
sacred7: folds 
Mr.Call2008: calls $0.50
chas2148: folds 
Alameda22: folds 
FingersIan: folds 
Don Funghi: raises $1.50 to $2
Duff@Poker: folds 
drewbabez: folds 
Zeuwan07: calls $1.50
Mr.Call2008: calls $1.50
*** FLOP *** [3h Ts Qd]
Zeuwan07: checks 
Mr.Call2008: checks 
Don Funghi: bets $4
Zeuwan07: folds 
Mr.Call2008: calls $4
*** TURN *** [3h Ts Qd] [Kh]
Mr.Call2008: checks 
Don Funghi: bets $11
Mr.Call2008: calls $11
*** RIVER *** [3h Ts Qd Kh] [Ks]
Mr.Call2008: checks 
Don Funghi: bets $40
Mr.Call2008: calls $36.25 and is all-in
Uncalled bet ($3.75) returned to Don Funghi
*** SHOW DOWN ***
Don Funghi: shows [Kc Qc] (a full house, Kings full of Queens)
Mr.Call2008: mucks hand 
Don Funghi collected $106.25 from pot
Mr.Call2008 leaves the table
*** SUMMARY ***
Total pot $109.25 | Rake $3 
Board [3h Ts Qd Kh Ks]
Seat 1: FingersIan folded before Flop (didn't bet)
Seat 2: Don Funghi (button) showed [Kc Qc] and won ($106.25) with a full house, Kings full of Queens
Seat 3: Duff@Poker (small blind) folded before Flop
Seat 4: drewbabez (big blind) folded before Flop
Seat 5: Zeuwan07 folded on the Flop
Seat 6: sacred7 folded before Flop (didn't bet)
Seat 7: Mr.Call2008 mucked [Ah Qs]
Seat 8: chas2148 folded before Flop (didn't bet)
Seat 9: Alameda22 folded before Flop (didn't bet)



PokerStars Game #20143842321:  Hold'em No Limit ($0.25/$0.50) - 2008/09/04 14:53:04 ET
Table 'Thisbe V' 9-max Seat #3 is the button
Seat 1: FingersIan ($14.50 in chips) 
Seat 2: Don Funghi ($125.30 in chips) 
Seat 3: Duff@Poker ($47.60 in chips) 
Seat 4: drewbabez ($62.35 in chips) 
Seat 5: Zeuwan07 ($50.40 in chips) 
Seat 6: sacred7 ($54.20 in chips) 
Seat 8: chas2148 ($63.45 in chips) 
Seat 9: Alameda22 ($44.70 in chips) 
drewbabez: posts small blind $0.25
Zeuwan07: posts big blind $0.50
*** HOLE CARDS ***
Dealt to Alameda22 [9d Tc]
sacred7: folds 
DougieG20 joins the table at seat #7 
chas2148: folds 
Alameda22: folds 
FingersIan: folds 
Don Funghi: folds 
Duff@Poker: folds 
drewbabez: folds 
Uncalled bet ($0.25) returned to Zeuwan07
Zeuwan07 collected $0.50 from pot
Zeuwan07: doesn't show hand 
*** SUMMARY ***
Total pot $0.50 | Rake $0 
Seat 1: FingersIan folded before Flop (didn't bet)
Seat 2: Don Funghi folded before Flop (didn't bet)
Seat 3: Duff@Poker (button) folded before Flop (didn't bet)
Seat 4: drewbabez (small blind) folded before Flop
Seat 5: Zeuwan07 (big blind) collected ($0.50)
Seat 6: sacred7 folded before Flop (didn't bet)
Seat 8: chas2148 folded before Flop (didn't bet)
Seat 9: Alameda22 folded before Flop (didn't bet)



PokerStars Game #20143859387:  Hold'em No Limit ($0.25/$0.50) - 2008/09/04 14:53:46 ET
Table 'Thisbe V' 9-max Seat #4 is the button
Seat 1: FingersIan ($14.50 in chips) 
Seat 2: Don Funghi ($125.30 in chips) 
Seat 3: Duff@Poker ($47.60 in chips) 
Seat 4: drewbabez ($62.10 in chips) 
Seat 5: Zeuwan07 ($50.65 in chips) 
Seat 6: sacred7 ($54.20 in chips) 
Seat 8: chas2148 ($63.45 in chips) 
Seat 9: Alameda22 ($44.70 in chips) 
Zeuwan07: posts small blind $0.25
sacred7: posts big blind $0.50
DougieG20: sits out 
*** HOLE CARDS ***
Dealt to Alameda22 [5h 6d]
chas2148: folds 
Alameda22: folds 
FingersIan: folds 
Don Funghi: folds 
Duff@Poker: folds 
drewbabez: folds 
Zeuwan07: folds 
Uncalled bet ($0.25) returned to sacred7
sacred7 collected $0.50 from pot
sacred7: doesn't show hand 
*** SUMMARY ***
Total pot $0.50 | Rake $0 
Seat 1: FingersIan folded before Flop (didn't bet)
Seat 2: Don Funghi folded before Flop (didn't bet)
Seat 3: Duff@Poker folded before Flop (didn't bet)
Seat 4: drewbabez (button) folded before Flop (didn't bet)
Seat 5: Zeuwan07 (small blind) folded before Flop
Seat 6: sacred7 (big blind) collected ($0.50)
Seat 8: chas2148 folded before Flop (didn't bet)
Seat 9: Alameda22 folded before Flop (didn't bet)



PokerStars Game #20143872386:  Hold'em No Limit ($0.25/$0.50) - 2008/09/04 14:54:18 ET
Table 'Thisbe V' 9-max Seat #5 is the button
Seat 1: FingersIan ($14.50 in chips) 
Seat 2: Don Funghi ($125.30 in chips) 
Seat 3: Duff@Poker ($47.60 in chips) 
Seat 4: drewbabez ($62.10 in chips) 
Seat 5: Zeuwan07 ($50.40 in chips) 
Seat 6: sacred7 ($54.45 in chips) 
Seat 7: DougieG20 ($50 in chips) 
Seat 8: chas2148 ($63.45 in chips) 
Seat 9: Alameda22 ($44.70 in chips) 
sacred7: posts small blind $0.25
DougieG20: posts big blind $0.50
*** HOLE CARDS ***
Dealt to Alameda22 [8h 9c]
chas2148: calls $0.50
Alameda22: folds 
FingersIan: folds 
Don Funghi: folds 
Duff@Poker: folds 
drewbabez: folds 
Zeuwan07: folds 
sacred7: folds 
DougieG20: checks 
*** FLOP *** [4d 7s 6c]
DougieG20: checks 
chas2148: bets $2
DougieG20: folds 
Uncalled bet ($2) returned to chas2148
chas2148 collected $1.20 from pot
chas2148: doesn't show hand 
*** SUMMARY ***
Total pot $1.25 | Rake $0.05 
Board [4d 7s 6c]
Seat 1: FingersIan folded before Flop (didn't bet)
Seat 2: Don Funghi folded before Flop (didn't bet)
Seat 3: Duff@Poker folded before Flop (didn't bet)
Seat 4: drewbabez folded before Flop (didn't bet)
Seat 5: Zeuwan07 (button) folded before Flop (didn't bet)
Seat 6: sacred7 (small blind) folded before Flop
Seat 7: DougieG20 (big blind) folded on the Flop
Seat 8: chas2148 collected ($1.20)
Seat 9: Alameda22 folded before Flop (didn't bet)



PokerStars Game #20148180809:  Hold'em No Limit ($0.25/$0.50) - 2008/09/04 17:44:01 ET
Table 'Thisbe V' 9-max Seat #7 is the button
Seat 2: berserk94 ($39.15 in chips) 
Seat 3: Periscope99 ($57.70 in chips) 
Seat 4: Sunnymatrix ($49.25 in chips) 
Seat 5: tiltedredman ($66.70 in chips) 
Seat 6: Esabot ($63.10 in chips) 
Seat 7: Ninestone ($50.30 in chips) 
Seat 8: Simme 123 ($46.75 in chips) 
Seat 9: Alameda22 ($50 in chips) 
Simme 123: posts small blind $0.25
Alameda22: posts big blind $0.50
Schafblufft: sits out 
*** HOLE CARDS ***
Dealt to Alameda22 [8h 8s]
berserk94: folds 
berserk94 leaves the table
Periscope99: raises $1 to $1.50
Sunnymatrix: calls $1.50
tiltedredman: folds 
Esabot: folds 
Ninestone: calls $1.50
Simme 123: folds 
Alameda22: calls $1
*** FLOP *** [Ks 3d 5s]
Alameda22: checks 
Enzo77 joins the table at seat #2 
Periscope99: bets $4.50
Sunnymatrix: calls $4.50
Ninestone: folds 
Alameda22: folds 
*** TURN *** [Ks 3d 5s] [3c]
Periscope99: checks 
Sunnymatrix: checks 
*** RIVER *** [Ks 3d 5s 3c] [2h]
Periscope99: bets $14.50
Sunnymatrix: raises $14.50 to $29
Periscope99: raises $22.70 to $51.70 and is all-in
Sunnymatrix: calls $14.25 and is all-in
Uncalled bet ($8.45) returned to Periscope99
*** SHOW DOWN ***
Periscope99: shows [Kc Kh] (a full house, Kings full of Threes)
Sunnymatrix: mucks hand 
Periscope99 collected $98.75 from pot
*** SUMMARY ***
Total pot $101.75 | Rake $3 
Board [Ks 3d 5s 3c 2h]
Seat 2: berserk94 folded before Flop (didn't bet)
Seat 3: Periscope99 showed [Kc Kh] and won ($98.75) with a full house, Kings full of Threes
Seat 4: Sunnymatrix mucked [5c 5h]
Seat 5: tiltedredman folded before Flop (didn't bet)
Seat 6: Esabot folded before Flop (didn't bet)
Seat 7: Ninestone (button) folded on the Flop
Seat 8: Simme 123 (small blind) folded before Flop
Seat 9: Alameda22 (big blind) folded on the Flop



PokerStars Game #20148232566:  Hold'em No Limit ($0.25/$0.50) - 2008/09/04 17:46:07 ET
Table 'Thisbe V' 9-max Seat #8 is the button
Seat 1: Schafblufft ($50 in chips) 
Seat 2: Enzo77 ($25 in chips) 
Seat 3: Periscope99 ($107.20 in chips) 
Seat 4: Sunnymatrix ($25 in chips) 
Seat 5: tiltedredman ($66.70 in chips) 
Seat 6: Esabot ($63.10 in chips) 
Seat 7: Ninestone ($48.80 in chips) 
Seat 8: Simme 123 ($46.50 in chips) 
Seat 9: Alameda22 ($48.50 in chips) 
Alameda22: posts small blind $0.25
Schafblufft: posts big blind $0.50
Enzo77: posts big blind $0.50
*** HOLE CARDS ***
Dealt to Alameda22 [Ts 2c]
Enzo77: checks 
Periscope99: folds 
Sunnymatrix: folds 
tiltedredman: folds 
Esabot: folds 
Ninestone: folds 
Simme 123: folds 
Alameda22: folds 
Schafblufft: checks 
*** FLOP *** [5h Qs 5c]
Schafblufft: bets $1
Enzo77: folds 
Uncalled bet ($1) returned to Schafblufft
Schafblufft collected $1.20 from pot
Schafblufft: doesn't show hand 
*** SUMMARY ***
Total pot $1.25 | Rake $0.05 
Board [5h Qs 5c]
Seat 1: Schafblufft (big blind) collected ($1.20)
Seat 2: Enzo77 folded on the Flop
Seat 3: Periscope99 folded before Flop (didn't bet)
Seat 4: Sunnymatrix folded before Flop (didn't bet)
Seat 5: tiltedredman folded before Flop (didn't bet)
Seat 6: Esabot folded before Flop (didn't bet)
Seat 7: Ninestone folded before Flop (didn't bet)
Seat 8: Simme 123 (button) folded before Flop (didn't bet)
Seat 9: Alameda22 (small blind) folded before Flop



PokerStars Game #20148255976:  Hold'em No Limit ($0.25/$0.50) - 2008/09/04 17:47:05 ET
Table 'Thisbe V' 9-max Seat #9 is the button
Seat 1: Schafblufft ($50.70 in chips) 
Seat 2: Enzo77 ($24.50 in chips) 
Seat 3: Periscope99 ($107.20 in chips) 
Seat 4: Sunnymatrix ($50 in chips) 
Seat 5: tiltedredman ($66.70 in chips) 
Seat 6: Esabot ($63.10 in chips) 
Seat 7: Ninestone ($48.80 in chips) 
Seat 8: Simme 123 ($46.50 in chips) 
Seat 9: Alameda22 ($48.25 in chips) 
Schafblufft: posts small blind $0.25
Enzo77: posts big blind $0.50
*** HOLE CARDS ***
Dealt to Alameda22 [Kh Qh]
Periscope99: raises $1.50 to $2
Sunnymatrix: folds 
tiltedredman: folds 
Esabot: folds 
Ninestone: folds 
Simme 123: folds 
Alameda22: folds 
Schafblufft: folds 
Enzo77: folds 
Uncalled bet ($1.50) returned to Periscope99
Periscope99 collected $1.25 from pot
Periscope99: doesn't show hand 
*** SUMMARY ***
Total pot $1.25 | Rake $0 
Seat 1: Schafblufft (small blind) folded before Flop
Seat 2: Enzo77 (big blind) folded before Flop
Seat 3: Periscope99 collected ($1.25)
Seat 4: Sunnymatrix folded before Flop (didn't bet)
Seat 5: tiltedredman folded before Flop (didn't bet)
Seat 6: Esabot folded before Flop (didn't bet)
Seat 7: Ninestone folded before Flop (didn't bet)
Seat 8: Simme 123 folded before Flop (didn't bet)
Seat 9: Alameda22 (button) folded before Flop (didn't bet)



PokerStars Game #20148274859:  Hold'em No Limit ($0.25/$0.50) - 2008/09/04 17:47:51 ET
Table 'Thisbe V' 9-max Seat #1 is the button
Seat 1: Schafblufft ($50.45 in chips) 
Seat 2: Enzo77 ($24 in chips) 
Seat 3: Periscope99 ($107.95 in chips) 
Seat 4: Sunnymatrix ($50 in chips) 
Seat 5: tiltedredman ($66.70 in chips) 
Seat 6: Esabot ($63.10 in chips) 
Seat 7: Ninestone ($48.80 in chips) 
Seat 8: Simme 123 ($46.50 in chips) 
Seat 9: Alameda22 ($48.25 in chips) 
Enzo77: posts small blind $0.25
Periscope99: posts big blind $0.50
*** HOLE CARDS ***
Dealt to Alameda22 [Ah Td]
Sunnymatrix: folds 
tiltedredman: folds 
Esabot: folds 
Ninestone: folds 
Simme 123: folds 
Alameda22: folds 
Schafblufft: raises $1.50 to $2
Enzo77: folds 
Periscope99 is disconnected 
Periscope99 is connected 
Periscope99: folds 
Uncalled bet ($1.50) returned to Schafblufft
Schafblufft collected $1.25 from pot
Schafblufft: doesn't show hand 
*** SUMMARY ***
Total pot $1.25 | Rake $0 
Seat 1: Schafblufft (button) collected ($1.25)
Seat 2: Enzo77 (small blind) folded before Flop
Seat 3: Periscope99 (big blind) folded before Flop
Seat 4: Sunnymatrix folded before Flop (didn't bet)
Seat 5: tiltedredman folded before Flop (didn't bet)
Seat 6: Esabot folded before Flop (didn't bet)
Seat 7: Ninestone folded before Flop (didn't bet)
Seat 8: Simme 123 folded before Flop (didn't bet)
Seat 9: Alameda22 folded before Flop (didn't bet)



PokerStars Game #20148308462:  Hold'em No Limit ($0.25/$0.50) - 2008/09/04 17:49:14 ET
Table 'Thisbe V' 9-max Seat #2 is the button
Seat 1: Schafblufft ($51.20 in chips) 
Seat 2: Enzo77 ($23.75 in chips) 
Seat 3: Periscope99 ($107.45 in chips) 
Seat 4: Sunnymatrix ($50 in chips) 
Seat 5: tiltedredman ($66.70 in chips) 
Seat 6: Esabot ($63.10 in chips) 
Seat 7: Ninestone ($48.80 in chips) 
Seat 8: Simme 123 ($46.50 in chips) 
Seat 9: Alameda22 ($48.25 in chips) 
Periscope99: posts small blind $0.25
Sunnymatrix: posts big blind $0.50
*** HOLE CARDS ***
Dealt to Alameda22 [6h Td]
tiltedredman: folds 
Esabot: folds 
Ninestone: folds 
Simme 123: folds 
Alameda22: folds 
Schafblufft: raises $1.50 to $2
Enzo77: folds 
Periscope99: folds 
Sunnymatrix: folds 
Uncalled bet ($1.50) returned to Schafblufft
Schafblufft collected $1.25 from pot
Schafblufft: doesn't show hand 
*** SUMMARY ***
Total pot $1.25 | Rake $0 
Seat 1: Schafblufft collected ($1.25)
Seat 2: Enzo77 (button) folded before Flop (didn't bet)
Seat 3: Periscope99 (small blind) folded before Flop
Seat 4: Sunnymatrix (big blind) folded before Flop
Seat 5: tiltedredman folded before Flop (didn't bet)
Seat 6: Esabot folded before Flop (didn't bet)
Seat 7: Ninestone folded before Flop (didn't bet)
Seat 8: Simme 123 folded before Flop (didn't bet)
Seat 9: Alameda22 folded before Flop (didn't bet)



PokerStars Game #20148327689:  Hold'em No Limit ($0.25/$0.50) - 2008/09/04 17:50:01 ET
Table 'Thisbe V' 9-max Seat #3 is the button
Seat 1: Schafblufft ($51.95 in chips) 
Seat 2: Enzo77 ($23.75 in chips) 
Seat 3: Periscope99 ($107.20 in chips) 
Seat 4: Sunnymatrix ($49.50 in chips) 
Seat 5: tiltedredman ($66.70 in chips) 
Seat 6: Esabot ($63.10 in chips) 
Seat 7: Ninestone ($48.80 in chips) 
Seat 8: Simme 123 ($46.50 in chips) 
Seat 9: Alameda22 ($48.25 in chips) 
Sunnymatrix: posts small blind $0.25
tiltedredman: posts big blind $0.50
*** HOLE CARDS ***
Dealt to Alameda22 [8c 3d]
Esabot: raises $1.50 to $2
Ninestone: folds 
Simme 123: folds 
Alameda22: folds 
Schafblufft: folds 
Enzo77: raises $2 to $4
Periscope99: folds 
Sunnymatrix: folds 
tiltedredman: folds 
Esabot: calls $2
*** FLOP *** [6h 3c 6s]
Esabot: checks 
Enzo77: bets $3
Esabot: raises $7.50 to $10.50
Enzo77: folds 
Uncalled bet ($7.50) returned to Esabot
Esabot collected $14.05 from pot
*** SUMMARY ***
Total pot $14.75 | Rake $0.70 
Board [6h 3c 6s]
Seat 1: Schafblufft folded before Flop (didn't bet)
Seat 2: Enzo77 folded on the Flop
Seat 3: Periscope99 (button) folded before Flop (didn't bet)
Seat 4: Sunnymatrix (small blind) folded before Flop
Seat 5: tiltedredman (big blind) folded before Flop
Seat 6: Esabot collected ($14.05)
Seat 7: Ninestone folded before Flop (didn't bet)
Seat 8: Simme 123 folded before Flop (didn't bet)
Seat 9: Alameda22 folded before Flop (didn't bet)



PokerStars Game #20148382446:  Hold'em No Limit ($0.25/$0.50) - 2008/09/04 17:52:17 ET
Table 'Thisbe V' 9-max Seat #4 is the button
Seat 1: Schafblufft ($51.95 in chips) 
Seat 2: Enzo77 ($16.75 in chips) 
Seat 3: Periscope99 ($107.20 in chips) 
Seat 4: Sunnymatrix ($49.25 in chips) 
Seat 5: tiltedredman ($66.20 in chips) 
Seat 6: Esabot ($70.15 in chips) 
Seat 7: Ninestone ($48.80 in chips) 
Seat 8: Simme 123 ($46.50 in chips) 
Seat 9: Alameda22 ($48.25 in chips) 
tiltedredman: posts small blind $0.25
Esabot: posts big blind $0.50
*** HOLE CARDS ***
Dealt to Alameda22 [Ah 3s]
Ninestone: folds 
Simme 123: folds 
Alameda22: folds 
Schafblufft: folds 
Enzo77: folds 
Periscope99: folds 
Sunnymatrix: raises $1.50 to $2
tiltedredman: folds 
Esabot: folds 
Uncalled bet ($1.50) returned to Sunnymatrix
Sunnymatrix collected $1.25 from pot
Sunnymatrix: doesn't show hand 
*** SUMMARY ***
Total pot $1.25 | Rake $0 
Seat 1: Schafblufft folded before Flop (didn't bet)
Seat 2: Enzo77 folded before Flop (didn't bet)
Seat 3: Periscope99 folded before Flop (didn't bet)
Seat 4: Sunnymatrix (button) collected ($1.25)
Seat 5: tiltedredman (small blind) folded before Flop
Seat 6: Esabot (big blind) folded before Flop
Seat 7: Ninestone folded before Flop (didn't bet)
Seat 8: Simme 123 folded before Flop (didn't bet)
Seat 9: Alameda22 folded before Flop (didn't bet)



PokerStars Game #20148411587:  Hold'em No Limit ($0.25/$0.50) - 2008/09/04 17:53:30 ET
Table 'Thisbe V' 9-max Seat #5 is the button
Seat 1: Schafblufft ($51.95 in chips) 
Seat 2: Enzo77 ($16.75 in chips) 
Seat 3: Periscope99 ($107.20 in chips) 
Seat 4: Sunnymatrix ($50 in chips) 
Seat 5: tiltedredman ($65.95 in chips) 
Seat 6: Esabot ($69.65 in chips) 
Seat 7: Ninestone ($48.80 in chips) 
Seat 8: Simme 123 ($46.50 in chips) 
Seat 9: Alameda22 ($48.25 in chips) 
Esabot: posts small blind $0.25
Ninestone: posts big blind $0.50
*** HOLE CARDS ***
Dealt to Alameda22 [Jc Qc]
Simme 123: folds 
Alameda22: folds 
Schafblufft: folds 
Enzo77: calls $0.50
Periscope99: folds 
Sunnymatrix: folds 
tiltedredman: folds 
Esabot: calls $0.25
Ninestone: checks 
*** FLOP *** [3h As 5h]
Esabot: checks 
Ninestone: bets $0.50
Enzo77: calls $0.50
Esabot: folds 
*** TURN *** [3h As 5h] [Qd]
Ninestone: checks 
Enzo77: checks 
*** RIVER *** [3h As 5h Qd] [Kc]
Ninestone: checks 
Enzo77: checks 
*** SHOW DOWN ***
Ninestone: shows [6h 9h] (high card Ace)
Enzo77: mucks hand 
Ninestone collected $2.40 from pot
*** SUMMARY ***
Total pot $2.50 | Rake $0.10 
Board [3h As 5h Qd Kc]
Seat 1: Schafblufft folded before Flop (didn't bet)
Seat 2: Enzo77 mucked [7s 8s]
Seat 3: Periscope99 folded before Flop (didn't bet)
Seat 4: Sunnymatrix folded before Flop (didn't bet)
Seat 5: tiltedredman (button) folded before Flop (didn't bet)
Seat 6: Esabot (small blind) folded on the Flop
Seat 7: Ninestone (big blind) showed [6h 9h] and won ($2.40) with high card Ace
Seat 8: Simme 123 folded before Flop (didn't bet)
Seat 9: Alameda22 folded before Flop (didn't bet)



PokerStars Game #20148440302:  Hold'em No Limit ($0.25/$0.50) - 2008/09/04 17:54:41 ET
Table 'Thisbe V' 9-max Seat #6 is the button
Seat 1: Schafblufft ($51.95 in chips) 
Seat 2: Enzo77 ($15.75 in chips) 
Seat 3: Periscope99 ($107.20 in chips) 
Seat 4: Sunnymatrix ($50 in chips) 
Seat 5: tiltedredman ($65.95 in chips) 
Seat 6: Esabot ($69.15 in chips) 
Seat 7: Ninestone ($50.20 in chips) 
Seat 8: Simme 123 ($46.50 in chips) 
Seat 9: Alameda22 ($48.25 in chips) 
Ninestone: posts small blind $0.25
Simme 123: posts big blind $0.50
*** HOLE CARDS ***
Dealt to Alameda22 [Jd 9s]
Alameda22: folds 
Schafblufft: folds 
Enzo77: folds 
Periscope99: folds 
Sunnymatrix: folds 
tiltedredman: folds 
Esabot: folds 
Ninestone: raises $0.50 to $1
Simme 123: folds 
Uncalled bet ($0.50) returned to Ninestone
Ninestone collected $1 from pot
Ninestone: doesn't show hand 
*** SUMMARY ***
Total pot $1 | Rake $0 
Seat 1: Schafblufft folded before Flop (didn't bet)
Seat 2: Enzo77 folded before Flop (didn't bet)
Seat 3: Periscope99 folded before Flop (didn't bet)
Seat 4: Sunnymatrix folded before Flop (didn't bet)
Seat 5: tiltedredman folded before Flop (didn't bet)
Seat 6: Esabot (button) folded before Flop (didn't bet)
Seat 7: Ninestone (small blind) collected ($1)
Seat 8: Simme 123 (big blind) folded before Flop
Seat 9: Alameda22 folded before Flop (didn't bet)



PokerStars Game #20148457645:  Hold'em No Limit ($0.25/$0.50) - 2008/09/04 17:55:24 ET
Table 'Thisbe V' 9-max Seat #7 is the button
Seat 1: Schafblufft ($51.95 in chips) 
Seat 2: Enzo77 ($15.75 in chips) 
Seat 3: Periscope99 ($107.20 in chips) 
Seat 4: Sunnymatrix ($50 in chips) 
Seat 5: tiltedredman ($65.95 in chips) 
Seat 6: Esabot ($69.15 in chips) 
Seat 7: Ninestone ($50.70 in chips) 
Seat 8: Simme 123 ($46 in chips) 
Seat 9: Alameda22 ($48.25 in chips) 
Simme 123: posts small blind $0.25
Alameda22: posts big blind $0.50
*** HOLE CARDS ***
Dealt to Alameda22 [2d 3d]
Schafblufft: folds 
Enzo77: folds 
Periscope99: folds 
Sunnymatrix: raises $1.50 to $2
tiltedredman has timed out
tiltedredman: folds 
tiltedredman is sitting out
Esabot: folds 
Ninestone: folds 
Simme 123: folds 
Alameda22: folds 
Uncalled bet ($1.50) returned to Sunnymatrix
Sunnymatrix collected $1.25 from pot
Sunnymatrix: doesn't show hand 
*** SUMMARY ***
Total pot $1.25 | Rake $0 
Seat 1: Schafblufft folded before Flop (didn't bet)
Seat 2: Enzo77 folded before Flop (didn't bet)
Seat 3: Periscope99 folded before Flop (didn't bet)
Seat 4: Sunnymatrix collected ($1.25)
Seat 5: tiltedredman folded before Flop (didn't bet)
Seat 6: Esabot folded before Flop (didn't bet)
Seat 7: Ninestone (button) folded before Flop (didn't bet)
Seat 8: Simme 123 (small blind) folded before Flop
Seat 9: Alameda22 (big blind) folded before Flop



PokerStars Game #20148484233:  Hold'em No Limit ($0.25/$0.50) - 2008/09/04 17:56:31 ET
Table 'Thisbe V' 9-max Seat #8 is the button
Seat 1: Schafblufft ($51.95 in chips) 
Seat 2: Enzo77 ($15.75 in chips) 
Seat 3: Periscope99 ($107.20 in chips) 
Seat 4: Sunnymatrix ($50.75 in chips) 
Seat 6: Esabot ($69.15 in chips) 
Seat 7: Ninestone ($50.70 in chips) 
Seat 8: Simme 123 ($45.75 in chips) 
Seat 9: Alameda22 ($47.75 in chips) 
Alameda22: posts small blind $0.25
Schafblufft: posts big blind $0.50
*** HOLE CARDS ***
Dealt to Alameda22 [8d Qs]
Enzo77: folds 
Periscope99: folds 
Sunnymatrix: folds 
Esabot: folds 
Ninestone: folds 
Simme 123: folds 
Alameda22: folds 
Uncalled bet ($0.25) returned to Schafblufft
Schafblufft collected $0.50 from pot
Schafblufft: doesn't show hand 
*** SUMMARY ***
Total pot $0.50 | Rake $0 
Seat 1: Schafblufft (big blind) collected ($0.50)
Seat 2: Enzo77 folded before Flop (didn't bet)
Seat 3: Periscope99 folded before Flop (didn't bet)
Seat 4: Sunnymatrix folded before Flop (didn't bet)
Seat 6: Esabot folded before Flop (didn't bet)
Seat 7: Ninestone folded before Flop (didn't bet)
Seat 8: Simme 123 (button) folded before Flop (didn't bet)
Seat 9: Alameda22 (small blind) folded before Flop



PokerStars Game #20148494794:  Hold'em No Limit ($0.25/$0.50) - 2008/09/04 17:56:58 ET
Table 'Thisbe V' 9-max Seat #9 is the button
Seat 1: Schafblufft ($52.20 in chips) 
Seat 2: Enzo77 ($15.75 in chips) 
Seat 3: Periscope99 ($107.20 in chips) 
Seat 4: Sunnymatrix ($50.75 in chips) 
Seat 6: Esabot ($69.15 in chips) 
Seat 7: Ninestone ($50.70 in chips) 
Seat 8: Simme 123 ($45.75 in chips) 
Seat 9: Alameda22 ($47.50 in chips) 
Schafblufft: posts small blind $0.25
Enzo77: posts big blind $0.50
*** HOLE CARDS ***
Dealt to Alameda22 [Qd Kc]
Periscope99: calls $0.50
Sunnymatrix: folds 
Esabot: folds 
Ninestone: calls $0.50
Simme 123: folds 
Alameda22: folds 
Schafblufft: calls $0.25
Enzo77: checks 
*** FLOP *** [Tc Kh 7s]
Schafblufft: checks 
Enzo77: checks 
Periscope99: bets $1
Ninestone: folds 
Schafblufft: folds 
Enzo77: folds 
Uncalled bet ($1) returned to Periscope99
Periscope99 collected $1.90 from pot
Periscope99: doesn't show hand 
*** SUMMARY ***
Total pot $2 | Rake $0.10 
Board [Tc Kh 7s]
Seat 1: Schafblufft (small blind) folded on the Flop
Seat 2: Enzo77 (big blind) folded on the Flop
Seat 3: Periscope99 collected ($1.90)
Seat 4: Sunnymatrix folded before Flop (didn't bet)
Seat 6: Esabot folded before Flop (didn't bet)
Seat 7: Ninestone folded on the Flop
Seat 8: Simme 123 folded before Flop (didn't bet)
Seat 9: Alameda22 (button) folded before Flop (didn't bet)



PokerStars Game #20148524906:  Hold'em No Limit ($0.25/$0.50) - 2008/09/04 17:58:14 ET
Table 'Thisbe V' 9-max Seat #1 is the button
Seat 1: Schafblufft ($51.70 in chips) 
Seat 2: Enzo77 ($15.25 in chips) 
Seat 3: Periscope99 ($108.60 in chips) 
Seat 4: Sunnymatrix ($50.75 in chips) 
Seat 6: Esabot ($69.15 in chips) 
Seat 7: Ninestone ($50.20 in chips) 
Seat 8: Simme 123 ($45.75 in chips) 
Seat 9: Alameda22 ($47.50 in chips) 
Enzo77: posts small blind $0.25
Periscope99: posts big blind $0.50
*** HOLE CARDS ***
Dealt to Alameda22 [5h 7h]
Sunnymatrix: folds 
Esabot: folds 
Ninestone: folds 
Simme 123: calls $0.50
Alameda22: folds 
Schafblufft: folds 
Enzo77: calls $0.25
Periscope99: checks 
*** FLOP *** [Ks 7s Qs]
Enzo77: checks 
Periscope99: checks 
Simme 123: checks 
*** TURN *** [Ks 7s Qs] [Qc]
Enzo77: checks 
Periscope99: checks 
Simme 123: bets $1
Enzo77: folds 
Periscope99: folds 
Uncalled bet ($1) returned to Simme 123
Simme 123 collected $1.45 from pot
Simme 123: doesn't show hand 
*** SUMMARY ***
Total pot $1.50 | Rake $0.05 
Board [Ks 7s Qs Qc]
Seat 1: Schafblufft (button) folded before Flop (didn't bet)
Seat 2: Enzo77 (small blind) folded on the Turn
Seat 3: Periscope99 (big blind) folded on the Turn
Seat 4: Sunnymatrix folded before Flop (didn't bet)
Seat 6: Esabot folded before Flop (didn't bet)
Seat 7: Ninestone folded before Flop (didn't bet)
Seat 8: Simme 123 collected ($1.45)
Seat 9: Alameda22 folded before Flop (didn't bet)



PokerStars Game #20148554932:  Hold'em No Limit ($0.25/$0.50) - 2008/09/04 17:59:31 ET
Table 'Thisbe V' 9-max Seat #2 is the button
Seat 1: Schafblufft ($51.70 in chips) 
Seat 2: Enzo77 ($14.75 in chips) 
Seat 3: Periscope99 ($108.10 in chips) 
Seat 6: Esabot ($69.15 in chips) 
Seat 7: Ninestone ($50.20 in chips) 
Seat 8: Simme 123 ($46.70 in chips) 
Seat 9: Alameda22 ($47.50 in chips) 
Periscope99: posts small blind $0.25
Sunnymatrix: is sitting out 
Esabot: posts big blind $0.50
*** HOLE CARDS ***
Dealt to Alameda22 [8h 8d]
Sunnymatrix leaves the table
Ninestone: folds 
C.Roych joins the table at seat #4 
Simme 123: folds 
Alameda22: folds 
Schafblufft: raises $1.50 to $2
Enzo77: folds 
Periscope99: folds 
Esabot: folds 
Uncalled bet ($1.50) returned to Schafblufft
Schafblufft collected $1.25 from pot
Schafblufft: doesn't show hand 
*** SUMMARY ***
Total pot $1.25 | Rake $0 
Seat 1: Schafblufft collected ($1.25)
Seat 2: Enzo77 (button) folded before Flop (didn't bet)
Seat 3: Periscope99 (small blind) folded before Flop
Seat 6: Esabot (big blind) folded before Flop
Seat 7: Ninestone folded before Flop (didn't bet)
Seat 8: Simme 123 folded before Flop (didn't bet)
Seat 9: Alameda22 folded before Flop (didn't bet)



PokerStars Game #20148585819:  Hold'em No Limit ($0.25/$0.50) - 2008/09/04 18:00:49 ET
Table 'Thisbe V' 9-max Seat #3 is the button
Seat 1: Schafblufft ($52.45 in chips) 
Seat 2: Enzo77 ($14.75 in chips) 
Seat 3: Periscope99 ($107.85 in chips) 
Seat 6: Esabot ($68.65 in chips) 
Seat 7: Ninestone ($50.20 in chips) 
Seat 8: Simme 123 ($46.70 in chips) 
Seat 9: Alameda22 ($47.50 in chips) 
C.Roych will be allowed to play after the button
Esabot: posts small blind $0.25
Ninestone: posts big blind $0.50
*** HOLE CARDS ***
Dealt to Alameda22 [Jc 8s]
Simme 123: folds 
Alameda22: folds 
Schafblufft: folds 
Enzo77: folds 
Periscope99: folds 
Esabot: folds 
Uncalled bet ($0.25) returned to Ninestone
Ninestone collected $0.50 from pot
Ninestone: doesn't show hand 
*** SUMMARY ***
Total pot $0.50 | Rake $0 
Seat 1: Schafblufft folded before Flop (didn't bet)
Seat 2: Enzo77 folded before Flop (didn't bet)
Seat 3: Periscope99 (button) folded before Flop (didn't bet)
Seat 6: Esabot (small blind) folded before Flop
Seat 7: Ninestone (big blind) collected ($0.50)
Seat 8: Simme 123 folded before Flop (didn't bet)
Seat 9: Alameda22 folded before Flop (didn't bet)



PokerStars Game #20148594801:  Hold'em No Limit ($0.25/$0.50) - 2008/09/04 18:01:12 ET
Table 'Thisbe V' 9-max Seat #6 is the button
Seat 1: Schafblufft ($52.45 in chips) 
Seat 2: Enzo77 ($14.75 in chips) 
Seat 3: Periscope99 ($107.85 in chips) 
Seat 4: C.Roych ($35.75 in chips) 
Seat 6: Esabot ($68.40 in chips) 
Seat 7: Ninestone ($50.45 in chips) 
Seat 8: Simme 123 ($46.70 in chips) 
Seat 9: Alameda22 ($47.50 in chips) 
Ninestone: posts small blind $0.25
Simme 123: posts big blind $0.50
C.Roych: posts big blind $0.50
*** HOLE CARDS ***
Dealt to Alameda22 [7s Jc]
tiltedredman has returned
Alameda22: folds 
Schafblufft: folds 
Enzo77: folds 
Periscope99: calls $0.50
C.Roych: checks 
Esabot: calls $0.50
Ninestone: folds 
Simme 123: checks 
*** FLOP *** [5s 7d 8s]
Simme 123: checks 
Periscope99: bets $1.50
C.Roych: folds 
Esabot: folds 
Simme 123: folds 
Uncalled bet ($1.50) returned to Periscope99
Periscope99 collected $2.15 from pot
Periscope99: doesn't show hand 
*** SUMMARY ***
Total pot $2.25 | Rake $0.10 
Board [5s 7d 8s]
Seat 1: Schafblufft folded before Flop (didn't bet)
Seat 2: Enzo77 folded before Flop (didn't bet)
Seat 3: Periscope99 collected ($2.15)
Seat 4: C.Roych folded on the Flop
Seat 6: Esabot (button) folded on the Flop
Seat 7: Ninestone (small blind) folded before Flop
Seat 8: Simme 123 (big blind) folded on the Flop
Seat 9: Alameda22 folded before Flop (didn't bet)



PokerStars Game #20148613256:  Hold'em No Limit ($0.25/$0.50) - 2008/09/04 18:01:59 ET
Table 'Thisbe V' 9-max Seat #7 is the button
Seat 1: Schafblufft ($52.45 in chips) 
Seat 2: Enzo77 ($14.75 in chips) 
Seat 3: Periscope99 ($109.50 in chips) 
Seat 4: C.Roych ($35.25 in chips) 
Seat 5: tiltedredman ($65.95 in chips) 
Seat 6: Esabot ($67.90 in chips) 
Seat 7: Ninestone ($50.20 in chips) 
Seat 8: Simme 123 ($46.20 in chips) 
Seat 9: Alameda22 ($47.50 in chips) 
Simme 123: posts small blind $0.25
Alameda22: posts big blind $0.50
tiltedredman: posts small & big blinds $0.75
*** HOLE CARDS ***
Dealt to Alameda22 [6s 9h]
Schafblufft: folds 
Enzo77: folds 
Periscope99: folds 
C.Roych: folds 
tiltedredman: checks 
Esabot: folds 
Ninestone: folds 
Simme 123: folds 
Alameda22: checks 
*** FLOP *** [8h Td 7d]
Alameda22: bets $1
tiltedredman: calls $1
*** TURN *** [8h Td 7d] [5c]
Alameda22: bets $2
tiltedredman: calls $2
*** RIVER *** [8h Td 7d 5c] [2c]
Alameda22: bets $5
tiltedredman: calls $5
*** SHOW DOWN ***
Alameda22: shows [6s 9h] (a straight, Six to Ten)
tiltedredman: mucks hand 
Alameda22 collected $16.65 from pot
*** SUMMARY ***
Total pot $17.50 | Rake $0.85 
Board [8h Td 7d 5c 2c]
Seat 1: Schafblufft folded before Flop (didn't bet)
Seat 2: Enzo77 folded before Flop (didn't bet)
Seat 3: Periscope99 folded before Flop (didn't bet)
Seat 4: C.Roych folded before Flop (didn't bet)
Seat 5: tiltedredman mucked [Ts 3c]
Seat 6: Esabot folded before Flop (didn't bet)
Seat 7: Ninestone (button) folded before Flop (didn't bet)
Seat 8: Simme 123 (small blind) folded before Flop
Seat 9: Alameda22 (big blind) showed [6s 9h] and won ($16.65) with a straight, Six to Ten



PokerStars Game #20148667072:  Hold'em No Limit ($0.25/$0.50) - 2008/09/04 18:04:19 ET
Table 'Thisbe V' 9-max Seat #8 is the button
Seat 1: Schafblufft ($52.45 in chips) 
Seat 2: Enzo77 ($14.75 in chips) 
Seat 3: Periscope99 ($109.50 in chips) 
Seat 4: C.Roych ($35.25 in chips) 
Seat 5: tiltedredman ($57.20 in chips) 
Seat 6: Esabot ($67.90 in chips) 
Seat 7: Ninestone ($50.20 in chips) 
Seat 8: Simme 123 ($45.95 in chips) 
Seat 9: Alameda22 ($55.65 in chips) 
Alameda22: posts small blind $0.25
Schafblufft: posts big blind $0.50
*** HOLE CARDS ***
Dealt to Alameda22 [Jc 4c]
Enzo77: calls $0.50
Periscope99: folds 
Periscope99 leaves the table
C.Roych: folds 
tiltedredman: folds 
Esabot: folds 
Ninestone: folds 
tipmyhat2u joins the table at seat #3 
Simme 123: calls $0.50
Alameda22: folds 
Schafblufft: raises $2.50 to $3
Enzo77: raises $11.75 to $14.75 and is all-in
Simme 123: folds 
Schafblufft: calls $11.75
*** FLOP *** [Qd 4h 2s]
*** TURN *** [Qd 4h 2s] [3h]
*** RIVER *** [Qd 4h 2s 3h] [Ad]
*** SHOW DOWN ***
Schafblufft: shows [As Kh] (a pair of Aces)
Enzo77: shows [9d 9s] (a pair of Nines)
Schafblufft collected $28.75 from pot
*** SUMMARY ***
Total pot $30.25 | Rake $1.50 
Board [Qd 4h 2s 3h Ad]
Seat 1: Schafblufft (big blind) showed [As Kh] and won ($28.75) with a pair of Aces
Seat 2: Enzo77 showed [9d 9s] and lost with a pair of Nines
Seat 3: Periscope99 folded before Flop (didn't bet)
Seat 4: C.Roych folded before Flop (didn't bet)
Seat 5: tiltedredman folded before Flop (didn't bet)
Seat 6: Esabot folded before Flop (didn't bet)
Seat 7: Ninestone folded before Flop (didn't bet)
Seat 8: Simme 123 (button) folded before Flop
Seat 9: Alameda22 (small blind) folded before Flop



PokerStars Game #20148698994:  Hold'em No Limit ($0.25/$0.50) - 2008/09/04 18:05:41 ET
Table 'Thisbe V' 9-max Seat #9 is the button
Seat 1: Schafblufft ($66.45 in chips) 
Seat 3: tipmyhat2u ($50 in chips) 
Seat 4: C.Roych ($35.25 in chips) 
Seat 5: tiltedredman ($57.20 in chips) 
Seat 6: Esabot ($67.90 in chips) 
Seat 7: Ninestone ($50.20 in chips) 
Seat 8: Simme 123 ($45.45 in chips) 
Seat 9: Alameda22 ($55.40 in chips) 
Schafblufft: posts small blind $0.25
tipmyhat2u: posts big blind $0.50
*** HOLE CARDS ***
Dealt to Alameda22 [8s Ac]
Enzo77 leaves the table
C.Roych: raises $0.50 to $1
tiltedredman: folds 
Esabot: folds 
Ninestone: folds 
Simme 123: folds 
Alameda22: folds 
Schafblufft: folds 
tipmyhat2u: folds 
Uncalled bet ($0.50) returned to C.Roych
C.Roych collected $1.25 from pot
C.Roych: doesn't show hand 
*** SUMMARY ***
Total pot $1.25 | Rake $0 
Seat 1: Schafblufft (small blind) folded before Flop
Seat 3: tipmyhat2u (big blind) folded before Flop
Seat 4: C.Roych collected ($1.25)
Seat 5: tiltedredman folded before Flop (didn't bet)
Seat 6: Esabot folded before Flop (didn't bet)
Seat 7: Ninestone folded before Flop (didn't bet)
Seat 8: Simme 123 folded before Flop (didn't bet)
Seat 9: Alameda22 (button) folded before Flop (didn't bet)



PokerStars Game #20148720197:  Hold'em No Limit ($0.25/$0.50) - 2008/09/04 18:06:36 ET
Table 'Thisbe V' 9-max Seat #1 is the button
Seat 1: Schafblufft ($66.20 in chips) 
Seat 3: tipmyhat2u ($49.50 in chips) 
Seat 4: C.Roych ($36 in chips) 
Seat 5: tiltedredman ($57.20 in chips) 
Seat 6: Esabot ($67.90 in chips) 
Seat 7: Ninestone ($50.20 in chips) 
Seat 8: Simme 123 ($45.45 in chips) 
Seat 9: Alameda22 ($55.40 in chips) 
tipmyhat2u: posts small blind $0.25
C.Roych: posts big blind $0.50
*** HOLE CARDS ***
Dealt to Alameda22 [8s 6d]
MeCountCardz joins the table at seat #2 
tiltedredman: folds 
Esabot: folds 
Ninestone: folds 
Simme 123: folds 
Alameda22: folds 
Schafblufft: raises $1.50 to $2
tipmyhat2u: folds 
C.Roych: folds 
Uncalled bet ($1.50) returned to Schafblufft
Schafblufft collected $1.25 from pot
Schafblufft: doesn't show hand 
*** SUMMARY ***
Total pot $1.25 | Rake $0 
Seat 1: Schafblufft (button) collected ($1.25)
Seat 3: tipmyhat2u (small blind) folded before Flop
Seat 4: C.Roych (big blind) folded before Flop
Seat 5: tiltedredman folded before Flop (didn't bet)
Seat 6: Esabot folded before Flop (didn't bet)
Seat 7: Ninestone folded before Flop (didn't bet)
Seat 8: Simme 123 folded before Flop (didn't bet)
Seat 9: Alameda22 folded before Flop (didn't bet)



PokerStars Game #20148742523:  Hold'em No Limit ($0.25/$0.50) - 2008/09/04 18:07:33 ET
Table 'Thisbe V' 9-max Seat #3 is the button
Seat 1: Schafblufft ($66.95 in chips) 
Seat 3: tipmyhat2u ($49.25 in chips) 
Seat 4: C.Roych ($35.50 in chips) 
Seat 5: tiltedredman ($57.20 in chips) 
Seat 6: Esabot ($67.90 in chips) 
Seat 7: Ninestone ($50.20 in chips) 
Seat 8: Simme 123 ($45.45 in chips) 
Seat 9: Alameda22 ($55.40 in chips) 
C.Roych: posts small blind $0.25
tiltedredman: posts big blind $0.50
MeCountCardz: sits out 
*** HOLE CARDS ***
Dealt to Alameda22 [5c Td]
Esabot: folds 
Ninestone: folds 
Simme 123: folds 
Alameda22: folds 
Schafblufft: folds 
tipmyhat2u: folds 
tipmyhat2u leaves the table
C.Roych: folds 
Uncalled bet ($0.25) returned to tiltedredman
tiltedredman collected $0.50 from pot
*** SUMMARY ***
Total pot $0.50 | Rake $0 
Seat 1: Schafblufft folded before Flop (didn't bet)
Seat 3: tipmyhat2u (button) folded before Flop (didn't bet)
Seat 4: C.Roych (small blind) folded before Flop
Seat 5: tiltedredman (big blind) collected ($0.50)
Seat 6: Esabot folded before Flop (didn't bet)
Seat 7: Ninestone folded before Flop (didn't bet)
Seat 8: Simme 123 folded before Flop (didn't bet)
Seat 9: Alameda22 folded before Flop (didn't bet)



PokerStars Game #20148752876:  Hold'em No Limit ($0.25/$0.50) - 2008/09/04 18:08:00 ET
Table 'Thisbe V' 9-max Seat #4 is the button
Seat 1: Schafblufft ($66.95 in chips) 
Seat 4: C.Roych ($35.25 in chips) 
Seat 5: tiltedredman ($57.45 in chips) 
Seat 6: Esabot ($67.90 in chips) 
Seat 7: Ninestone ($50.20 in chips) 
Seat 8: Simme 123 ($45.45 in chips) 
Seat 9: Alameda22 ($55.40 in chips) 
tiltedredman: posts small blind $0.25
Esabot: posts big blind $0.50
MeCountCardz: sits out 
*** HOLE CARDS ***
Dealt to Alameda22 [4h 2h]
Ninestone: folds 
Simme 123: raises $1.50 to $2
Alameda22: folds 
Schafblufft: folds 
C.Roych: folds 
tiltedredman: calls $1.75
Esabot: folds 
*** FLOP *** [6h 4c 5d]
tiltedredman: checks 
Simme 123: bets $3
tiltedredman: raises $4.50 to $7.50
Simme 123: calls $4.50
*** TURN *** [6h 4c 5d] [Qh]
tiltedredman: bets $11.50
Simme 123: calls $11.50
*** RIVER *** [6h 4c 5d Qh] [Jh]
tiltedredman: bets $36.45 and is all-in
Simme 123: calls $24.45 and is all-in
Uncalled bet ($12) returned to tiltedredman
*** SHOW DOWN ***
tiltedredman: shows [Ah Ad] (a pair of Aces)
Simme 123: mucks hand 
tiltedredman collected $88.40 from pot
*** SUMMARY ***
Total pot $91.40 | Rake $3 
Board [6h 4c 5d Qh Jh]
Seat 1: Schafblufft folded before Flop (didn't bet)
Seat 4: C.Roych (button) folded before Flop (didn't bet)
Seat 5: tiltedredman (small blind) showed [Ah Ad] and won ($88.40) with a pair of Aces
Seat 6: Esabot (big blind) folded before Flop
Seat 7: Ninestone folded before Flop (didn't bet)
Seat 8: Simme 123 mucked [Td Ts]
Seat 9: Alameda22 folded before Flop (didn't bet)



PokerStars Game #20148790828:  Hold'em No Limit ($0.25/$0.50) - 2008/09/04 18:09:37 ET
Table 'Thisbe V' 9-max Seat #5 is the button
Seat 1: Schafblufft ($66.95 in chips) 
Seat 4: C.Roych ($35.25 in chips) 
Seat 5: tiltedredman ($100.40 in chips) 
Seat 6: Esabot ($67.40 in chips) 
Seat 7: Ninestone ($50.20 in chips) 
Seat 8: Simme 123 ($25 in chips) 
Seat 9: Alameda22 ($55.40 in chips) 
Esabot: posts small blind $0.25
Ninestone: posts big blind $0.50
MeCountCardz: sits out 
*** HOLE CARDS ***
Dealt to Alameda22 [Qh 6d]
Simme 123: folds 
Alameda22: folds 
Schafblufft: folds 
C.Roych: folds 
tiltedredman: folds 
Esabot: folds 
Uncalled bet ($0.25) returned to Ninestone
Ninestone collected $0.50 from pot
Ninestone: doesn't show hand 
*** SUMMARY ***
Total pot $0.50 | Rake $0 
Seat 1: Schafblufft folded before Flop (didn't bet)
Seat 4: C.Roych folded before Flop (didn't bet)
Seat 5: tiltedredman (button) folded before Flop (didn't bet)
Seat 6: Esabot (small blind) folded before Flop
Seat 7: Ninestone (big blind) collected ($0.50)
Seat 8: Simme 123 folded before Flop (didn't bet)
Seat 9: Alameda22 folded before Flop (didn't bet)



PokerStars Game #20148803333:  Hold'em No Limit ($0.25/$0.50) - 2008/09/04 18:10:09 ET
Table 'Thisbe V' 9-max Seat #6 is the button
Seat 1: Schafblufft ($66.95 in chips) 
Seat 4: C.Roych ($35.25 in chips) 
Seat 5: tiltedredman ($100.40 in chips) 
Seat 6: Esabot ($67.15 in chips) 
Seat 7: Ninestone ($50.45 in chips) 
Seat 8: Simme 123 ($25 in chips) 
Seat 9: Alameda22 ($55.40 in chips) 
Ninestone: posts small blind $0.25
Simme 123: posts big blind $0.50
MeCountCardz: sits out 
*** HOLE CARDS ***
Dealt to Alameda22 [8d 9s]
brutusbbb joins the table at seat #3 
Alameda22: folds 
Schafblufft: raises $1.50 to $2
C.Roych: folds 
tiltedredman: calls $2
Esabot: folds 
Ninestone: folds 
Simme 123: folds 
*** FLOP *** [Qd 4s 7c]
Schafblufft: bets $2.50
tiltedredman: calls $2.50
*** TURN *** [Qd 4s 7c] [Ts]
Schafblufft: checks 
tiltedredman: bets $4
Schafblufft: calls $4
*** RIVER *** [Qd 4s 7c Ts] [5s]
Schafblufft: checks 
tiltedredman: bets $6
Schafblufft: calls $6
*** SHOW DOWN ***
tiltedredman: shows [Qs Qc] (three of a kind, Queens)
Schafblufft: mucks hand 
tiltedredman collected $28.35 from pot
*** SUMMARY ***
Total pot $29.75 | Rake $1.40 
Board [Qd 4s 7c Ts 5s]
Seat 1: Schafblufft mucked [Tc Ah]
Seat 4: C.Roych folded before Flop (didn't bet)
Seat 5: tiltedredman showed [Qs Qc] and won ($28.35) with three of a kind, Queens
Seat 6: Esabot (button) folded before Flop (didn't bet)
Seat 7: Ninestone (small blind) folded before Flop
Seat 8: Simme 123 (big blind) folded before Flop
Seat 9: Alameda22 folded before Flop (didn't bet)



PokerStars Game #20148835533:  Hold'em No Limit ($0.25/$0.50) - 2008/09/04 18:11:32 ET
Table 'Thisbe V' 9-max Seat #7 is the button
Seat 1: Schafblufft ($52.45 in chips) 
Seat 3: brutusbbb ($31.70 in chips) 
Seat 4: C.Roych ($35.25 in chips) 
Seat 5: tiltedredman ($114.25 in chips) 
Seat 6: Esabot ($67.15 in chips) 
Seat 7: Ninestone ($50.20 in chips) 
Seat 8: Simme 123 ($24.50 in chips) 
Seat 9: Alameda22 ($55.40 in chips) 
Simme 123: posts small blind $0.25
Alameda22: posts big blind $0.50
MeCountCardz: sits out 
brutusbbb: posts big blind $0.50
*** HOLE CARDS ***
Dealt to Alameda22 [Js 5c]
Schafblufft said, "nice hand"
Schafblufft: folds 
brutusbbb: checks 
Schafblufft said, "and nice play"
MeCountCardz leaves the table
C.Roych: raises $1 to $1.50
tiltedredman said, "thx"
tiltedredman: folds 
Esabot: folds 
luckylukepoo joins the table at seat #2 
Ninestone: calls $1.50
Simme 123: folds 
Alameda22: folds 
brutusbbb: calls $1
*** FLOP *** [6h 7c 3h]
brutusbbb: checks 
C.Roych: bets $1
Schafblufft said, "well, postflop ^^"
Ninestone: raises $2.50 to $3.50
brutusbbb: raises $2.50 to $6
Schafblufft said, "preflop you have to 3bet"
C.Roych: calls $5
Ninestone: calls $2.50
*** TURN *** [6h 7c 3h] [7h]
brutusbbb: bets $3
C.Roych: calls $3
Ninestone: calls $3
*** RIVER *** [6h 7c 3h 7h] [Ks]
brutusbbb: checks 
C.Roych: checks 
Ninestone: checks 
*** SHOW DOWN ***
brutusbbb: shows [6c 3c] (two pair, Sevens and Sixes)
C.Roych: shows [Ac Ad] (two pair, Aces and Sevens)
Ninestone: mucks hand 
C.Roych collected $30.70 from pot
*** SUMMARY ***
Total pot $32.25 | Rake $1.55 
Board [6h 7c 3h 7h Ks]
Seat 1: Schafblufft folded before Flop (didn't bet)
Seat 3: brutusbbb showed [6c 3c] and lost with two pair, Sevens and Sixes
Seat 4: C.Roych showed [Ac Ad] and won ($30.70) with two pair, Aces and Sevens
Seat 5: tiltedredman folded before Flop (didn't bet)
Seat 6: Esabot folded before Flop (didn't bet)
Seat 7: Ninestone (button) mucked [Jh Jd]
Seat 8: Simme 123 (small blind) folded before Flop
Seat 9: Alameda22 (big blind) folded before Flop



PokerStars Game #20148869301:  Hold'em No Limit ($0.25/$0.50) - 2008/09/04 18:13:00 ET
Table 'Thisbe V' 9-max Seat #8 is the button
Seat 1: Schafblufft ($52.45 in chips) 
Seat 3: brutusbbb ($21.20 in chips) 
Seat 4: C.Roych ($55.45 in chips) 
Seat 5: tiltedredman ($114.25 in chips) 
Seat 6: Esabot ($67.15 in chips) 
Seat 7: Ninestone ($39.70 in chips) 
Seat 8: Simme 123 ($24.25 in chips) 
Seat 9: Alameda22 ($54.90 in chips) 
Alameda22: posts small blind $0.25
Schafblufft: posts big blind $0.50
luckylukepoo: sits out 
*** HOLE CARDS ***
Dealt to Alameda22 [9d 5d]
brutusbbb: folds 
C.Roych: folds 
tiltedredman: folds 
Esabot: folds 
Ninestone: calls $0.50
Simme 123: folds 
Alameda22: folds 
Schafblufft: checks 
*** FLOP *** [Qc Ks Js]
Schafblufft: bets $1
Ninestone: calls $1
*** TURN *** [Qc Ks Js] [7d]
Schafblufft: bets $2
Ninestone: calls $2
*** RIVER *** [Qc Ks Js 7d] [3h]
Schafblufft: checks 
Ninestone: checks 
*** SHOW DOWN ***
Schafblufft: shows [8s Kd] (a pair of Kings)
Ninestone: mucks hand 
Schafblufft collected $6.90 from pot
*** SUMMARY ***
Total pot $7.25 | Rake $0.35 
Board [Qc Ks Js 7d 3h]
Seat 1: Schafblufft (big blind) showed [8s Kd] and won ($6.90) with a pair of Kings
Seat 3: brutusbbb folded before Flop (didn't bet)
Seat 4: C.Roych folded before Flop (didn't bet)
Seat 5: tiltedredman folded before Flop (didn't bet)
Seat 6: Esabot folded before Flop (didn't bet)
Seat 7: Ninestone mucked [As 5s]
Seat 8: Simme 123 (button) folded before Flop (didn't bet)
Seat 9: Alameda22 (small blind) folded before Flop



PokerStars Game #20148897094:  Hold'em No Limit ($0.25/$0.50) - 2008/09/04 18:14:12 ET
Table 'Thisbe V' 9-max Seat #9 is the button
Seat 1: Schafblufft ($55.85 in chips) 
Seat 2: luckylukepoo ($50 in chips) 
Seat 3: brutusbbb ($21.20 in chips) 
Seat 4: C.Roych ($55.45 in chips) 
Seat 5: tiltedredman ($114.25 in chips) 
Seat 6: Esabot ($67.15 in chips) 
Seat 7: Ninestone ($36.20 in chips) 
Seat 8: Simme 123 ($24.25 in chips) 
Seat 9: Alameda22 ($54.65 in chips) 
Schafblufft: posts small blind $0.25
luckylukepoo: posts big blind $0.50
*** HOLE CARDS ***
Dealt to Alameda22 [Ad Ks]
brutusbbb: calls $0.50
C.Roych: folds 
tiltedredman: folds 
Esabot: calls $0.50
Ninestone: raises $1.50 to $2
Simme 123: calls $2
Alameda22: calls $2
Schafblufft: folds 
luckylukepoo: calls $1.50
brutusbbb: calls $1.50
Esabot: calls $1.50
*** FLOP *** [3h Jh 7s]
luckylukepoo: checks 
brutusbbb: bets $2
Esabot: calls $2
Ninestone: folds 
Simme 123: raises $3 to $5
Alameda22: folds 
luckylukepoo: folds 
brutusbbb: calls $3
Esabot: calls $3
*** TURN *** [3h Jh 7s] [6d]
brutusbbb: bets $4
Esabot: calls $4
Simme 123: calls $4
*** RIVER *** [3h Jh 7s 6d] [4c]
brutusbbb: checks 
Esabot: bets $15
Simme 123: folds 
brutusbbb: folds 
Uncalled bet ($15) returned to Esabot
Esabot collected $37.40 from pot
*** SUMMARY ***
Total pot $39.25 | Rake $1.85 
Board [3h Jh 7s 6d 4c]
Seat 1: Schafblufft (small blind) folded before Flop
Seat 2: luckylukepoo (big blind) folded on the Flop
Seat 3: brutusbbb folded on the River
Seat 4: C.Roych folded before Flop (didn't bet)
Seat 5: tiltedredman folded before Flop (didn't bet)
Seat 6: Esabot collected ($37.40)
Seat 7: Ninestone folded on the Flop
Seat 8: Simme 123 folded on the River
Seat 9: Alameda22 (button) folded on the Flop



PokerStars Game #20148952665:  Hold'em No Limit ($0.25/$0.50) - 2008/09/04 18:16:36 ET
Table 'Thisbe V' 9-max Seat #1 is the button
Seat 1: Schafblufft ($55.60 in chips) 
Seat 2: luckylukepoo ($48 in chips) 
Seat 3: brutusbbb ($10.20 in chips) 
Seat 4: C.Roych ($55.45 in chips) 
Seat 5: tiltedredman ($114.25 in chips) 
Seat 6: Esabot ($93.55 in chips) 
Seat 7: Ninestone ($34.20 in chips) 
Seat 8: Simme 123 ($13.25 in chips) 
Seat 9: Alameda22 ($52.65 in chips) 
luckylukepoo: posts small blind $0.25
brutusbbb: posts big blind $0.50
*** HOLE CARDS ***
Dealt to Alameda22 [3c 4h]
C.Roych: folds 
tiltedredman: folds 
Esabot: raises $1.50 to $2
Ninestone: folds 
Simme 123: folds 
Simme 123 leaves the table
Alameda22: folds 
Schafblufft: folds 
luckylukepoo: folds 
brutusbbb: calls $1.50
*** FLOP *** [8s 9c Ks]
brutusbbb: checks 
Esabot: bets $2.50
brutusbbb: calls $2.50
*** TURN *** [8s 9c Ks] [5h]
brutusbbb: checks 
Esabot: checks 
*** RIVER *** [8s 9c Ks 5h] [9s]
brutusbbb: checks 
Esabot: checks 
nogutznonutz joins the table at seat #8 
*** SHOW DOWN ***
brutusbbb: shows [Jh Th] (a pair of Nines)
Esabot: shows [6d 6s] (two pair, Nines and Sixes)
Esabot collected $8.80 from pot
*** SUMMARY ***
Total pot $9.25 | Rake $0.45 
Board [8s 9c Ks 5h 9s]
Seat 1: Schafblufft (button) folded before Flop (didn't bet)
Seat 2: luckylukepoo (small blind) folded before Flop
Seat 3: brutusbbb (big blind) showed [Jh Th] and lost with a pair of Nines
Seat 4: C.Roych folded before Flop (didn't bet)
Seat 5: tiltedredman folded before Flop (didn't bet)
Seat 6: Esabot showed [6d 6s] and won ($8.80) with two pair, Nines and Sixes
Seat 7: Ninestone folded before Flop (didn't bet)
Seat 8: Simme 123 folded before Flop (didn't bet)
Seat 9: Alameda22 folded before Flop (didn't bet)



PokerStars Game #20148984509:  Hold'em No Limit ($0.25/$0.50) - 2008/09/04 18:17:58 ET
Table 'Thisbe V' 9-max Seat #2 is the button
Seat 1: Schafblufft ($55.60 in chips) 
Seat 2: luckylukepoo ($47.75 in chips) 
Seat 3: brutusbbb ($5.70 in chips) 
Seat 4: C.Roych ($55.45 in chips) 
Seat 5: tiltedredman ($114.25 in chips) 
Seat 6: Esabot ($97.85 in chips) 
Seat 7: Ninestone ($34.20 in chips) 
Seat 8: nogutznonutz ($40 in chips) 
Seat 9: Alameda22 ($52.65 in chips) 
brutusbbb: posts small blind $0.25
C.Roych: posts big blind $0.50
nogutznonutz: posts big blind $0.50
*** HOLE CARDS ***
Dealt to Alameda22 [3h 2h]
tiltedredman: folds 
Esabot: folds 
Ninestone: folds 
nogutznonutz: raises $0.50 to $1
Alameda22: folds 
Schafblufft: folds 
luckylukepoo: folds 
brutusbbb: folds 
C.Roych: folds 
Uncalled bet ($0.50) returned to nogutznonutz
nogutznonutz collected $1.25 from pot
nogutznonutz: doesn't show hand 
*** SUMMARY ***
Total pot $1.25 | Rake $0 
Seat 1: Schafblufft folded before Flop (didn't bet)
Seat 2: luckylukepoo (button) folded before Flop (didn't bet)
Seat 3: brutusbbb (small blind) folded before Flop
Seat 4: C.Roych (big blind) folded before Flop
Seat 5: tiltedredman folded before Flop (didn't bet)
Seat 6: Esabot folded before Flop (didn't bet)
Seat 7: Ninestone folded before Flop (didn't bet)
Seat 8: nogutznonutz collected ($1.25)
Seat 9: Alameda22 folded before Flop (didn't bet)



PokerStars Game #20149006468:  Hold'em No Limit ($0.25/$0.50) - 2008/09/04 18:18:55 ET
Table 'Thisbe V' 9-max Seat #3 is the button
Seat 1: Schafblufft ($55.60 in chips) 
Seat 2: luckylukepoo ($47.75 in chips) 
Seat 3: brutusbbb ($5.45 in chips) 
Seat 4: C.Roych ($54.95 in chips) 
Seat 5: tiltedredman ($114.25 in chips) 
Seat 6: Esabot ($97.85 in chips) 
Seat 7: Ninestone ($34.20 in chips) 
Seat 8: nogutznonutz ($40.75 in chips) 
Seat 9: Alameda22 ($52.65 in chips) 
C.Roych: posts small blind $0.25
tiltedredman: posts big blind $0.50
*** HOLE CARDS ***
Dealt to Alameda22 [6h 3d]
Esabot: folds 
Ninestone: folds 
nogutznonutz: folds 
Alameda22: folds 
Schafblufft: folds 
luckylukepoo: folds 
brutusbbb: folds 
C.Roych: calls $0.25
tiltedredman: checks 
*** FLOP *** [5h 4d Ks]
C.Roych: bets $1
tiltedredman: calls $1
*** TURN *** [5h 4d Ks] [4h]
C.Roych: bets $1
tiltedredman: calls $1
*** RIVER *** [5h 4d Ks 4h] [Th]
C.Roych: bets $1.50
tiltedredman: calls $1.50
*** SHOW DOWN ***
C.Roych: shows [Kh Tc] (two pair, Kings and Tens)
tiltedredman: mucks hand 
C.Roych collected $7.65 from pot
*** SUMMARY ***
Total pot $8 | Rake $0.35 
Board [5h 4d Ks 4h Th]
Seat 1: Schafblufft folded before Flop (didn't bet)
Seat 2: luckylukepoo folded before Flop (didn't bet)
Seat 3: brutusbbb (button) folded before Flop (didn't bet)
Seat 4: C.Roych (small blind) showed [Kh Tc] and won ($7.65) with two pair, Kings and Tens
Seat 5: tiltedredman (big blind) mucked [Kc 8d]
Seat 6: Esabot folded before Flop (didn't bet)
Seat 7: Ninestone folded before Flop (didn't bet)
Seat 8: nogutznonutz folded before Flop (didn't bet)
Seat 9: Alameda22 folded before Flop (didn't bet)



PokerStars Game #20149030485:  Hold'em No Limit ($0.25/$0.50) - 2008/09/04 18:19:58 ET
Table 'Thisbe V' 9-max Seat #4 is the button
Seat 1: Schafblufft ($55.60 in chips) 
Seat 2: luckylukepoo ($47.75 in chips) 
Seat 3: brutusbbb ($5.45 in chips) 
Seat 4: C.Roych ($58.60 in chips) 
Seat 5: tiltedredman ($110.25 in chips) 
Seat 6: Esabot ($97.85 in chips) 
Seat 7: Ninestone ($34.20 in chips) 
Seat 8: nogutznonutz ($40.75 in chips) 
Seat 9: Alameda22 ($52.65 in chips) 
tiltedredman: posts small blind $0.25
Esabot: posts big blind $0.50
*** HOLE CARDS ***
Dealt to Alameda22 [Ts 9c]
Ninestone: calls $0.50
nogutznonutz: folds 
Alameda22: folds 
Schafblufft: raises $2 to $2.50
luckylukepoo: folds 
brutusbbb: folds 
C.Roych: folds 
tiltedredman: folds 
Esabot: folds 
Ninestone: folds 
Uncalled bet ($2) returned to Schafblufft
Schafblufft collected $1.75 from pot
Schafblufft: doesn't show hand 
*** SUMMARY ***
Total pot $1.75 | Rake $0 
Seat 1: Schafblufft collected ($1.75)
Seat 2: luckylukepoo folded before Flop (didn't bet)
Seat 3: brutusbbb folded before Flop (didn't bet)
Seat 4: C.Roych (button) folded before Flop (didn't bet)
Seat 5: tiltedredman (small blind) folded before Flop
Seat 6: Esabot (big blind) folded before Flop
Seat 7: Ninestone folded before Flop
Seat 8: nogutznonutz folded before Flop (didn't bet)
Seat 9: Alameda22 folded before Flop (didn't bet)



PokerStars Game #20149047850:  Hold'em No Limit ($0.25/$0.50) - 2008/09/04 18:20:44 ET
Table 'Thisbe V' 9-max Seat #5 is the button
Seat 1: Schafblufft ($56.85 in chips) 
Seat 2: luckylukepoo ($47.75 in chips) 
Seat 3: brutusbbb ($5.45 in chips) 
Seat 4: C.Roych ($58.60 in chips) 
Seat 5: tiltedredman ($110 in chips) 
Seat 6: Esabot ($97.35 in chips) 
Seat 8: nogutznonutz ($40.75 in chips) 
Seat 9: Alameda22 ($52.65 in chips) 
Esabot: posts small blind $0.25
Ninestone: is sitting out 
Ninestone leaves the table
nogutznonutz: posts big blind $0.50
*** HOLE CARDS ***
Dealt to Alameda22 [Ad 8s]
Alameda22: folds 
Pokamon06 joins the table at seat #7 
Schafblufft: folds 
luckylukepoo: folds 
brutusbbb: folds 
C.Roych: folds 
tiltedredman: folds 
Esabot: folds 
Uncalled bet ($0.25) returned to nogutznonutz
nogutznonutz collected $0.50 from pot
nogutznonutz: doesn't show hand 
*** SUMMARY ***
Total pot $0.50 | Rake $0 
Seat 1: Schafblufft folded before Flop (didn't bet)
Seat 2: luckylukepoo folded before Flop (didn't bet)
Seat 3: brutusbbb folded before Flop (didn't bet)
Seat 4: C.Roych folded before Flop (didn't bet)
Seat 5: tiltedredman (button) folded before Flop (didn't bet)
Seat 6: Esabot (small blind) folded before Flop
Seat 8: nogutznonutz (big blind) collected ($0.50)
Seat 9: Alameda22 folded before Flop (didn't bet)



PokerStars Game #20149066112:  Hold'em No Limit ($0.25/$0.50) - 2008/09/04 18:21:32 ET
Table 'Thisbe V' 9-max Seat #6 is the button
Seat 1: Schafblufft ($56.85 in chips) 
Seat 2: luckylukepoo ($47.75 in chips) 
Seat 3: brutusbbb ($5.45 in chips) 
Seat 4: C.Roych ($58.60 in chips) 
Seat 5: tiltedredman ($110 in chips) 
Seat 6: Esabot ($97.10 in chips) 
Seat 8: nogutznonutz ($41 in chips) 
Seat 9: Alameda22 ($52.65 in chips) 
Pokamon06 will be allowed to play after the button
nogutznonutz: posts small blind $0.25
Alameda22: posts big blind $0.50
*** HOLE CARDS ***
Dealt to Alameda22 [5s 8s]
Schafblufft: folds 
luckylukepoo: folds 
brutusbbb: folds 
C.Roych: folds 
brutusbbb leaves the table
tiltedredman: folds 
Esabot: folds 
Faraon777 joins the table at seat #3 
nogutznonutz: folds 
Uncalled bet ($0.25) returned to Alameda22
Alameda22 collected $0.50 from pot
Alameda22: doesn't show hand 
*** SUMMARY ***
Total pot $0.50 | Rake $0 
Seat 1: Schafblufft folded before Flop (didn't bet)
Seat 2: luckylukepoo folded before Flop (didn't bet)
Seat 3: brutusbbb folded before Flop (didn't bet)
Seat 4: C.Roych folded before Flop (didn't bet)
Seat 5: tiltedredman folded before Flop (didn't bet)
Seat 6: Esabot (button) folded before Flop (didn't bet)
Seat 8: nogutznonutz (small blind) folded before Flop
Seat 9: Alameda22 (big blind) collected ($0.50)



PokerStars Game #20149080561:  Hold'em No Limit ($0.25/$0.50) - 2008/09/04 18:22:09 ET
Table 'Thisbe V' 9-max Seat #8 is the button
Seat 1: Schafblufft ($56.85 in chips) 
Seat 2: luckylukepoo ($47.75 in chips) 
Seat 4: C.Roych ($58.60 in chips) 
Seat 5: tiltedredman ($110 in chips) 
Seat 6: Esabot ($97.10 in chips) 
Seat 7: Pokamon06 ($50 in chips) 
Seat 8: nogutznonutz ($40.75 in chips) 
Seat 9: Alameda22 ($52.90 in chips) 
Alameda22: posts small blind $0.25
Schafblufft: posts big blind $0.50
Faraon777: sits out 
Pokamon06: posts big blind $0.50
*** HOLE CARDS ***
Dealt to Alameda22 [6h 5s]
luckylukepoo: folds 
C.Roych: folds 
tiltedredman: folds 
Esabot: folds 
Pokamon06: raises $1 to $1.50
nogutznonutz: folds 
Alameda22: folds 
Schafblufft: folds 
Uncalled bet ($1) returned to Pokamon06
Pokamon06 collected $1.25 from pot
Pokamon06: doesn't show hand 
*** SUMMARY ***
Total pot $1.25 | Rake $0 
Seat 1: Schafblufft (big blind) folded before Flop
Seat 2: luckylukepoo folded before Flop (didn't bet)
Seat 4: C.Roych folded before Flop (didn't bet)
Seat 5: tiltedredman folded before Flop (didn't bet)
Seat 6: Esabot folded before Flop (didn't bet)
Seat 7: Pokamon06 collected ($1.25)
Seat 8: nogutznonutz (button) folded before Flop (didn't bet)
Seat 9: Alameda22 (small blind) folded before Flop



PokerStars Game #20149096009:  Hold'em No Limit ($0.25/$0.50) - 2008/09/04 18:22:50 ET
Table 'Thisbe V' 9-max Seat #9 is the button
Seat 1: Schafblufft ($56.35 in chips) 
Seat 2: luckylukepoo ($47.75 in chips) 
Seat 4: C.Roych ($58.60 in chips) 
Seat 5: tiltedredman ($110 in chips) 
Seat 6: Esabot ($97.10 in chips) 
Seat 7: Pokamon06 ($50.75 in chips) 
Seat 8: nogutznonutz ($40.75 in chips) 
Seat 9: Alameda22 ($52.65 in chips) 
Schafblufft: posts small blind $0.25
luckylukepoo: posts big blind $0.50
Faraon777: sits out 
*** HOLE CARDS ***
Dealt to Alameda22 [Ac 9h]
C.Roych: folds 
tiltedredman: folds 
Esabot: folds 
Pokamon06: folds 
nogutznonutz: raises $1 to $1.50
Alameda22: folds 
Schafblufft: folds 
luckylukepoo: folds 
Uncalled bet ($1) returned to nogutznonutz
nogutznonutz collected $1.25 from pot
nogutznonutz: doesn't show hand 
*** SUMMARY ***
Total pot $1.25 | Rake $0 
Seat 1: Schafblufft (small blind) folded before Flop
Seat 2: luckylukepoo (big blind) folded before Flop
Seat 4: C.Roych folded before Flop (didn't bet)
Seat 5: tiltedredman folded before Flop (didn't bet)
Seat 6: Esabot folded before Flop (didn't bet)
Seat 7: Pokamon06 folded before Flop (didn't bet)
Seat 8: nogutznonutz collected ($1.25)
Seat 9: Alameda22 (button) folded before Flop (didn't bet)



PokerStars Game #20149109198:  Hold'em No Limit ($0.25/$0.50) - 2008/09/04 18:23:25 ET
Table 'Thisbe V' 9-max Seat #1 is the button
Seat 1: Schafblufft ($56.10 in chips) 
Seat 2: luckylukepoo ($47.25 in chips) 
Seat 3: Faraon777 ($50 in chips) 
Seat 4: C.Roych ($58.60 in chips) 
Seat 5: tiltedredman ($110 in chips) 
Seat 6: Esabot ($97.10 in chips) 
Seat 7: Pokamon06 ($50.75 in chips) 
Seat 8: nogutznonutz ($41.50 in chips) 
Seat 9: Alameda22 ($52.65 in chips) 
luckylukepoo: posts small blind $0.25
Faraon777: posts big blind $0.50
*** HOLE CARDS ***
Dealt to Alameda22 [7h 3d]
C.Roych: folds 
tiltedredman: calls $0.50
Esabot: folds 
Pokamon06: folds 
nogutznonutz: folds 
Alameda22: folds 
Schafblufft: folds 
luckylukepoo: folds 
Faraon777: raises $2 to $2.50
tiltedredman: folds 
Uncalled bet ($2) returned to Faraon777
Faraon777 collected $1.25 from pot
Faraon777: doesn't show hand 
*** SUMMARY ***
Total pot $1.25 | Rake $0 
Seat 1: Schafblufft (button) folded before Flop (didn't bet)
Seat 2: luckylukepoo (small blind) folded before Flop
Seat 3: Faraon777 (big blind) collected ($1.25)
Seat 4: C.Roych folded before Flop (didn't bet)
Seat 5: tiltedredman folded before Flop
Seat 6: Esabot folded before Flop (didn't bet)
Seat 7: Pokamon06 folded before Flop (didn't bet)
Seat 8: nogutznonutz folded before Flop (didn't bet)
Seat 9: Alameda22 folded before Flop (didn't bet)



PokerStars Game #20149129244:  Hold'em No Limit ($0.25/$0.50) - 2008/09/04 18:24:18 ET
Table 'Thisbe V' 9-max Seat #2 is the button
Seat 1: Schafblufft ($56.10 in chips) 
Seat 2: luckylukepoo ($47 in chips) 
Seat 3: Faraon777 ($50.75 in chips) 
Seat 4: C.Roych ($58.60 in chips) 
Seat 5: tiltedredman ($109.50 in chips) 
Seat 6: Esabot ($97.10 in chips) 
Seat 7: Pokamon06 ($50.75 in chips) 
Seat 8: nogutznonutz ($41.50 in chips) 
Seat 9: Alameda22 ($52.65 in chips) 
Faraon777: posts small blind $0.25
C.Roych: posts big blind $0.50
*** HOLE CARDS ***
Dealt to Alameda22 [9c Qc]
tiltedredman: folds 
Esabot: folds 
Pokamon06: folds 
nogutznonutz: folds 
Alameda22: folds 
Schafblufft: raises $1.50 to $2
luckylukepoo: folds 
Faraon777: folds 
C.Roych: folds 
Uncalled bet ($1.50) returned to Schafblufft
Schafblufft collected $1.25 from pot
Schafblufft: doesn't show hand 
*** SUMMARY ***
Total pot $1.25 | Rake $0 
Seat 1: Schafblufft collected ($1.25)
Seat 2: luckylukepoo (button) folded before Flop (didn't bet)
Seat 3: Faraon777 (small blind) folded before Flop
Seat 4: C.Roych (big blind) folded before Flop
Seat 5: tiltedredman folded before Flop (didn't bet)
Seat 6: Esabot folded before Flop (didn't bet)
Seat 7: Pokamon06 folded before Flop (didn't bet)
Seat 8: nogutznonutz folded before Flop (didn't bet)
Seat 9: Alameda22 folded before Flop (didn't bet)



PokerStars Game #20149141200:  Hold'em No Limit ($0.25/$0.50) - 2008/09/04 18:24:50 ET
Table 'Thisbe V' 9-max Seat #3 is the button
Seat 1: Schafblufft ($56.85 in chips) 
Seat 2: luckylukepoo ($47 in chips) 
Seat 3: Faraon777 ($50.50 in chips) 
Seat 4: C.Roych ($58.10 in chips) 
Seat 5: tiltedredman ($109.50 in chips) 
Seat 6: Esabot ($97.10 in chips) 
Seat 7: Pokamon06 ($50.75 in chips) 
Seat 8: nogutznonutz ($41.50 in chips) 
Seat 9: Alameda22 ($52.65 in chips) 
C.Roych: posts small blind $0.25
tiltedredman: posts big blind $0.50
*** HOLE CARDS ***
Dealt to Alameda22 [Ad 8d]
Esabot: folds 
Pokamon06: folds 
nogutznonutz: folds 
Alameda22: folds 
Schafblufft: folds 
luckylukepoo: raises $1 to $1.50
Faraon777: folds 
C.Roych: calls $1.25
tiltedredman: folds 
*** FLOP *** [7h 2c Th]
C.Roych: checks 
luckylukepoo: bets $3
C.Roych: raises $3 to $6
luckylukepoo: calls $3
*** TURN *** [7h 2c Th] [6s]
C.Roych: bets $4
luckylukepoo: calls $4
*** RIVER *** [7h 2c Th 6s] [As]
C.Roych: bets $4
luckylukepoo: raises $4 to $8
C.Roych: raises $38.60 to $46.60 and is all-in
luckylukepoo: folds 
Uncalled bet ($38.60) returned to C.Roych
C.Roych collected $37.60 from pot
C.Roych: doesn't show hand 
*** SUMMARY ***
Total pot $39.50 | Rake $1.90 
Board [7h 2c Th 6s As]
Seat 1: Schafblufft folded before Flop (didn't bet)
Seat 2: luckylukepoo folded on the River
Seat 3: Faraon777 (button) folded before Flop (didn't bet)
Seat 4: C.Roych (small blind) collected ($37.60)
Seat 5: tiltedredman (big blind) folded before Flop
Seat 6: Esabot folded before Flop (didn't bet)
Seat 7: Pokamon06 folded before Flop (didn't bet)
Seat 8: nogutznonutz folded before Flop (didn't bet)
Seat 9: Alameda22 folded before Flop (didn't bet)



PokerStars Game #20149175362:  Hold'em No Limit ($0.25/$0.50) - 2008/09/04 18:26:19 ET
Table 'Thisbe V' 9-max Seat #4 is the button
Seat 1: Schafblufft ($56.85 in chips) 
Seat 2: luckylukepoo ($27.50 in chips) 
Seat 3: Faraon777 ($50.50 in chips) 
Seat 4: C.Roych ($76.20 in chips) 
Seat 5: tiltedredman ($109 in chips) 
Seat 6: Esabot ($97.10 in chips) 
Seat 7: Pokamon06 ($50.75 in chips) 
Seat 8: nogutznonutz ($41.50 in chips) 
Seat 9: Alameda22 ($52.65 in chips) 
tiltedredman: posts small blind $0.25
Esabot: posts big blind $0.50
*** HOLE CARDS ***
Dealt to Alameda22 [6h 3h]
Pokamon06: folds 
nogutznonutz: folds 
Alameda22: folds 
Schafblufft: folds 
luckylukepoo: folds 
luckylukepoo is sitting out
luckylukepoo leaves the table
Faraon777: raises $1 to $1.50
C.Roych: folds 
tiltedredman: folds 
Esabot: folds 
Uncalled bet ($1) returned to Faraon777
Faraon777 collected $1.25 from pot
Faraon777: doesn't show hand 
*** SUMMARY ***
Total pot $1.25 | Rake $0 
Seat 1: Schafblufft folded before Flop (didn't bet)
Seat 2: luckylukepoo folded before Flop (didn't bet)
Seat 3: Faraon777 collected ($1.25)
Seat 4: C.Roych (button) folded before Flop (didn't bet)
Seat 5: tiltedredman (small blind) folded before Flop
Seat 6: Esabot (big blind) folded before Flop
Seat 7: Pokamon06 folded before Flop (didn't bet)
Seat 8: nogutznonutz folded before Flop (didn't bet)
Seat 9: Alameda22 folded before Flop (didn't bet)



PokerStars Game #20149192516:  Hold'em No Limit ($0.25/$0.50) - 2008/09/04 18:27:05 ET
Table 'Thisbe V' 9-max Seat #5 is the button
Seat 1: Schafblufft ($56.85 in chips) 
Seat 3: Faraon777 ($51.25 in chips) 
Seat 4: C.Roych ($76.20 in chips) 
Seat 5: tiltedredman ($108.75 in chips) 
Seat 6: Esabot ($96.60 in chips) 
Seat 7: Pokamon06 ($50.75 in chips) 
Seat 8: nogutznonutz ($41.50 in chips) 
Seat 9: Alameda22 ($52.65 in chips) 
Esabot: posts small blind $0.25
Pokamon06: posts big blind $0.50
*** HOLE CARDS ***
Dealt to Alameda22 [8h Qc]
nogutznonutz: calls $0.50
Alameda22: folds 
Schafblufft: raises $2 to $2.50
Faraon777: folds 
C.Roych: folds 
tiltedredman: folds 
Esabot: folds 
Pokamon06: folds 
nogutznonutz: folds 
Uncalled bet ($2) returned to Schafblufft
Schafblufft collected $1.75 from pot
Schafblufft: doesn't show hand 
*** SUMMARY ***
Total pot $1.75 | Rake $0 
Seat 1: Schafblufft collected ($1.75)
Seat 3: Faraon777 folded before Flop (didn't bet)
Seat 4: C.Roych folded before Flop (didn't bet)
Seat 5: tiltedredman (button) folded before Flop (didn't bet)
Seat 6: Esabot (small blind) folded before Flop
Seat 7: Pokamon06 (big blind) folded before Flop
Seat 8: nogutznonutz folded before Flop
Seat 9: Alameda22 folded before Flop (didn't bet)



PokerStars Game #20149203151:  Hold'em No Limit ($0.25/$0.50) - 2008/09/04 18:27:33 ET
Table 'Thisbe V' 9-max Seat #6 is the button
Seat 1: Schafblufft ($58.10 in chips) 
Seat 3: Faraon777 ($51.25 in chips) 
Seat 4: C.Roych ($76.20 in chips) 
Seat 5: tiltedredman ($108.75 in chips) 
Seat 6: Esabot ($96.35 in chips) 
Seat 7: Pokamon06 ($50.25 in chips) 
Seat 8: nogutznonutz ($41 in chips) 
Seat 9: Alameda22 ($52.65 in chips) 
Pokamon06: posts small blind $0.25
nogutznonutz: posts big blind $0.50
*** HOLE CARDS ***
Dealt to Alameda22 [Ad 5d]
Alameda22: folds 
Schafblufft: folds 
Faraon777: folds 
C.Roych: raises $1.50 to $2
lymandogs joins the table at seat #2 
tiltedredman: folds 
Esabot: folds 
Pokamon06: folds 
nogutznonutz: folds 
Uncalled bet ($1.50) returned to C.Roych
C.Roych collected $1.25 from pot
C.Roych: doesn't show hand 
*** SUMMARY ***
Total pot $1.25 | Rake $0 
Seat 1: Schafblufft folded before Flop (didn't bet)
Seat 3: Faraon777 folded before Flop (didn't bet)
Seat 4: C.Roych collected ($1.25)
Seat 5: tiltedredman folded before Flop (didn't bet)
Seat 6: Esabot (button) folded before Flop (didn't bet)
Seat 7: Pokamon06 (small blind) folded before Flop
Seat 8: nogutznonutz (big blind) folded before Flop
Seat 9: Alameda22 folded before Flop (didn't bet)



PokerStars Game #20149219938:  Hold'em No Limit ($0.25/$0.50) - 2008/09/04 18:28:17 ET
Table 'Thisbe V' 9-max Seat #7 is the button
Seat 1: Schafblufft ($58.10 in chips) 
Seat 2: lymandogs ($30 in chips) 
Seat 3: Faraon777 ($51.25 in chips) 
Seat 4: C.Roych ($76.95 in chips) 
Seat 5: tiltedredman ($108.75 in chips) 
Seat 6: Esabot ($96.35 in chips) 
Seat 7: Pokamon06 ($50 in chips) 
Seat 8: nogutznonutz ($40.50 in chips) 
Seat 9: Alameda22 ($52.65 in chips) 
nogutznonutz: posts small blind $0.25
Alameda22: posts big blind $0.50
lymandogs: posts big blind $0.50
*** HOLE CARDS ***
Dealt to Alameda22 [Qh Kc]
Schafblufft: raises $1.50 to $2
lymandogs: folds 
Faraon777: calls $2
C.Roych: folds 
tiltedredman: folds 
Esabot: calls $2
Pokamon06: folds 
nogutznonutz: calls $1.75
Alameda22: folds 
*** FLOP *** [4s 5s Qc]
nogutznonutz: checks 
Schafblufft: checks 
Faraon777: bets $0.50
Esabot: calls $0.50
nogutznonutz: raises $5 to $5.50
Schafblufft: folds 
Faraon777: folds 
Esabot: folds 
Uncalled bet ($5) returned to nogutznonutz
nogutznonutz collected $10 from pot
nogutznonutz: doesn't show hand 
*** SUMMARY ***
Total pot $10.50 | Rake $0.50 
Board [4s 5s Qc]
Seat 1: Schafblufft folded on the Flop
Seat 2: lymandogs folded before Flop
Seat 3: Faraon777 folded on the Flop
Seat 4: C.Roych folded before Flop (didn't bet)
Seat 5: tiltedredman folded before Flop (didn't bet)
Seat 6: Esabot folded on the Flop
Seat 7: Pokamon06 (button) folded before Flop (didn't bet)
Seat 8: nogutznonutz (small blind) collected ($10)
Seat 9: Alameda22 (big blind) folded before Flop



PokerStars Game #20149262006:  Hold'em No Limit ($0.25/$0.50) - 2008/09/04 18:30:09 ET
Table 'Thisbe V' 9-max Seat #8 is the button
Seat 1: Schafblufft ($56.10 in chips) 
Seat 2: lymandogs ($29.50 in chips) 
Seat 3: Faraon777 ($50 in chips) 
Seat 4: C.Roych ($76.95 in chips) 
Seat 5: tiltedredman ($108.75 in chips) 
Seat 6: Esabot ($93.85 in chips) 
Seat 7: Pokamon06 ($50 in chips) 
Seat 8: nogutznonutz ($48 in chips) 
Seat 9: Alameda22 ($52.15 in chips) 
Alameda22: posts small blind $0.25
Schafblufft: posts big blind $0.50
*** HOLE CARDS ***
Dealt to Alameda22 [Js 2d]
lymandogs: folds 
Faraon777: folds 
C.Roych: folds 
tiltedredman: folds 
Esabot: folds 
Pokamon06: folds 
nogutznonutz: folds 
Alameda22: folds 
Uncalled bet ($0.25) returned to Schafblufft
Schafblufft collected $0.50 from pot
Schafblufft: doesn't show hand 
*** SUMMARY ***
Total pot $0.50 | Rake $0 
Seat 1: Schafblufft (big blind) collected ($0.50)
Seat 2: lymandogs folded before Flop (didn't bet)
Seat 3: Faraon777 folded before Flop (didn't bet)
Seat 4: C.Roych folded before Flop (didn't bet)
Seat 5: tiltedredman folded before Flop (didn't bet)
Seat 6: Esabot folded before Flop (didn't bet)
Seat 7: Pokamon06 folded before Flop (didn't bet)
Seat 8: nogutznonutz (button) folded before Flop (didn't bet)
Seat 9: Alameda22 (small blind) folded before Flop



PokerStars Game #20149279655:  Hold'em No Limit ($0.25/$0.50) - 2008/09/04 18:30:56 ET
Table 'Thisbe V' 9-max Seat #9 is the button
Seat 1: Schafblufft ($56.35 in chips) 
Seat 2: lymandogs ($29.50 in chips) 
Seat 3: Faraon777 ($50 in chips) 
Seat 4: C.Roych ($76.95 in chips) 
Seat 5: tiltedredman ($108.75 in chips) 
Seat 6: Esabot ($93.85 in chips) 
Seat 7: Pokamon06 ($50 in chips) 
Seat 8: nogutznonutz ($48 in chips) 
Seat 9: Alameda22 ($51.90 in chips) 
Schafblufft: posts small blind $0.25
lymandogs: posts big blind $0.50
*** HOLE CARDS ***
Dealt to Alameda22 [4h 8c]
Faraon777: folds 
C.Roych: calls $0.50
tiltedredman: folds 
tiltedredman leaves the table
Esabot: folds 
Pokamon06: folds 
nogutznonutz: folds 
Alameda22: folds 
Schafblufft: folds 
lymandogs: checks 
*** FLOP *** [9s 7d 5h]
lymandogs: checks 
C.Roych: checks 
*** TURN *** [9s 7d 5h] [Ah]
lymandogs: checks 
C.Roych: checks 
*** RIVER *** [9s 7d 5h Ah] [Qc]
lymandogs: checks 
C.Roych: bets $1
lymandogs: folds 
Uncalled bet ($1) returned to C.Roych
C.Roych collected $1.20 from pot
C.Roych: doesn't show hand 
*** SUMMARY ***
Total pot $1.25 | Rake $0.05 
Board [9s 7d 5h Ah Qc]
Seat 1: Schafblufft (small blind) folded before Flop
Seat 2: lymandogs (big blind) folded on the River
Seat 3: Faraon777 folded before Flop (didn't bet)
Seat 4: C.Roych collected ($1.20)
Seat 5: tiltedredman folded before Flop (didn't bet)
Seat 6: Esabot folded before Flop (didn't bet)
Seat 7: Pokamon06 folded before Flop (didn't bet)
Seat 8: nogutznonutz folded before Flop (didn't bet)
Seat 9: Alameda22 (button) folded before Flop (didn't bet)



PokerStars Game #20149312921:  Hold'em No Limit ($0.25/$0.50) - 2008/09/04 18:32:26 ET
Table 'Thisbe V' 9-max Seat #1 is the button
Seat 1: Schafblufft ($56.10 in chips) 
Seat 2: lymandogs ($29 in chips) 
Seat 3: Faraon777 ($50 in chips) 
Seat 4: C.Roych ($77.65 in chips) 
Seat 6: Esabot ($93.85 in chips) 
Seat 7: Pokamon06 ($50 in chips) 
Seat 8: nogutznonutz ($48 in chips) 
Seat 9: Alameda22 ($51.90 in chips) 
lymandogs: posts small blind $0.25
Faraon777: posts big blind $0.50
*** HOLE CARDS ***
Dealt to Alameda22 [Kc 5c]
kloost joins the table at seat #5 
C.Roych: folds 
Esabot: folds 
Pokamon06: folds 
nogutznonutz: folds 
Alameda22: folds 
Schafblufft: folds 
lymandogs: calls $0.25
Faraon777: checks 
*** FLOP *** [2d 8h Tc]
lymandogs: checks 
Faraon777: checks 
*** TURN *** [2d 8h Tc] [Kh]
lymandogs: checks 
Faraon777: bets $1
lymandogs: folds 
Uncalled bet ($1) returned to Faraon777
Faraon777 collected $0.95 from pot
Faraon777: doesn't show hand 
*** SUMMARY ***
Total pot $1 | Rake $0.05 
Board [2d 8h Tc Kh]
Seat 1: Schafblufft (button) folded before Flop (didn't bet)
Seat 2: lymandogs (small blind) folded on the Turn
Seat 3: Faraon777 (big blind) collected ($0.95)
Seat 4: C.Roych folded before Flop (didn't bet)
Seat 6: Esabot folded before Flop (didn't bet)
Seat 7: Pokamon06 folded before Flop (didn't bet)
Seat 8: nogutznonutz folded before Flop (didn't bet)
Seat 9: Alameda22 folded before Flop (didn't bet)



PokerStars Game #20149332655:  Hold'em No Limit ($0.25/$0.50) - 2008/09/04 18:33:19 ET
Table 'Thisbe V' 9-max Seat #2 is the button
Seat 1: Schafblufft ($56.10 in chips) 
Seat 2: lymandogs ($28.50 in chips) 
Seat 3: Faraon777 ($50.45 in chips) 
Seat 4: C.Roych ($77.65 in chips) 
Seat 5: kloost ($30 in chips) 
Seat 6: Esabot ($93.85 in chips) 
Seat 7: Pokamon06 ($50 in chips) 
Seat 8: nogutznonutz ($48 in chips) 
Seat 9: Alameda22 ($51.90 in chips) 
Faraon777: posts small blind $0.25
C.Roych: posts big blind $0.50
kloost: posts big blind $0.50
*** HOLE CARDS ***
Dealt to Alameda22 [5h 6s]
kloost: checks 
Esabot: folds 
Pokamon06: folds 
nogutznonutz: folds 
Alameda22: folds 
Schafblufft: folds 
lymandogs: folds 
Faraon777: folds 
C.Roych: checks 
*** FLOP *** [Kd 6h Jd]
C.Roych: checks 
kloost: checks 
*** TURN *** [Kd 6h Jd] [Jh]
C.Roych: checks 
kloost: checks 
*** RIVER *** [Kd 6h Jd Jh] [9c]
C.Roych: checks 
kloost: bets $0.50
C.Roych: calls $0.50
*** SHOW DOWN ***
kloost: shows [8d 3d] (a pair of Jacks)
C.Roych: shows [Tc 4c] (a pair of Jacks - King+Ten kicker)
C.Roych collected $2.15 from pot
*** SUMMARY ***
Total pot $2.25 | Rake $0.10 
Board [Kd 6h Jd Jh 9c]
Seat 1: Schafblufft folded before Flop (didn't bet)
Seat 2: lymandogs (button) folded before Flop (didn't bet)
Seat 3: Faraon777 (small blind) folded before Flop
Seat 4: C.Roych (big blind) showed [Tc 4c] and won ($2.15) with a pair of Jacks
Seat 5: kloost showed [8d 3d] and lost with a pair of Jacks
Seat 6: Esabot folded before Flop (didn't bet)
Seat 7: Pokamon06 folded before Flop (didn't bet)
Seat 8: nogutznonutz folded before Flop (didn't bet)
Seat 9: Alameda22 folded before Flop (didn't bet)



PokerStars Game #20149354345:  Hold'em No Limit ($0.25/$0.50) - 2008/09/04 18:34:18 ET
Table 'Thisbe V' 9-max Seat #3 is the button
Seat 1: Schafblufft ($56.10 in chips) 
Seat 2: lymandogs ($28.50 in chips) 
Seat 3: Faraon777 ($50.20 in chips) 
Seat 4: C.Roych ($78.80 in chips) 
Seat 5: kloost ($29 in chips) 
Seat 6: Esabot ($93.85 in chips) 
Seat 7: Pokamon06 ($50 in chips) 
Seat 8: nogutznonutz ($48 in chips) 
Seat 9: Alameda22 ($51.90 in chips) 
C.Roych: posts small blind $0.25
kloost: posts big blind $0.50
*** HOLE CARDS ***
Dealt to Alameda22 [Ah 7s]
Esabot: folds 
Pokamon06: folds 
nogutznonutz: folds 
Alameda22: folds 
Schafblufft: folds 
lymandogs: folds 
Faraon777: folds 
C.Roych: raises $0.50 to $1
kloost: calls $0.50
*** FLOP *** [9d 4h 3c]
C.Roych: checks 
kloost: bets $0.50
C.Roych: calls $0.50
*** TURN *** [9d 4h 3c] [Ts]
C.Roych: checks 
kloost: checks 
*** RIVER *** [9d 4h 3c Ts] [Th]
C.Roych: checks 
kloost: checks 
*** SHOW DOWN ***
C.Roych: shows [Jh Ks] (a pair of Tens)
kloost: shows [8c Ac] (a pair of Tens - Ace kicker)
kloost collected $2.90 from pot
*** SUMMARY ***
Total pot $3 | Rake $0.10 
Board [9d 4h 3c Ts Th]
Seat 1: Schafblufft folded before Flop (didn't bet)
Seat 2: lymandogs folded before Flop (didn't bet)
Seat 3: Faraon777 (button) folded before Flop (didn't bet)
Seat 4: C.Roych (small blind) showed [Jh Ks] and lost with a pair of Tens
Seat 5: kloost (big blind) showed [8c Ac] and won ($2.90) with a pair of Tens
Seat 6: Esabot folded before Flop (didn't bet)
Seat 7: Pokamon06 folded before Flop (didn't bet)
Seat 8: nogutznonutz folded before Flop (didn't bet)
Seat 9: Alameda22 folded before Flop (didn't bet)



PokerStars Game #20149375568:  Hold'em No Limit ($0.25/$0.50) - 2008/09/04 18:35:15 ET
Table 'Thisbe V' 9-max Seat #4 is the button
Seat 1: Schafblufft ($56.10 in chips) 
Seat 2: lymandogs ($28.50 in chips) 
Seat 3: Faraon777 ($50.20 in chips) 
Seat 4: C.Roych ($77.30 in chips) 
Seat 5: kloost ($30.40 in chips) 
Seat 6: Esabot ($93.85 in chips) 
Seat 7: Pokamon06 ($50 in chips) 
Seat 8: nogutznonutz ($48 in chips) 
Seat 9: Alameda22 ($51.90 in chips) 
kloost: posts small blind $0.25
Esabot: posts big blind $0.50
*** HOLE CARDS ***
Dealt to Alameda22 [Jh 8h]
Pokamon06: raises $1 to $1.50
nogutznonutz: folds 
Alameda22: folds 
Schafblufft: raises $3 to $4.50
lymandogs: folds 
Faraon777: folds 
C.Roych: folds 
kloost: folds 
Esabot: folds 
Pokamon06: folds 
Uncalled bet ($3) returned to Schafblufft
Schafblufft collected $3.75 from pot
Schafblufft: doesn't show hand 
*** SUMMARY ***
Total pot $3.75 | Rake $0 
Seat 1: Schafblufft collected ($3.75)
Seat 2: lymandogs folded before Flop (didn't bet)
Seat 3: Faraon777 folded before Flop (didn't bet)
Seat 4: C.Roych (button) folded before Flop (didn't bet)
Seat 5: kloost (small blind) folded before Flop
Seat 6: Esabot (big blind) folded before Flop
Seat 7: Pokamon06 folded before Flop
Seat 8: nogutznonutz folded before Flop (didn't bet)
Seat 9: Alameda22 folded before Flop (didn't bet)



PokerStars Game #20149389065:  Hold'em No Limit ($0.25/$0.50) - 2008/09/04 18:35:51 ET
Table 'Thisbe V' 9-max Seat #5 is the button
Seat 1: Schafblufft ($58.35 in chips) 
Seat 2: lymandogs ($28.50 in chips) 
Seat 3: Faraon777 ($50.20 in chips) 
Seat 4: C.Roych ($77.30 in chips) 
Seat 5: kloost ($30.15 in chips) 
Seat 6: Esabot ($93.35 in chips) 
Seat 7: Pokamon06 ($48.50 in chips) 
Seat 8: nogutznonutz ($48 in chips) 
Seat 9: Alameda22 ($51.90 in chips) 
Esabot: posts small blind $0.25
Pokamon06: posts big blind $0.50
*** HOLE CARDS ***
Dealt to Alameda22 [Td 4h]
nogutznonutz: folds 
Alameda22: folds 
Schafblufft: folds 
lymandogs: raises $0.50 to $1
Faraon777: calls $1
C.Roych: folds 
kloost: folds 
Esabot: folds 
Pokamon06: folds 
*** FLOP *** [2c 9c Kc]
lymandogs: bets $2
Faraon777: folds 
Uncalled bet ($2) returned to lymandogs
lymandogs collected $2.65 from pot
lymandogs: doesn't show hand 
*** SUMMARY ***
Total pot $2.75 | Rake $0.10 
Board [2c 9c Kc]
Seat 1: Schafblufft folded before Flop (didn't bet)
Seat 2: lymandogs collected ($2.65)
Seat 3: Faraon777 folded on the Flop
Seat 4: C.Roych folded before Flop (didn't bet)
Seat 5: kloost (button) folded before Flop (didn't bet)
Seat 6: Esabot (small blind) folded before Flop
Seat 7: Pokamon06 (big blind) folded before Flop
Seat 8: nogutznonutz folded before Flop (didn't bet)
Seat 9: Alameda22 folded before Flop (didn't bet)



PokerStars Game #20149408887:  Hold'em No Limit ($0.25/$0.50) - 2008/09/04 18:36:45 ET
Table 'Thisbe V' 9-max Seat #6 is the button
Seat 1: Schafblufft ($58.35 in chips) 
Seat 2: lymandogs ($30.15 in chips) 
Seat 3: Faraon777 ($50 in chips) 
Seat 4: C.Roych ($77.30 in chips) 
Seat 5: kloost ($30.15 in chips) 
Seat 6: Esabot ($93.10 in chips) 
Seat 7: Pokamon06 ($48 in chips) 
Seat 8: nogutznonutz ($48 in chips) 
Seat 9: Alameda22 ($51.90 in chips) 
Pokamon06: posts small blind $0.25
nogutznonutz: posts big blind $0.50
*** HOLE CARDS ***
Dealt to Alameda22 [Qh 9s]
Alameda22: folds 
Schafblufft: folds 
lymandogs: folds 
Faraon777: folds 
C.Roych: folds 
kloost: folds 
Esabot: folds 
Pokamon06: folds 
Uncalled bet ($0.25) returned to nogutznonutz
nogutznonutz collected $0.50 from pot
nogutznonutz: doesn't show hand 
*** SUMMARY ***
Total pot $0.50 | Rake $0 
Seat 1: Schafblufft folded before Flop (didn't bet)
Seat 2: lymandogs folded before Flop (didn't bet)
Seat 3: Faraon777 folded before Flop (didn't bet)
Seat 4: C.Roych folded before Flop (didn't bet)
Seat 5: kloost folded before Flop (didn't bet)
Seat 6: Esabot (button) folded before Flop (didn't bet)
Seat 7: Pokamon06 (small blind) folded before Flop
Seat 8: nogutznonutz (big blind) collected ($0.50)
Seat 9: Alameda22 folded before Flop (didn't bet)



PokerStars Game #20149419484:  Hold'em No Limit ($0.25/$0.50) - 2008/09/04 18:37:13 ET
Table 'Thisbe V' 9-max Seat #7 is the button
Seat 1: Schafblufft ($58.35 in chips) 
Seat 2: lymandogs ($30.15 in chips) 
Seat 3: Faraon777 ($50 in chips) 
Seat 4: C.Roych ($77.30 in chips) 
Seat 5: kloost ($30.15 in chips) 
Seat 6: Esabot ($93.10 in chips) 
Seat 7: Pokamon06 ($47.75 in chips) 
Seat 8: nogutznonutz ($48.25 in chips) 
Seat 9: Alameda22 ($51.90 in chips) 
nogutznonutz: posts small blind $0.25
Alameda22: posts big blind $0.50
*** HOLE CARDS ***
Dealt to Alameda22 [3h Jc]
Schafblufft: folds 
lymandogs: calls $0.50
Faraon777: folds 
C.Roych: folds 
kloost: calls $0.50
Esabot: folds 
Pokamon06: folds 
nogutznonutz: folds 
Alameda22: checks 
*** FLOP *** [9c Qd 3d]
Alameda22: checks 
lymandogs: checks 
kloost: checks 
*** TURN *** [9c Qd 3d] [Qc]
Alameda22: checks 
lymandogs: checks 
kloost: checks 
*** RIVER *** [9c Qd 3d Qc] [5d]
Alameda22: checks 
lymandogs: bets $0.50
kloost: folds 
Alameda22: folds 
Uncalled bet ($0.50) returned to lymandogs
lymandogs collected $1.70 from pot
lymandogs: doesn't show hand 
*** SUMMARY ***
Total pot $1.75 | Rake $0.05 
Board [9c Qd 3d Qc 5d]
Seat 1: Schafblufft folded before Flop (didn't bet)
Seat 2: lymandogs collected ($1.70)
Seat 3: Faraon777 folded before Flop (didn't bet)
Seat 4: C.Roych folded before Flop (didn't bet)
Seat 5: kloost folded on the River
Seat 6: Esabot folded before Flop (didn't bet)
Seat 7: Pokamon06 (button) folded before Flop (didn't bet)
Seat 8: nogutznonutz (small blind) folded before Flop
Seat 9: Alameda22 (big blind) folded on the River



PokerStars Game #20149449787:  Hold'em No Limit ($0.25/$0.50) - 2008/09/04 18:38:34 ET
Table 'Thisbe V' 9-max Seat #8 is the button
Seat 1: Schafblufft ($58.35 in chips) 
Seat 2: lymandogs ($31.35 in chips) 
Seat 3: Faraon777 ($50 in chips) 
Seat 4: C.Roych ($77.30 in chips) 
Seat 5: kloost ($29.65 in chips) 
Seat 6: Esabot ($93.10 in chips) 
Seat 7: Pokamon06 ($47.75 in chips) 
Seat 8: nogutznonutz ($48 in chips) 
Seat 9: Alameda22 ($51.40 in chips) 
Alameda22: posts small blind $0.25
Schafblufft: posts big blind $0.50
*** HOLE CARDS ***
Dealt to Alameda22 [Qc Ah]
lymandogs: folds 
Faraon777: folds 
C.Roych: folds 
kloost: calls $0.50
Esabot: folds 
Pokamon06: calls $0.50
nogutznonutz: folds 
Alameda22: raises $2.50 to $3
Schafblufft: folds 
kloost: folds 
Pokamon06: folds 
Uncalled bet ($2.50) returned to Alameda22
Alameda22 collected $2 from pot
Alameda22: doesn't show hand 
*** SUMMARY ***
Total pot $2 | Rake $0 
Seat 1: Schafblufft (big blind) folded before Flop
Seat 2: lymandogs folded before Flop (didn't bet)
Seat 3: Faraon777 folded before Flop (didn't bet)
Seat 4: C.Roych folded before Flop (didn't bet)
Seat 5: kloost folded before Flop
Seat 6: Esabot folded before Flop (didn't bet)
Seat 7: Pokamon06 folded before Flop
Seat 8: nogutznonutz (button) folded before Flop (didn't bet)
Seat 9: Alameda22 (small blind) collected ($2)



PokerStars Game #20149467345:  Hold'em No Limit ($0.25/$0.50) - 2008/09/04 18:39:20 ET
Table 'Thisbe V' 9-max Seat #9 is the button
Seat 1: Schafblufft ($57.85 in chips) 
Seat 2: lymandogs ($31.35 in chips) 
Seat 3: Faraon777 ($50 in chips) 
Seat 4: C.Roych ($77.30 in chips) 
Seat 5: kloost ($29.15 in chips) 
Seat 6: Esabot ($93.10 in chips) 
Seat 7: Pokamon06 ($47.25 in chips) 
Seat 8: nogutznonutz ($48 in chips) 
Seat 9: Alameda22 ($52.90 in chips) 
Schafblufft: posts small blind $0.25
lymandogs: posts big blind $0.50
*** HOLE CARDS ***
Dealt to Alameda22 [Jd 2h]
Faraon777: folds 
C.Roych: raises $1.50 to $2
kloost: folds 
Esabot: folds 
Pokamon06: folds 
nogutznonutz: folds 
Alameda22: folds 
Schafblufft: folds 
lymandogs: folds 
Uncalled bet ($1.50) returned to C.Roych
C.Roych collected $1.25 from pot
C.Roych: doesn't show hand 
*** SUMMARY ***
Total pot $1.25 | Rake $0 
Seat 1: Schafblufft (small blind) folded before Flop
Seat 2: lymandogs (big blind) folded before Flop
Seat 3: Faraon777 folded before Flop (didn't bet)
Seat 4: C.Roych collected ($1.25)
Seat 5: kloost folded before Flop (didn't bet)
Seat 6: Esabot folded before Flop (didn't bet)
Seat 7: Pokamon06 folded before Flop (didn't bet)
Seat 8: nogutznonutz folded before Flop (didn't bet)
Seat 9: Alameda22 (button) folded before Flop (didn't bet)



PokerStars Game #20149492208:  Hold'em No Limit ($0.25/$0.50) - 2008/09/04 18:40:27 ET
Table 'Thisbe V' 9-max Seat #1 is the button
Seat 1: Schafblufft ($57.60 in chips) 
Seat 2: lymandogs ($30.85 in chips) 
Seat 3: Faraon777 ($50 in chips) 
Seat 4: C.Roych ($78.05 in chips) 
Seat 5: kloost ($29.15 in chips) 
Seat 6: Esabot ($93.10 in chips) 
Seat 7: Pokamon06 ($47.25 in chips) 
Seat 8: nogutznonutz ($48 in chips) 
Seat 9: Alameda22 ($52.90 in chips) 
lymandogs: posts small blind $0.25
Faraon777: posts big blind $0.50
*** HOLE CARDS ***
Dealt to Alameda22 [3c As]
C.Roych: raises $1.50 to $2
kloost: folds 
Esabot: raises $4 to $6
Pokamon06: folds 
nogutznonutz: folds 
Alameda22: folds 
Schafblufft: folds 
lymandogs: folds 
Faraon777: folds 
C.Roych: calls $4
*** FLOP *** [6c Tc 4s]
C.Roych: checks 
Esabot: bets $7
C.Roych: folds 
Uncalled bet ($7) returned to Esabot
Esabot collected $12.15 from pot
Esabot: doesn't show hand 
*** SUMMARY ***
Total pot $12.75 | Rake $0.60 
Board [6c Tc 4s]
Seat 1: Schafblufft (button) folded before Flop (didn't bet)
Seat 2: lymandogs (small blind) folded before Flop
Seat 3: Faraon777 (big blind) folded before Flop
Seat 4: C.Roych folded on the Flop
Seat 5: kloost folded before Flop (didn't bet)
Seat 6: Esabot collected ($12.15)
Seat 7: Pokamon06 folded before Flop (didn't bet)
Seat 8: nogutznonutz folded before Flop (didn't bet)
Seat 9: Alameda22 folded before Flop (didn't bet)



PokerStars Game #20149509347:  Hold'em No Limit ($0.25/$0.50) - 2008/09/04 18:41:14 ET
Table 'Thisbe V' 9-max Seat #2 is the button
Seat 1: Schafblufft ($57.60 in chips) 
Seat 2: lymandogs ($30.60 in chips) 
Seat 3: Faraon777 ($50 in chips) 
Seat 4: C.Roych ($72.05 in chips) 
Seat 5: kloost ($29.15 in chips) 
Seat 6: Esabot ($99.25 in chips) 
Seat 7: Pokamon06 ($47.25 in chips) 
Seat 8: nogutznonutz ($48 in chips) 
Seat 9: Alameda22 ($52.90 in chips) 
Faraon777: posts small blind $0.25
C.Roych: posts big blind $0.50
*** HOLE CARDS ***
Dealt to Alameda22 [9d 8c]
kloost: calls $0.50
Esabot: folds 
Pokamon06: folds 
nogutznonutz: folds 
Alameda22: folds 
Schafblufft: raises $2 to $2.50
lymandogs: folds 
Faraon777: raises $5.50 to $8
C.Roych: folds 
kloost: folds 
Schafblufft: calls $5.50
*** FLOP *** [Js 2d 4d]
C.Roych leaves the table
Faraon777: bets $10
Schafblufft: calls $10
*** TURN *** [Js 2d 4d] [5h]
Faraon777: checks 
Schafblufft: bets $13
Faraon777: folds 
Uncalled bet ($13) returned to Schafblufft
Schafblufft collected $35.20 from pot
Schafblufft: doesn't show hand 
*** SUMMARY ***
Total pot $37 | Rake $1.80 
Board [Js 2d 4d 5h]
Seat 1: Schafblufft collected ($35.20)
Seat 2: lymandogs (button) folded before Flop (didn't bet)
Seat 3: Faraon777 (small blind) folded on the Turn
Seat 4: C.Roych (big blind) folded before Flop
Seat 5: kloost folded before Flop
Seat 6: Esabot folded before Flop (didn't bet)
Seat 7: Pokamon06 folded before Flop (didn't bet)
Seat 8: nogutznonutz folded before Flop (didn't bet)
Seat 9: Alameda22 folded before Flop (didn't bet)



PokerStars Game #20149534491:  Hold'em No Limit ($0.25/$0.50) - 2008/09/04 18:42:22 ET
Table 'Thisbe V' 9-max Seat #3 is the button
Seat 1: Schafblufft ($74.80 in chips) 
Seat 2: lymandogs ($30.60 in chips) 
Seat 3: Faraon777 ($50 in chips) 
Seat 5: kloost ($28.65 in chips) 
Seat 6: Esabot ($99.25 in chips) 
Seat 7: Pokamon06 ($47.25 in chips) 
Seat 8: nogutznonutz ($48 in chips) 
Seat 9: Alameda22 ($52.90 in chips) 
kloost: posts small blind $0.25
Esabot: posts big blind $0.50
*** HOLE CARDS ***
Dealt to Alameda22 [7d 2s]
Pokamon06: folds 
nogutznonutz: folds 
Alameda22: folds 
Schafblufft: folds 
lymandogs: calls $0.50
Faraon777: folds 
kloost: calls $0.25
Esabot: checks 
*** FLOP *** [Qc 5d 8c]
kloost: checks 
Esabot: checks 
lymandogs: bets $0.50
kloost: folds 
Esabot: folds 
Uncalled bet ($0.50) returned to lymandogs
lymandogs collected $1.45 from pot
lymandogs: doesn't show hand 
*** SUMMARY ***
Total pot $1.50 | Rake $0.05 
Board [Qc 5d 8c]
Seat 1: Schafblufft folded before Flop (didn't bet)
Seat 2: lymandogs collected ($1.45)
Seat 3: Faraon777 (button) folded before Flop (didn't bet)
Seat 5: kloost (small blind) folded on the Flop
Seat 6: Esabot (big blind) folded on the Flop
Seat 7: Pokamon06 folded before Flop (didn't bet)
Seat 8: nogutznonutz folded before Flop (didn't bet)
Seat 9: Alameda22 folded before Flop (didn't bet)



PokerStars Game #20149547220:  Hold'em No Limit ($0.25/$0.50) - 2008/09/04 18:42:56 ET
Table 'Thisbe V' 9-max Seat #5 is the button
Seat 1: Schafblufft ($74.80 in chips) 
Seat 2: lymandogs ($31.55 in chips) 
Seat 3: Faraon777 ($50 in chips) 
Seat 5: kloost ($28.15 in chips) 
Seat 6: Esabot ($98.75 in chips) 
Seat 7: Pokamon06 ($47.25 in chips) 
Seat 8: nogutznonutz ($48 in chips) 
Seat 9: Alameda22 ($52.90 in chips) 
Esabot: posts small blind $0.25
Pokamon06: posts big blind $0.50
*** HOLE CARDS ***
Dealt to Alameda22 [6h Ts]
nogutznonutz: calls $0.50
Alameda22: folds 
Schafblufft: raises $2 to $2.50
lymandogs: folds 
Faraon777: folds 
kloost: folds 
Esabot: folds 
Pokamon06: folds 
nogutznonutz: calls $2
*** FLOP *** [5s 8d As]
nogutznonutz: checks 
Schafblufft: bets $3
nogutznonutz: folds 
Uncalled bet ($3) returned to Schafblufft
Schafblufft collected $5.50 from pot
Schafblufft: doesn't show hand 
*** SUMMARY ***
Total pot $5.75 | Rake $0.25 
Board [5s 8d As]
Seat 1: Schafblufft collected ($5.50)
Seat 2: lymandogs folded before Flop (didn't bet)
Seat 3: Faraon777 folded before Flop (didn't bet)
Seat 5: kloost (button) folded before Flop (didn't bet)
Seat 6: Esabot (small blind) folded before Flop
Seat 7: Pokamon06 (big blind) folded before Flop
Seat 8: nogutznonutz folded on the Flop
Seat 9: Alameda22 folded before Flop (didn't bet)



PokerStars Game #20149562458:  Hold'em No Limit ($0.25/$0.50) - 2008/09/04 18:43:38 ET
Table 'Thisbe V' 9-max Seat #6 is the button
Seat 1: Schafblufft ($77.80 in chips) 
Seat 2: lymandogs ($31.55 in chips) 
Seat 3: Faraon777 ($50 in chips) 
Seat 5: kloost ($28.15 in chips) 
Seat 6: Esabot ($98.50 in chips) 
Seat 7: Pokamon06 ($46.75 in chips) 
Seat 8: nogutznonutz ($45.50 in chips) 
Seat 9: Alameda22 ($52.90 in chips) 
Pokamon06: posts small blind $0.25
nogutznonutz: posts big blind $0.50
*** HOLE CARDS ***
Dealt to Alameda22 [4h Tc]
Alameda22: folds 
Schafblufft: folds 
lymandogs: calls $0.50
Faraon777: folds 
kloost: folds 
Esabot: folds 
Pokamon06: folds 
nogutznonutz: checks 
*** FLOP *** [Ad 7d Kc]
nogutznonutz: checks 
lymandogs: bets $1
nogutznonutz: calls $1
*** TURN *** [Ad 7d Kc] [9h]
nogutznonutz: checks 
lymandogs: bets $1
nogutznonutz: calls $1
*** RIVER *** [Ad 7d Kc 9h] [5h]
nogutznonutz: checks 
lymandogs: bets $1
nogutznonutz: folds 
Uncalled bet ($1) returned to lymandogs
lymandogs collected $5 from pot
lymandogs: doesn't show hand 
*** SUMMARY ***
Total pot $5.25 | Rake $0.25 
Board [Ad 7d Kc 9h 5h]
Seat 1: Schafblufft folded before Flop (didn't bet)
Seat 2: lymandogs collected ($5)
Seat 3: Faraon777 folded before Flop (didn't bet)
Seat 5: kloost folded before Flop (didn't bet)
Seat 6: Esabot (button) folded before Flop (didn't bet)
Seat 7: Pokamon06 (small blind) folded before Flop
Seat 8: nogutznonutz (big blind) folded on the River
Seat 9: Alameda22 folded before Flop (didn't bet)



PokerStars Game #20149596380:  Hold'em No Limit ($0.25/$0.50) - 2008/09/04 18:45:10 ET
Table 'Thisbe V' 9-max Seat #7 is the button
Seat 1: Schafblufft ($77.80 in chips) 
Seat 2: lymandogs ($34.05 in chips) 
Seat 3: Faraon777 ($50 in chips) 
Seat 5: kloost ($28.15 in chips) 
Seat 6: Esabot ($98.50 in chips) 
Seat 7: Pokamon06 ($46.50 in chips) 
Seat 8: nogutznonutz ($43 in chips) 
Seat 9: Alameda22 ($52.90 in chips) 
nogutznonutz: posts small blind $0.25
Alameda22: posts big blind $0.50
*** HOLE CARDS ***
Dealt to Alameda22 [Qd 7d]
Schafblufft: folds 
lymandogs: folds 
Faraon777: folds 
kloost: raises $0.50 to $1
Esabot: folds 
Pokamon06: folds 
nogutznonutz: folds 
Alameda22: folds 
Uncalled bet ($0.50) returned to kloost
kloost collected $1.25 from pot
kloost: doesn't show hand 
*** SUMMARY ***
Total pot $1.25 | Rake $0 
Seat 1: Schafblufft folded before Flop (didn't bet)
Seat 2: lymandogs folded before Flop (didn't bet)
Seat 3: Faraon777 folded before Flop (didn't bet)
Seat 5: kloost collected ($1.25)
Seat 6: Esabot folded before Flop (didn't bet)
Seat 7: Pokamon06 (button) folded before Flop (didn't bet)
Seat 8: nogutznonutz (small blind) folded before Flop
Seat 9: Alameda22 (big blind) folded before Flop



PokerStars Game #20149618296:  Hold'em No Limit ($0.25/$0.50) - 2008/09/04 18:46:10 ET
Table 'Thisbe V' 9-max Seat #8 is the button
Seat 2: lymandogs ($34.05 in chips) 
Seat 3: Faraon777 ($50 in chips) 
Seat 5: kloost ($28.90 in chips) 
Seat 6: Esabot ($98.50 in chips) 
Seat 7: Pokamon06 ($46.50 in chips) 
Seat 8: nogutznonutz ($42.75 in chips) 
Seat 9: Alameda22 ($52.40 in chips) 
Alameda22: posts small blind $0.25
Schafblufft: is sitting out 
lymandogs: posts big blind $0.50
*** HOLE CARDS ***
Dealt to Alameda22 [Td 6s]
Schafblufft leaves the table
Faraon777: folds 
kloost: raises $0.50 to $1
Esabot: folds 
Pokamon06: folds 
nogutznonutz: folds 
Alameda22: folds 
lymandogs: folds 
Uncalled bet ($0.50) returned to kloost
kloost collected $1.25 from pot
*** SUMMARY ***
Total pot $1.25 | Rake $0 
Seat 2: lymandogs (big blind) folded before Flop
Seat 3: Faraon777 folded before Flop (didn't bet)
Seat 5: kloost collected ($1.25)
Seat 6: Esabot folded before Flop (didn't bet)
Seat 7: Pokamon06 folded before Flop (didn't bet)
Seat 8: nogutznonutz (button) folded before Flop (didn't bet)
Seat 9: Alameda22 (small blind) folded before Flop



PokerStars Game #20149627403:  Hold'em No Limit ($0.25/$0.50) - 2008/09/04 18:46:35 ET
Table 'Thisbe V' 9-max Seat #9 is the button
Seat 2: lymandogs ($33.55 in chips) 
Seat 3: Faraon777 ($50 in chips) 
Seat 5: kloost ($29.65 in chips) 
Seat 6: Esabot ($98.50 in chips) 
Seat 7: Pokamon06 ($46.50 in chips) 
Seat 8: nogutznonutz ($42.75 in chips) 
Seat 9: Alameda22 ($52.15 in chips) 
lymandogs: posts small blind $0.25
Faraon777: posts big blind $0.50
*** HOLE CARDS ***
Dealt to Alameda22 [2h Kc]
kloost: folds 
Esabot: folds 
Pokamon06: folds 
nogutznonutz: folds 
Alameda22: folds 
lymandogs: calls $0.25
Faraon777: checks 
*** FLOP *** [Kh 9h Th]
lymandogs: checks 
Faraon777: checks 
*** TURN *** [Kh 9h Th] [Ad]
lymandogs: checks 
Faraon777: checks 
*** RIVER *** [Kh 9h Th Ad] [Jh]
lymandogs: checks 
Faraon777: bets $49.50 and is all-in
lymandogs: folds 
Uncalled bet ($49.50) returned to Faraon777
Faraon777 collected $0.95 from pot
Faraon777: doesn't show hand 
*** SUMMARY ***
Total pot $1 | Rake $0.05 
Board [Kh 9h Th Ad Jh]
Seat 2: lymandogs (small blind) folded on the River
Seat 3: Faraon777 (big blind) collected ($0.95)
Seat 5: kloost folded before Flop (didn't bet)
Seat 6: Esabot folded before Flop (didn't bet)
Seat 7: Pokamon06 folded before Flop (didn't bet)
Seat 8: nogutznonutz folded before Flop (didn't bet)
Seat 9: Alameda22 (button) folded before Flop (didn't bet)



PokerStars Game #20149648833:  Hold'em No Limit ($0.25/$0.50) - 2008/09/04 18:47:33 ET
Table 'Thisbe V' 9-max Seat #2 is the button
Seat 2: lymandogs ($33.05 in chips) 
Seat 3: Faraon777 ($50.45 in chips) 
Seat 5: kloost ($29.65 in chips) 
Seat 6: Esabot ($98.50 in chips) 
Seat 7: Pokamon06 ($46.50 in chips) 
Seat 8: nogutznonutz ($42.75 in chips) 
Seat 9: Alameda22 ($52.15 in chips) 
Faraon777: posts small blind $0.25
kloost: posts big blind $0.50
*** HOLE CARDS ***
Dealt to Alameda22 [Qh 6h]
Esabot: folds 
Pokamon06: folds 
nogutznonutz: folds 
Alameda22: folds 
lymandogs: calls $0.50
Faraon777: folds 
kloost: checks 
*** FLOP *** [5d Js Jh]
kloost: checks 
lymandogs: bets $1
kloost: calls $1
*** TURN *** [5d Js Jh] [9c]
kloost: checks 
lymandogs: bets $2
kloost: calls $2
*** RIVER *** [5d Js Jh 9c] [5s]
kloost: bets $2
lymandogs: calls $2
*** SHOW DOWN ***
kloost: shows [Jd 2d] (a full house, Jacks full of Fives)
lymandogs: mucks hand 
kloost collected $10.75 from pot
*** SUMMARY ***
Total pot $11.25 | Rake $0.50 
Board [5d Js Jh 9c 5s]
Seat 2: lymandogs (button) mucked [9s As]
Seat 3: Faraon777 (small blind) folded before Flop
Seat 5: kloost (big blind) showed [Jd 2d] and won ($10.75) with a full house, Jacks full of Fives
Seat 6: Esabot folded before Flop (didn't bet)
Seat 7: Pokamon06 folded before Flop (didn't bet)
Seat 8: nogutznonutz folded before Flop (didn't bet)
Seat 9: Alameda22 folded before Flop (didn't bet)



PokerStars Game #20149673115:  Hold'em No Limit ($0.25/$0.50) - 2008/09/04 18:48:38 ET
Table 'Thisbe V' 9-max Seat #3 is the button
Seat 2: lymandogs ($27.55 in chips) 
Seat 3: Faraon777 ($50.20 in chips) 
Seat 5: kloost ($34.90 in chips) 
Seat 6: Esabot ($98.50 in chips) 
Seat 7: Pokamon06 ($46.50 in chips) 
Seat 8: nogutznonutz ($42.75 in chips) 
Seat 9: Alameda22 ($52.15 in chips) 
kloost: posts small blind $0.25
Esabot: posts big blind $0.50
*** HOLE CARDS ***
Dealt to Alameda22 [2c 5h]
Pokamon06: folds 
nogutznonutz: folds 
Alameda22: folds 
lymandogs: calls $0.50
Faraon777: folds 
kloost: calls $0.25
Esabot: checks 
*** FLOP *** [3d Jd 4d]
kloost: bets $0.50
Esabot: raises $1.50 to $2
lymandogs: folds 
kloost: folds 
Uncalled bet ($1.50) returned to Esabot
Esabot collected $2.40 from pot
Esabot: doesn't show hand 
*** SUMMARY ***
Total pot $2.50 | Rake $0.10 
Board [3d Jd 4d]
Seat 2: lymandogs folded on the Flop
Seat 3: Faraon777 (button) folded before Flop (didn't bet)
Seat 5: kloost (small blind) folded on the Flop
Seat 6: Esabot (big blind) collected ($2.40)
Seat 7: Pokamon06 folded before Flop (didn't bet)
Seat 8: nogutznonutz folded before Flop (didn't bet)
Seat 9: Alameda22 folded before Flop (didn't bet)



PokerStars Game #20149693835:  Hold'em No Limit ($0.25/$0.50) - 2008/09/04 18:49:35 ET
Table 'Thisbe V' 9-max Seat #5 is the button
Seat 2: lymandogs ($27.05 in chips) 
Seat 3: Faraon777 ($50.20 in chips) 
Seat 5: kloost ($33.90 in chips) 
Seat 6: Esabot ($99.90 in chips) 
Seat 7: Pokamon06 ($46.50 in chips) 
Seat 8: nogutznonutz ($42.75 in chips) 
Seat 9: Alameda22 ($52.15 in chips) 
Esabot: posts small blind $0.25
Pokamon06: posts big blind $0.50
*** HOLE CARDS ***
Dealt to Alameda22 [4s Js]
nogutznonutz: folds 
nogutznonutz leaves the table
Alameda22: folds 
lymandogs: folds 
Faraon777: folds 
kloost: folds 
Esabot: raises $1 to $1.50
Pokamon06: folds 
Uncalled bet ($1) returned to Esabot
Esabot collected $1 from pot
*** SUMMARY ***
Total pot $1 | Rake $0 
Seat 2: lymandogs folded before Flop (didn't bet)
Seat 3: Faraon777 folded before Flop (didn't bet)
Seat 5: kloost (button) folded before Flop (didn't bet)
Seat 6: Esabot (small blind) collected ($1)
Seat 7: Pokamon06 (big blind) folded before Flop
Seat 8: nogutznonutz folded before Flop (didn't bet)
Seat 9: Alameda22 folded before Flop (didn't bet)



PokerStars Game #20149702705:  Hold'em No Limit ($0.25/$0.50) - 2008/09/04 18:49:59 ET
Table 'Thisbe V' 9-max Seat #6 is the button
Seat 2: lymandogs ($27.05 in chips) 
Seat 3: Faraon777 ($50.20 in chips) 
Seat 5: kloost ($33.90 in chips) 
Seat 6: Esabot ($100.40 in chips) 
Seat 7: Pokamon06 ($46 in chips) 
Seat 9: Alameda22 ($52.15 in chips) 
Pokamon06: posts small blind $0.25
Alameda22: posts big blind $0.50
*** HOLE CARDS ***
Dealt to Alameda22 [8h 6d]
lymandogs: folds 
Faraon777: folds 
kloost: raises $0.50 to $1
Esabot: calls $1
Pokamon06: folds 
Alameda22: folds 
*** FLOP *** [Qd As Jh]
kloost: bets $0.50
Esabot: folds 
Uncalled bet ($0.50) returned to kloost
kloost collected $2.65 from pot
kloost: doesn't show hand 
*** SUMMARY ***
Total pot $2.75 | Rake $0.10 
Board [Qd As Jh]
Seat 2: lymandogs folded before Flop (didn't bet)
Seat 3: Faraon777 folded before Flop (didn't bet)
Seat 5: kloost collected ($2.65)
Seat 6: Esabot (button) folded on the Flop
Seat 7: Pokamon06 (small blind) folded before Flop
Seat 9: Alameda22 (big blind) folded before Flop



PokerStars Game #20149716475:  Hold'em No Limit ($0.25/$0.50) - 2008/09/04 18:50:37 ET
Table 'Thisbe V' 9-max Seat #7 is the button
Seat 5: kloost ($35.55 in chips) 
Seat 6: Esabot ($99.40 in chips) 
Seat 7: Pokamon06 ($45.75 in chips) 
Seat 9: Alameda22 ($51.65 in chips) 
Alameda22: posts small blind $0.25
lymandogs: is sitting out 
lymandogs leaves the table
Faraon777: is sitting out 
Faraon777 leaves the table
kloost: posts big blind $0.50
*** HOLE CARDS ***
Dealt to Alameda22 [Jc Th]
Esabot: folds 
Pokamon06: raises $1 to $1.50
Esabot is sitting out
Alameda22: folds 
kloost: folds 
Uncalled bet ($1) returned to Pokamon06
Pokamon06 collected $1.25 from pot
Pokamon06: doesn't show hand 
*** SUMMARY ***
Total pot $1.25 | Rake $0 
Seat 5: kloost (big blind) folded before Flop
Seat 6: Esabot folded before Flop (didn't bet)
Seat 7: Pokamon06 (button) collected ($1.25)
Seat 9: Alameda22 (small blind) folded before Flop



PokerStars Game #20149731125:  Hold'em No Limit ($0.25/$0.50) - 2008/09/04 18:51:17 ET
Table 'Thisbe V' 9-max Seat #5 is the button
Seat 5: kloost ($35.05 in chips) 
Seat 9: Alameda22 ($51.40 in chips) 
kloost: posts small blind $0.25
Pokamon06: is sitting out 
Pokamon06 leaves the table
Alameda22: posts big blind $0.50
*** HOLE CARDS ***
Dealt to Alameda22 [Jh 9c]
kloost: calls $0.25
Alameda22: checks 
*** FLOP *** [Ac 3h Ts]
Alameda22: checks 
kloost: checks 
*** TURN *** [Ac 3h Ts] [4h]
Alameda22: checks 
kloost: checks 
*** RIVER *** [Ac 3h Ts 4h] [Qs]
Alameda22: checks 
kloost: checks 
*** SHOW DOWN ***
Alameda22: shows [Jh 9c] (high card Ace)
kloost: mucks hand 
Alameda22 collected $0.95 from pot
*** SUMMARY ***
Total pot $1 | Rake $0.05 
Board [Ac 3h Ts 4h Qs]
Seat 5: kloost (button) (small blind) mucked [6d Jc]
Seat 9: Alameda22 (big blind) showed [Jh 9c] and won ($0.95) with high card Ace



