PokerStars Game #20101750381:  Hold'em No Limit ($0.10/$0.25) - 2008/09/02 19:39:20 ET
Table 'Ounas' 9-max Seat #4 is the button
Seat 1: Briguy588 ($15 in chips) 
Seat 2: Alameda22 ($25 in chips) 
Seat 4: dbuetr ($37.40 in chips) 
Seat 5: xzibit152 ($23.75 in chips) 
Seat 6: noob4lifeto ($16.90 in chips) 
Seat 7: OhFour04 ($3.85 in chips) 
Seat 8: msna ($29.50 in chips) 
Seat 9: violla ($29.85 in chips) 
xzibit152: posts small blind $0.10
noob4lifeto: posts big blind $0.25
Briguy588: posts big blind $0.25
OhFour04 said, "z"
OhFour04 said, "z"
OhFour04 said, "z"
OhFour04 said, "z"
Alameda22: posts big blind $0.25
*** HOLE CARDS ***
Dealt to Alameda22 [4d 7h]
OhFour04 said, "c;mon"
OhFour04: raises $3.60 to $3.85 and is all-in
msna: folds 
violla: folds 
Briguy588: folds 
Alameda22: folds 
dbuetr: calls $3.85
xzibit152: calls $3.75
noob4lifeto: folds 
*** FLOP *** [Kd 2d Js]
xzibit152: checks 
dbuetr: checks 
*** TURN *** [Kd 2d Js] [5s]
xzibit152: bets $2
dbuetr: calls $2
*** RIVER *** [Kd 2d Js 5s] [5c]
xzibit152: bets $4
dbuetr: folds 
Uncalled bet ($4) returned to xzibit152
*** SHOW DOWN ***
xzibit152: shows [Qc Kh] (two pair, Kings and Fives)
xzibit152 collected $3.85 from side pot
OhFour04: shows [Kc Ac] (two pair, Kings and Fives - Ace kicker)
OhFour04 collected $11.70 from main pot
*** SUMMARY ***
Total pot $16.30 Main pot $11.70. Side pot $3.85. | Rake $0.75 
Board [Kd 2d Js 5s 5c]
Seat 1: Briguy588 folded before Flop
Seat 2: Alameda22 folded before Flop
Seat 4: dbuetr (button) folded on the River
Seat 5: xzibit152 (small blind) showed [Qc Kh] and won ($3.85) with two pair, Kings and Fives
Seat 6: noob4lifeto (big blind) folded before Flop
Seat 7: OhFour04 showed [Kc Ac] and won ($11.70) with two pair, Kings and Fives
Seat 8: msna folded before Flop (didn't bet)
Seat 9: violla folded before Flop (didn't bet)



PokerStars Game #20101782396:  Hold'em No Limit ($0.10/$0.25) - 2008/09/02 19:40:46 ET
Table 'Ounas' 9-max Seat #5 is the button
Seat 1: Briguy588 ($14.75 in chips) 
Seat 2: Alameda22 ($24.75 in chips) 
Seat 4: dbuetr ($31.55 in chips) 
Seat 5: xzibit152 ($21.75 in chips) 
Seat 6: noob4lifeto ($16.65 in chips) 
Seat 7: OhFour04 ($11.70 in chips) 
Seat 8: msna ($29.50 in chips) 
Seat 9: violla ($29.85 in chips) 
noob4lifeto: posts small blind $0.10
OhFour04: posts big blind $0.25
*** HOLE CARDS ***
Dealt to Alameda22 [3h Kc]
msna: raises $0.75 to $1
violla: folds 
Briguy588: folds 
Alameda22: folds 
dbuetr: folds 
xzibit152: folds 
noob4lifeto: folds 
OhFour04: calls $0.75
*** FLOP *** [Td 5s 7h]
OhFour04: checks 
msna: bets $1.50
OhFour04: calls $1.50
*** TURN *** [Td 5s 7h] [6h]
OhFour04: checks 
msna: bets $4.50
OhFour04: calls $4.50
*** RIVER *** [Td 5s 7h 6h] [9s]
OhFour04: checks 
msna: bets $22.50 and is all-in
OhFour04: calls $4.70 and is all-in
Uncalled bet ($17.80) returned to msna
*** SHOW DOWN ***
msna: shows [5c 5d] (three of a kind, Fives)
OhFour04: mucks hand 
OhFour04 leaves the table
msna collected $22.40 from pot
*** SUMMARY ***
Total pot $23.50 | Rake $1.10 
Board [Td 5s 7h 6h 9s]
Seat 1: Briguy588 folded before Flop (didn't bet)
Seat 2: Alameda22 folded before Flop (didn't bet)
Seat 4: dbuetr folded before Flop (didn't bet)
Seat 5: xzibit152 (button) folded before Flop (didn't bet)
Seat 6: noob4lifeto (small blind) folded before Flop
Seat 7: OhFour04 (big blind) mucked [Th 2s]
Seat 8: msna showed [5c 5d] and won ($22.40) with three of a kind, Fives
Seat 9: violla folded before Flop (didn't bet)



PokerStars Game #20101803117:  Hold'em No Limit ($0.10/$0.25) - 2008/09/02 19:41:42 ET
Table 'Ounas' 9-max Seat #6 is the button
Seat 1: Briguy588 ($14.75 in chips) 
Seat 2: Alameda22 ($24.75 in chips) 
Seat 4: dbuetr ($31.55 in chips) 
Seat 5: xzibit152 ($21.75 in chips) 
Seat 6: noob4lifeto ($16.55 in chips) 
Seat 8: msna ($40.20 in chips) 
Seat 9: violla ($29.85 in chips) 
msna: posts small blind $0.10
violla: posts big blind $0.25
*** HOLE CARDS ***
Dealt to Alameda22 [As 8h]
Briguy588: folds 
wezvidzz joins the table at seat #7 
Alameda22: folds 
dbuetr: calls $0.25
xzibit152: folds 
noob4lifeto: folds 
msna: folds 
violla: checks 
*** FLOP *** [4c 2d 4s]
violla: checks 
dbuetr: checks 
*** TURN *** [4c 2d 4s] [3s]
violla: checks 
dbuetr: checks 
*** RIVER *** [4c 2d 4s 3s] [Jc]
violla: checks 
dbuetr: checks 
*** SHOW DOWN ***
violla: shows [9c 6h] (a pair of Fours)
dbuetr: shows [Tc Qc] (a pair of Fours - Queen kicker)
dbuetr collected $0.60 from pot
*** SUMMARY ***
Total pot $0.60 | Rake $0 
Board [4c 2d 4s 3s Jc]
Seat 1: Briguy588 folded before Flop (didn't bet)
Seat 2: Alameda22 folded before Flop (didn't bet)
Seat 4: dbuetr showed [Tc Qc] and won ($0.60) with a pair of Fours
Seat 5: xzibit152 folded before Flop (didn't bet)
Seat 6: noob4lifeto (button) folded before Flop (didn't bet)
Seat 8: msna (small blind) folded before Flop
Seat 9: violla (big blind) showed [9c 6h] and lost with a pair of Fours



PokerStars Game #20101820576:  Hold'em No Limit ($0.10/$0.25) - 2008/09/02 19:42:29 ET
Table 'Ounas' 9-max Seat #8 is the button
Seat 1: Briguy588 ($14.75 in chips) 
Seat 2: Alameda22 ($24.75 in chips) 
Seat 4: dbuetr ($31.90 in chips) 
Seat 5: xzibit152 ($21.75 in chips) 
Seat 6: noob4lifeto ($16.55 in chips) 
Seat 8: msna ($40.10 in chips) 
Seat 9: violla ($29.60 in chips) 
violla: posts small blind $0.10
Briguy588: posts big blind $0.25
wezvidzz: sits out 
*** HOLE CARDS ***
Dealt to Alameda22 [Jh Ad]
Alameda22: folds 
dbuetr: folds 
xzibit152: folds 
noob4lifeto: folds 
msna: folds 
violla: folds 
Uncalled bet ($0.15) returned to Briguy588
Briguy588 collected $0.20 from pot
Briguy588: doesn't show hand 
*** SUMMARY ***
Total pot $0.20 | Rake $0 
Seat 1: Briguy588 (big blind) collected ($0.20)
Seat 2: Alameda22 folded before Flop (didn't bet)
Seat 4: dbuetr folded before Flop (didn't bet)
Seat 5: xzibit152 folded before Flop (didn't bet)
Seat 6: noob4lifeto folded before Flop (didn't bet)
Seat 8: msna (button) folded before Flop (didn't bet)
Seat 9: violla (small blind) folded before Flop



PokerStars Game #20101833270:  Hold'em No Limit ($0.10/$0.25) - 2008/09/02 19:43:04 ET
Table 'Ounas' 9-max Seat #9 is the button
Seat 1: Briguy588 ($14.85 in chips) 
Seat 2: Alameda22 ($24.75 in chips) 
Seat 4: dbuetr ($31.90 in chips) 
Seat 5: xzibit152 ($21.75 in chips) 
Seat 6: noob4lifeto ($16.55 in chips) 
Seat 8: msna ($40.10 in chips) 
Seat 9: violla ($29.50 in chips) 
Briguy588: posts small blind $0.10
Alameda22: posts big blind $0.25
wezvidzz: sits out 
*** HOLE CARDS ***
Dealt to Alameda22 [Kd 9s]
dbuetr: folds 
xzibit152: raises $1 to $1.25
noob4lifeto: folds 
msna: folds 
violla: folds 
Briguy588: folds 
Alameda22: folds 
Uncalled bet ($1) returned to xzibit152
xzibit152 collected $0.60 from pot
xzibit152: doesn't show hand 
*** SUMMARY ***
Total pot $0.60 | Rake $0 
Seat 1: Briguy588 (small blind) folded before Flop
Seat 2: Alameda22 (big blind) folded before Flop
Seat 4: dbuetr folded before Flop (didn't bet)
Seat 5: xzibit152 collected ($0.60)
Seat 6: noob4lifeto folded before Flop (didn't bet)
Seat 8: msna folded before Flop (didn't bet)
Seat 9: violla (button) folded before Flop (didn't bet)



PokerStars Game #20101842990:  Hold'em No Limit ($0.10/$0.25) - 2008/09/02 19:43:30 ET
Table 'Ounas' 9-max Seat #1 is the button
Seat 1: Briguy588 ($14.75 in chips) 
Seat 2: Alameda22 ($24.50 in chips) 
Seat 4: dbuetr ($31.90 in chips) 
Seat 5: xzibit152 ($22.10 in chips) 
Seat 6: noob4lifeto ($16.55 in chips) 
Seat 8: msna ($40.10 in chips) 
Seat 9: violla ($29.50 in chips) 
Alameda22: posts small blind $0.10
dbuetr: posts big blind $0.25
wezvidzz: sits out 
*** HOLE CARDS ***
Dealt to Alameda22 [Ts 3c]
xzibit152: folds 
noob4lifeto: folds 
msna: folds 
violla: calls $0.25
Briguy588: folds 
Alameda22: folds 
dbuetr: checks 
*** FLOP *** [7d 2s 4s]
dbuetr: bets $0.25
violla: calls $0.25
*** TURN *** [7d 2s 4s] [Ah]
dbuetr: bets $0.25
violla: raises $0.25 to $0.50
dbuetr: raises $0.25 to $0.75
violla: calls $0.25
*** RIVER *** [7d 2s 4s Ah] [5d]
dbuetr: checks 
violla: checks 
*** SHOW DOWN ***
dbuetr: shows [5s As] (two pair, Aces and Fives)
violla: mucks hand 
dbuetr collected $2.50 from pot
*** SUMMARY ***
Total pot $2.60 | Rake $0.10 
Board [7d 2s 4s Ah 5d]
Seat 1: Briguy588 (button) folded before Flop (didn't bet)
Seat 2: Alameda22 (small blind) folded before Flop
Seat 4: dbuetr (big blind) showed [5s As] and won ($2.50) with two pair, Aces and Fives
Seat 5: xzibit152 folded before Flop (didn't bet)
Seat 6: noob4lifeto folded before Flop (didn't bet)
Seat 8: msna folded before Flop (didn't bet)
Seat 9: violla mucked [6d 7c]



PokerStars Game #20101867069:  Hold'em No Limit ($0.10/$0.25) - 2008/09/02 19:44:36 ET
Table 'Ounas' 9-max Seat #2 is the button
Seat 1: Briguy588 ($14.75 in chips) 
Seat 2: Alameda22 ($24.40 in chips) 
Seat 4: dbuetr ($33.15 in chips) 
Seat 5: xzibit152 ($22.10 in chips) 
Seat 6: noob4lifeto ($16.55 in chips) 
Seat 8: msna ($40.10 in chips) 
Seat 9: violla ($28.25 in chips) 
dbuetr: posts small blind $0.10
xzibit152: posts big blind $0.25
wezvidzz: sits out 
*** HOLE CARDS ***
Dealt to Alameda22 [Tc 7c]
noob4lifeto: raises $0.75 to $1
msna: folds 
violla: calls $1
Briguy588: folds 
Alameda22: folds 
dbuetr: raises $1.50 to $2.50
xzibit152: folds 
noob4lifeto: calls $1.50
violla: calls $1.50
*** FLOP *** [Ks 2c Kc]
dbuetr: checks 
noob4lifeto: bets $14.05 and is all-in
violla: folds 
dbuetr: calls $14.05
*** TURN *** [Ks 2c Kc] [5c]
*** RIVER *** [Ks 2c Kc 5c] [5s]
*** SHOW DOWN ***
dbuetr: shows [Kh Js] (a full house, Kings full of Fives)
noob4lifeto: mucks hand 
dbuetr collected $34.10 from pot
*** SUMMARY ***
Total pot $35.85 | Rake $1.75 
Board [Ks 2c Kc 5c 5s]
Seat 1: Briguy588 folded before Flop (didn't bet)
Seat 2: Alameda22 (button) folded before Flop (didn't bet)
Seat 4: dbuetr (small blind) showed [Kh Js] and won ($34.10) with a full house, Kings full of Fives
Seat 5: xzibit152 (big blind) folded before Flop
Seat 6: noob4lifeto mucked [7d 7h]
Seat 8: msna folded before Flop (didn't bet)
Seat 9: violla folded on the Flop



PokerStars Game #20101905632:  Hold'em No Limit ($0.10/$0.25) - 2008/09/02 19:46:21 ET
Table 'Ounas' 9-max Seat #4 is the button
Seat 1: Briguy588 ($14.75 in chips) 
Seat 2: Alameda22 ($24.40 in chips) 
Seat 4: dbuetr ($50.70 in chips) 
Seat 5: xzibit152 ($21.85 in chips) 
Seat 6: noob4lifeto ($15 in chips) 
Seat 8: msna ($40.10 in chips) 
Seat 9: violla ($25.75 in chips) 
xzibit152: posts small blind $0.10
noob4lifeto: posts big blind $0.25
wezvidzz: sits out 
*** HOLE CARDS ***
Dealt to Alameda22 [6c Qs]
msna: folds 
violla: folds 
Briguy588: folds 
Alameda22: folds 
dbuetr: folds 
xzibit152: folds 
Uncalled bet ($0.15) returned to noob4lifeto
noob4lifeto collected $0.20 from pot
*** SUMMARY ***
Total pot $0.20 | Rake $0 
Seat 1: Briguy588 folded before Flop (didn't bet)
Seat 2: Alameda22 folded before Flop (didn't bet)
Seat 4: dbuetr (button) folded before Flop (didn't bet)
Seat 5: xzibit152 (small blind) folded before Flop
Seat 6: noob4lifeto (big blind) collected ($0.20)
Seat 8: msna folded before Flop (didn't bet)
Seat 9: violla folded before Flop (didn't bet)



PokerStars Game #20101918942:  Hold'em No Limit ($0.10/$0.25) - 2008/09/02 19:47:00 ET
Table 'Ounas' 9-max Seat #5 is the button
Seat 1: Briguy588 ($14.75 in chips) 
Seat 2: Alameda22 ($24.40 in chips) 
Seat 4: dbuetr ($50.70 in chips) 
Seat 5: xzibit152 ($21.75 in chips) 
Seat 6: noob4lifeto ($15.10 in chips) 
Seat 7: wezvidzz ($12 in chips) 
Seat 8: msna ($40.10 in chips) 
Seat 9: violla ($25.75 in chips) 
noob4lifeto: posts small blind $0.10
wezvidzz: posts big blind $0.25
*** HOLE CARDS ***
Dealt to Alameda22 [Ac Qd]
msna: folds 
violla: calls $0.25
Briguy588: calls $0.25
Alameda22: raises $1.25 to $1.50
dbuetr: calls $1.50
xzibit152: folds 
noob4lifeto: folds 
wezvidzz: folds 
violla: calls $1.25
Briguy588: folds 
*** FLOP *** [6h 7d 2h]
violla: checks 
Alameda22: checks 
dbuetr: checks 
*** TURN *** [6h 7d 2h] [Kc]
violla: checks 
Alameda22: checks 
dbuetr: bets $2.75
violla: calls $2.75
Alameda22: folds 
*** RIVER *** [6h 7d 2h Kc] [6c]
violla: checks 
dbuetr: checks 
*** SHOW DOWN ***
violla: shows [8h 9s] (a pair of Sixes)
dbuetr: shows [Jh Kd] (two pair, Kings and Sixes)
dbuetr collected $10.10 from pot
*** SUMMARY ***
Total pot $10.60 | Rake $0.50 
Board [6h 7d 2h Kc 6c]
Seat 1: Briguy588 folded before Flop
Seat 2: Alameda22 folded on the Turn
Seat 4: dbuetr showed [Jh Kd] and won ($10.10) with two pair, Kings and Sixes
Seat 5: xzibit152 (button) folded before Flop (didn't bet)
Seat 6: noob4lifeto (small blind) folded before Flop
Seat 7: wezvidzz (big blind) folded before Flop
Seat 8: msna folded before Flop (didn't bet)
Seat 9: violla showed [8h 9s] and lost with a pair of Sixes



PokerStars Game #20101961454:  Hold'em No Limit ($0.10/$0.25) - 2008/09/02 19:48:56 ET
Table 'Ounas' 9-max Seat #6 is the button
Seat 1: Briguy588 ($14.50 in chips) 
Seat 2: Alameda22 ($22.90 in chips) 
Seat 4: dbuetr ($56.55 in chips) 
Seat 5: xzibit152 ($21.75 in chips) 
Seat 6: noob4lifeto ($15 in chips) 
Seat 7: wezvidzz ($11.75 in chips) 
Seat 8: msna ($40.10 in chips) 
Seat 9: violla ($21.50 in chips) 
wezvidzz: posts small blind $0.10
msna: posts big blind $0.25
*** HOLE CARDS ***
Dealt to Alameda22 [2h Kd]
violla: raises $1.25 to $1.50
Briguy588: calls $1.50
Alameda22: folds 
dbuetr: folds 
xzibit152: calls $1.50
noob4lifeto: folds 
wezvidzz: folds 
msna: folds 
*** FLOP *** [8h 6s Qc]
violla: checks 
Briguy588: checks 
xzibit152: checks 
*** TURN *** [8h 6s Qc] [Tc]
violla: bets $4
Briguy588: folds 
xzibit152: folds 
Uncalled bet ($4) returned to violla
violla collected $4.65 from pot
violla: doesn't show hand 
*** SUMMARY ***
Total pot $4.85 | Rake $0.20 
Board [8h 6s Qc Tc]
Seat 1: Briguy588 folded on the Turn
Seat 2: Alameda22 folded before Flop (didn't bet)
Seat 4: dbuetr folded before Flop (didn't bet)
Seat 5: xzibit152 folded on the Turn
Seat 6: noob4lifeto (button) folded before Flop (didn't bet)
Seat 7: wezvidzz (small blind) folded before Flop
Seat 8: msna (big blind) folded before Flop
Seat 9: violla collected ($4.65)



PokerStars Game #20101988509:  Hold'em No Limit ($0.10/$0.25) - 2008/09/02 19:50:10 ET
Table 'Ounas' 9-max Seat #7 is the button
Seat 1: Briguy588 ($13 in chips) 
Seat 2: Alameda22 ($22.90 in chips) 
Seat 4: dbuetr ($56.55 in chips) 
Seat 5: xzibit152 ($20.25 in chips) 
Seat 6: noob4lifeto ($15 in chips) 
Seat 7: wezvidzz ($11.65 in chips) 
Seat 8: msna ($39.85 in chips) 
Seat 9: violla ($24.65 in chips) 
msna: posts small blind $0.10
violla: posts big blind $0.25
*** HOLE CARDS ***
Dealt to Alameda22 [3d Jd]
Briguy588: folds 
Alameda22: folds 
dbuetr: folds 
xzibit152: folds 
noob4lifeto: folds 
wezvidzz: folds 
msna: folds 
Uncalled bet ($0.15) returned to violla
violla collected $0.20 from pot
violla: doesn't show hand 
*** SUMMARY ***
Total pot $0.20 | Rake $0 
Seat 1: Briguy588 folded before Flop (didn't bet)
Seat 2: Alameda22 folded before Flop (didn't bet)
Seat 4: dbuetr folded before Flop (didn't bet)
Seat 5: xzibit152 folded before Flop (didn't bet)
Seat 6: noob4lifeto folded before Flop (didn't bet)
Seat 7: wezvidzz (button) folded before Flop (didn't bet)
Seat 8: msna (small blind) folded before Flop
Seat 9: violla (big blind) collected ($0.20)



PokerStars Game #20102011286:  Hold'em No Limit ($0.10/$0.25) - 2008/09/02 19:51:14 ET
Table 'Ounas' 9-max Seat #8 is the button
Seat 1: Briguy588 ($13 in chips) 
Seat 2: Alameda22 ($22.90 in chips) 
Seat 4: dbuetr ($56.55 in chips) 
Seat 5: xzibit152 ($20.25 in chips) 
Seat 6: noob4lifeto ($15 in chips) 
Seat 7: wezvidzz ($11.65 in chips) 
Seat 8: msna ($39.75 in chips) 
Seat 9: violla ($24.75 in chips) 
violla: posts small blind $0.10
Briguy588: posts big blind $0.25
*** HOLE CARDS ***
Dealt to Alameda22 [2h 6s]
Alameda22: folds 
dbuetr has timed out
dbuetr: folds 
dbuetr is sitting out
xzibit152: raises $1.50 to $1.75
noob4lifeto: folds 
wezvidzz: folds 
msna: folds 
dbuetr has returned
violla: folds 
Briguy588: folds 
Uncalled bet ($1.50) returned to xzibit152
xzibit152 collected $0.60 from pot
xzibit152: doesn't show hand 
*** SUMMARY ***
Total pot $0.60 | Rake $0 
Seat 1: Briguy588 (big blind) folded before Flop
Seat 2: Alameda22 folded before Flop (didn't bet)
Seat 4: dbuetr folded before Flop (didn't bet)
Seat 5: xzibit152 collected ($0.60)
Seat 6: noob4lifeto folded before Flop (didn't bet)
Seat 7: wezvidzz folded before Flop (didn't bet)
Seat 8: msna (button) folded before Flop (didn't bet)
Seat 9: violla (small blind) folded before Flop



PokerStars Game #20102037491:  Hold'em No Limit ($0.10/$0.25) - 2008/09/02 19:52:26 ET
Table 'Ounas' 9-max Seat #9 is the button
Seat 1: Briguy588 ($12.75 in chips) 
Seat 2: Alameda22 ($22.90 in chips) 
Seat 4: dbuetr ($56.55 in chips) 
Seat 5: xzibit152 ($20.60 in chips) 
Seat 6: noob4lifeto ($15 in chips) 
Seat 7: wezvidzz ($11.65 in chips) 
Seat 8: msna ($39.75 in chips) 
Seat 9: violla ($24.65 in chips) 
Briguy588: posts small blind $0.10
Alameda22: posts big blind $0.25
*** HOLE CARDS ***
Dealt to Alameda22 [Ah Kc]
dbuetr: calls $0.25
xzibit152: raises $0.75 to $1
noob4lifeto: folds 
wezvidzz: folds 
msna: folds 
violla: folds 
Briguy588: folds 
Alameda22: calls $0.75
dbuetr: folds 
*** FLOP *** [5h Qd 8d]
Alameda22: bets $1.50
xzibit152: folds 
Uncalled bet ($1.50) returned to Alameda22
Alameda22 collected $2.25 from pot
Alameda22: doesn't show hand 
*** SUMMARY ***
Total pot $2.35 | Rake $0.10 
Board [5h Qd 8d]
Seat 1: Briguy588 (small blind) folded before Flop
Seat 2: Alameda22 (big blind) collected ($2.25)
Seat 4: dbuetr folded before Flop
Seat 5: xzibit152 folded on the Flop
Seat 6: noob4lifeto folded before Flop (didn't bet)
Seat 7: wezvidzz folded before Flop (didn't bet)
Seat 8: msna folded before Flop (didn't bet)
Seat 9: violla (button) folded before Flop (didn't bet)



PokerStars Game #20102063899:  Hold'em No Limit ($0.10/$0.25) - 2008/09/02 19:53:39 ET
Table 'Ounas' 9-max Seat #1 is the button
Seat 1: Briguy588 ($12.65 in chips) 
Seat 2: Alameda22 ($24.15 in chips) 
Seat 4: dbuetr ($56.30 in chips) 
Seat 5: xzibit152 ($19.60 in chips) 
Seat 6: noob4lifeto ($15 in chips) 
Seat 7: wezvidzz ($11.65 in chips) 
Seat 8: msna ($39.75 in chips) 
Seat 9: violla ($24.65 in chips) 
Alameda22: posts small blind $0.10
dbuetr: posts big blind $0.25
*** HOLE CARDS ***
Dealt to Alameda22 [6s Js]
xzibit152: folds 
noob4lifeto: folds 
wezvidzz: folds 
msna: folds 
violla: folds 
Briguy588: folds 
Alameda22: folds 
Uncalled bet ($0.15) returned to dbuetr
dbuetr collected $0.20 from pot
*** SUMMARY ***
Total pot $0.20 | Rake $0 
Seat 1: Briguy588 (button) folded before Flop (didn't bet)
Seat 2: Alameda22 (small blind) folded before Flop
Seat 4: dbuetr (big blind) collected ($0.20)
Seat 5: xzibit152 folded before Flop (didn't bet)
Seat 6: noob4lifeto folded before Flop (didn't bet)
Seat 7: wezvidzz folded before Flop (didn't bet)
Seat 8: msna folded before Flop (didn't bet)
Seat 9: violla folded before Flop (didn't bet)



PokerStars Game #20102075017:  Hold'em No Limit ($0.10/$0.25) - 2008/09/02 19:54:09 ET
Table 'Ounas' 9-max Seat #2 is the button
Seat 1: Briguy588 ($12.65 in chips) 
Seat 2: Alameda22 ($24.05 in chips) 
Seat 4: dbuetr ($56.40 in chips) 
Seat 5: xzibit152 ($19.60 in chips) 
Seat 6: noob4lifeto ($15 in chips) 
Seat 7: wezvidzz ($11.65 in chips) 
Seat 8: msna ($39.75 in chips) 
Seat 9: violla ($24.65 in chips) 
dbuetr: posts small blind $0.10
xzibit152: posts big blind $0.25
*** HOLE CARDS ***
Dealt to Alameda22 [Ah 3c]
noob4lifeto: folds 
wezvidzz: folds 
msna: folds 
violla: folds 
Briguy588: folds 
Alameda22: folds 
dbuetr: folds 
Uncalled bet ($0.15) returned to xzibit152
xzibit152 collected $0.20 from pot
xzibit152: doesn't show hand 
*** SUMMARY ***
Total pot $0.20 | Rake $0 
Seat 1: Briguy588 folded before Flop (didn't bet)
Seat 2: Alameda22 (button) folded before Flop (didn't bet)
Seat 4: dbuetr (small blind) folded before Flop
Seat 5: xzibit152 (big blind) collected ($0.20)
Seat 6: noob4lifeto folded before Flop (didn't bet)
Seat 7: wezvidzz folded before Flop (didn't bet)
Seat 8: msna folded before Flop (didn't bet)
Seat 9: violla folded before Flop (didn't bet)



PokerStars Game #20102086181:  Hold'em No Limit ($0.10/$0.25) - 2008/09/02 19:54:40 ET
Table 'Ounas' 9-max Seat #4 is the button
Seat 1: Briguy588 ($12.65 in chips) 
Seat 2: Alameda22 ($24.05 in chips) 
Seat 4: dbuetr ($56.30 in chips) 
Seat 5: xzibit152 ($19.70 in chips) 
Seat 6: noob4lifeto ($15 in chips) 
Seat 7: wezvidzz ($11.65 in chips) 
Seat 8: msna ($39.75 in chips) 
Seat 9: violla ($24.65 in chips) 
xzibit152: posts small blind $0.10
noob4lifeto: posts big blind $0.25
*** HOLE CARDS ***
Dealt to Alameda22 [Qh 6s]
wezvidzz: folds 
msna: folds 
violla: calls $0.25
Briguy588: folds 
Alameda22: folds 
dbuetr: folds 
xzibit152: calls $0.15
noob4lifeto: checks 
*** FLOP *** [8c Jh Tc]
xzibit152: checks 
noob4lifeto: checks 
violla: checks 
*** TURN *** [8c Jh Tc] [Ts]
xzibit152: bets $0.25
noob4lifeto: folds 
violla: calls $0.25
*** RIVER *** [8c Jh Tc Ts] [7d]
xzibit152: bets $0.25
violla: raises $0.75 to $1
xzibit152: folds 
Uncalled bet ($0.75) returned to violla
violla collected $1.70 from pot
violla: doesn't show hand 
*** SUMMARY ***
Total pot $1.75 | Rake $0.05 
Board [8c Jh Tc Ts 7d]
Seat 1: Briguy588 folded before Flop (didn't bet)
Seat 2: Alameda22 folded before Flop (didn't bet)
Seat 4: dbuetr (button) folded before Flop (didn't bet)
Seat 5: xzibit152 (small blind) folded on the River
Seat 6: noob4lifeto (big blind) folded on the Turn
Seat 7: wezvidzz folded before Flop (didn't bet)
Seat 8: msna folded before Flop (didn't bet)
Seat 9: violla collected ($1.70)



PokerStars Game #20102103161:  Hold'em No Limit ($0.10/$0.25) - 2008/09/02 19:55:27 ET
Table 'Ounas' 9-max Seat #5 is the button
Seat 1: Briguy588 ($12.65 in chips) 
Seat 2: Alameda22 ($24.05 in chips) 
Seat 4: dbuetr ($56.30 in chips) 
Seat 5: xzibit152 ($18.95 in chips) 
Seat 6: noob4lifeto ($14.75 in chips) 
Seat 7: wezvidzz ($11.65 in chips) 
Seat 8: msna ($39.75 in chips) 
Seat 9: violla ($25.60 in chips) 
noob4lifeto: posts small blind $0.10
wezvidzz: posts big blind $0.25
*** HOLE CARDS ***
Dealt to Alameda22 [2h 5c]
msna: folds 
violla: folds 
Briguy588: folds 
Alameda22: folds 
dbuetr: calls $0.25
xzibit152: calls $0.25
noob4lifeto: calls $0.15
wezvidzz: checks 
*** FLOP *** [5h 9d 6s]
msna leaves the table
noob4lifeto: bets $1.25
wezvidzz: folds 
dbuetr: folds 
xzibit152: folds 
Uncalled bet ($1.25) returned to noob4lifeto
geosat joins the table at seat #8 
noob4lifeto collected $0.95 from pot
*** SUMMARY ***
Total pot $1 | Rake $0.05 
Board [5h 9d 6s]
Seat 1: Briguy588 folded before Flop (didn't bet)
Seat 2: Alameda22 folded before Flop (didn't bet)
Seat 4: dbuetr folded on the Flop
Seat 5: xzibit152 (button) folded on the Flop
Seat 6: noob4lifeto (small blind) collected ($0.95)
Seat 7: wezvidzz (big blind) folded on the Flop
Seat 8: msna folded before Flop (didn't bet)
Seat 9: violla folded before Flop (didn't bet)



PokerStars Game #20102124665:  Hold'em No Limit ($0.10/$0.25) - 2008/09/02 19:56:25 ET
Table 'Ounas' 9-max Seat #6 is the button
Seat 1: Briguy588 ($12.65 in chips) 
Seat 2: Alameda22 ($24.05 in chips) 
Seat 4: dbuetr ($56.05 in chips) 
Seat 5: xzibit152 ($18.70 in chips) 
Seat 6: noob4lifeto ($15.45 in chips) 
Seat 7: wezvidzz ($11.40 in chips) 
Seat 8: geosat ($25 in chips) 
Seat 9: violla ($25.60 in chips) 
wezvidzz: posts small blind $0.10
geosat: posts big blind $0.25
*** HOLE CARDS ***
Dealt to Alameda22 [3d 6s]
violla: folds 
Briguy588: raises $0.50 to $0.75
Alameda22: folds 
dbuetr: folds 
xzibit152: folds 
noob4lifeto: folds 
wezvidzz: folds 
xzibit152 is sitting out
geosat: folds 
Uncalled bet ($0.50) returned to Briguy588
Briguy588 collected $0.60 from pot
Briguy588: doesn't show hand 
*** SUMMARY ***
Total pot $0.60 | Rake $0 
Seat 1: Briguy588 collected ($0.60)
Seat 2: Alameda22 folded before Flop (didn't bet)
Seat 4: dbuetr folded before Flop (didn't bet)
Seat 5: xzibit152 folded before Flop (didn't bet)
Seat 6: noob4lifeto (button) folded before Flop (didn't bet)
Seat 7: wezvidzz (small blind) folded before Flop
Seat 8: geosat (big blind) folded before Flop
Seat 9: violla folded before Flop (didn't bet)



PokerStars Game #20102141506:  Hold'em No Limit ($0.10/$0.25) - 2008/09/02 19:57:11 ET
Table 'Ounas' 9-max Seat #7 is the button
Seat 1: Briguy588 ($13 in chips) 
Seat 2: Alameda22 ($24.05 in chips) 
Seat 4: dbuetr ($56.05 in chips) 
Seat 6: noob4lifeto ($15.45 in chips) 
Seat 7: wezvidzz ($11.30 in chips) 
Seat 8: geosat ($24.75 in chips) 
Seat 9: violla ($25.60 in chips) 
geosat: posts small blind $0.10
violla: posts big blind $0.25
*** HOLE CARDS ***
Dealt to Alameda22 [2d 8d]
Briguy588: folds 
Alameda22: folds 
dbuetr: folds 
noob4lifeto: raises $0.75 to $1
wezvidzz: folds 
geosat: folds 
violla: folds 
Uncalled bet ($0.75) returned to noob4lifeto
noob4lifeto collected $0.60 from pot
*** SUMMARY ***
Total pot $0.60 | Rake $0 
Seat 1: Briguy588 folded before Flop (didn't bet)
Seat 2: Alameda22 folded before Flop (didn't bet)
Seat 4: dbuetr folded before Flop (didn't bet)
Seat 6: noob4lifeto collected ($0.60)
Seat 7: wezvidzz (button) folded before Flop (didn't bet)
Seat 8: geosat (small blind) folded before Flop
Seat 9: violla (big blind) folded before Flop



PokerStars Game #20102153204:  Hold'em No Limit ($0.10/$0.25) - 2008/09/02 19:57:44 ET
Table 'Ounas' 9-max Seat #8 is the button
Seat 1: Briguy588 ($13 in chips) 
Seat 2: Alameda22 ($24.05 in chips) 
Seat 4: dbuetr ($56.05 in chips) 
Seat 6: noob4lifeto ($15.80 in chips) 
Seat 7: wezvidzz ($11.30 in chips) 
Seat 8: geosat ($24.65 in chips) 
Seat 9: violla ($25.35 in chips) 
violla: posts small blind $0.10
Briguy588: posts big blind $0.25
*** HOLE CARDS ***
Dealt to Alameda22 [6s Ad]
Alameda22: folds 
dbuetr: calls $0.25
noob4lifeto: folds 
wezvidzz: folds 
geosat: folds 
violla: calls $0.15
Briguy588: checks 
*** FLOP *** [9c 6h 4h]
xzibit152 has returned
violla: checks 
Briguy588: checks 
dbuetr: checks 
*** TURN *** [9c 6h 4h] [Jc]
violla: checks 
Briguy588: checks 
dbuetr: checks 
*** RIVER *** [9c 6h 4h Jc] [3c]
violla: checks 
Briguy588: checks 
dbuetr: checks 
*** SHOW DOWN ***
violla: shows [9d Ts] (a pair of Nines)
Briguy588: mucks hand 
dbuetr: mucks hand 
violla collected $0.75 from pot
*** SUMMARY ***
Total pot $0.75 | Rake $0 
Board [9c 6h 4h Jc 3c]
Seat 1: Briguy588 (big blind) mucked [2h 8c]
Seat 2: Alameda22 folded before Flop (didn't bet)
Seat 4: dbuetr mucked [Qd 7d]
Seat 6: noob4lifeto folded before Flop (didn't bet)
Seat 7: wezvidzz folded before Flop (didn't bet)
Seat 8: geosat (button) folded before Flop (didn't bet)
Seat 9: violla (small blind) showed [9d Ts] and won ($0.75) with a pair of Nines



PokerStars Game #20102177530:  Hold'em No Limit ($0.10/$0.25) - 2008/09/02 19:58:51 ET
Table 'Ounas' 9-max Seat #9 is the button
Seat 1: Briguy588 ($12.75 in chips) 
Seat 2: Alameda22 ($24.05 in chips) 
Seat 4: dbuetr ($55.80 in chips) 
Seat 5: xzibit152 ($18.70 in chips) 
Seat 6: noob4lifeto ($15.80 in chips) 
Seat 7: wezvidzz ($11.30 in chips) 
Seat 8: geosat ($24.65 in chips) 
Seat 9: violla ($25.85 in chips) 
Briguy588: posts small blind $0.10
Alameda22: posts big blind $0.25
*** HOLE CARDS ***
Dealt to Alameda22 [2d Qc]
dbuetr: folds 
xzibit152: folds 
noob4lifeto: folds 
wezvidzz: folds 
geosat: folds 
violla: calls $0.25
Briguy588: calls $0.15
Alameda22: checks 
*** FLOP *** [2c 5s 8h]
Briguy588: checks 
Alameda22: checks 
violla: bets $0.25
Briguy588: folds 
Alameda22: folds 
Uncalled bet ($0.25) returned to violla
violla collected $0.75 from pot
violla: doesn't show hand 
*** SUMMARY ***
Total pot $0.75 | Rake $0 
Board [2c 5s 8h]
Seat 1: Briguy588 (small blind) folded on the Flop
Seat 2: Alameda22 (big blind) folded on the Flop
Seat 4: dbuetr folded before Flop (didn't bet)
Seat 5: xzibit152 folded before Flop (didn't bet)
Seat 6: noob4lifeto folded before Flop (didn't bet)
Seat 7: wezvidzz folded before Flop (didn't bet)
Seat 8: geosat folded before Flop (didn't bet)
Seat 9: violla (button) collected ($0.75)



PokerStars Game #20102193662:  Hold'em No Limit ($0.10/$0.25) - 2008/09/02 19:59:36 ET
Table 'Ounas' 9-max Seat #1 is the button
Seat 1: Briguy588 ($12.50 in chips) 
Seat 2: Alameda22 ($23.80 in chips) 
Seat 4: dbuetr ($55.80 in chips) 
Seat 5: xzibit152 ($18.70 in chips) 
Seat 6: noob4lifeto ($15.80 in chips) 
Seat 7: wezvidzz ($11.30 in chips) 
Seat 8: geosat ($24.65 in chips) 
Seat 9: violla ($26.35 in chips) 
Alameda22: posts small blind $0.10
dbuetr: posts big blind $0.25
*** HOLE CARDS ***
Dealt to Alameda22 [7d 5c]
xzibit152: folds 
noob4lifeto: folds 
wezvidzz: folds 
geosat: folds 
violla: calls $0.25
Briguy588: raises $0.50 to $0.75
Alameda22: folds 
dbuetr: folds 
violla: calls $0.50
*** FLOP *** [Kc 8s 9s]
violla: checks 
Briguy588: checks 
*** TURN *** [Kc 8s 9s] [8h]
violla: checks 
Briguy588: checks 
*** RIVER *** [Kc 8s 9s 8h] [4d]
violla: bets $0.50
Briguy588: raises $1.50 to $2
violla: calls $1.50
*** SHOW DOWN ***
Briguy588: shows [Ac 8c] (three of a kind, Eights)
violla: shows [4h Kh] (two pair, Kings and Eights)
Briguy588 collected $5.60 from pot
*** SUMMARY ***
Total pot $5.85 | Rake $0.25 
Board [Kc 8s 9s 8h 4d]
Seat 1: Briguy588 (button) showed [Ac 8c] and won ($5.60) with three of a kind, Eights
Seat 2: Alameda22 (small blind) folded before Flop
Seat 4: dbuetr (big blind) folded before Flop
Seat 5: xzibit152 folded before Flop (didn't bet)
Seat 6: noob4lifeto folded before Flop (didn't bet)
Seat 7: wezvidzz folded before Flop (didn't bet)
Seat 8: geosat folded before Flop (didn't bet)
Seat 9: violla showed [4h Kh] and lost with two pair, Kings and Eights



PokerStars Game #20102221472:  Hold'em No Limit ($0.10/$0.25) - 2008/09/02 20:00:50 ET
Table 'Ounas' 9-max Seat #2 is the button
Seat 1: Briguy588 ($15.35 in chips) 
Seat 2: Alameda22 ($23.70 in chips) 
Seat 4: dbuetr ($55.55 in chips) 
Seat 5: xzibit152 ($18.70 in chips) 
Seat 6: noob4lifeto ($15.80 in chips) 
Seat 7: wezvidzz ($11.30 in chips) 
Seat 8: geosat ($24.65 in chips) 
Seat 9: violla ($23.60 in chips) 
dbuetr: posts small blind $0.10
xzibit152: posts big blind $0.25
*** HOLE CARDS ***
Dealt to Alameda22 [5c 5s]
noob4lifeto: folds 
wezvidzz: folds 
geosat: folds 
violla: folds 
Briguy588: folds 
noob4lifeto leaves the table
Alameda22: folds 
dbuetr: calls $0.15
xzibit152: checks 
*** FLOP *** [Kd 4h 3c]
dbuetr: checks 
xzibit152: checks 
*** TURN *** [Kd 4h 3c] [5h]
dbuetr: bets $0.25
xzibit152: calls $0.25
*** RIVER *** [Kd 4h 3c 5h] [8h]
dbuetr: bets $0.75
xzibit152: raises $2 to $2.75
dbuetr: calls $2
*** SHOW DOWN ***
xzibit152: shows [Jh 3h] (a flush, Jack high)
dbuetr: mucks hand 
xzibit152 collected $6.20 from pot
*** SUMMARY ***
Total pot $6.50 | Rake $0.30 
Board [Kd 4h 3c 5h 8h]
Seat 1: Briguy588 folded before Flop (didn't bet)
Seat 2: Alameda22 (button) folded before Flop (didn't bet)
Seat 4: dbuetr (small blind) mucked [Ks 4c]
Seat 5: xzibit152 (big blind) showed [Jh 3h] and won ($6.20) with a flush, Jack high
Seat 6: noob4lifeto folded before Flop (didn't bet)
Seat 7: wezvidzz folded before Flop (didn't bet)
Seat 8: geosat folded before Flop (didn't bet)
Seat 9: violla folded before Flop (didn't bet)



PokerStars Game #20102254637:  Hold'em No Limit ($0.10/$0.25) - 2008/09/02 20:02:20 ET
Table 'Ounas' 9-max Seat #4 is the button
Seat 1: Briguy588 ($15.35 in chips) 
Seat 2: Alameda22 ($23.70 in chips) 
Seat 4: dbuetr ($52.30 in chips) 
Seat 5: xzibit152 ($21.65 in chips) 
Seat 7: wezvidzz ($11.30 in chips) 
Seat 8: geosat ($24.65 in chips) 
Seat 9: violla ($23.60 in chips) 
xzibit152: posts small blind $0.10
wezvidzz: posts big blind $0.25
*** HOLE CARDS ***
Dealt to Alameda22 [8d Ad]
geosat: folds 
violla: folds 
Briguy588: folds 
Alameda22: folds 
dbuetr: folds 
xzibit152: calls $0.15
wezvidzz: checks 
*** FLOP *** [3d Ah 2d]
xzibit152: checks 
wezvidzz: bets $0.25
xzibit152: folds 
Uncalled bet ($0.25) returned to wezvidzz
wezvidzz collected $0.50 from pot
wezvidzz: doesn't show hand 
*** SUMMARY ***
Total pot $0.50 | Rake $0 
Board [3d Ah 2d]
Seat 1: Briguy588 folded before Flop (didn't bet)
Seat 2: Alameda22 folded before Flop (didn't bet)
Seat 4: dbuetr (button) folded before Flop (didn't bet)
Seat 5: xzibit152 (small blind) folded on the Flop
Seat 7: wezvidzz (big blind) collected ($0.50)
Seat 8: geosat folded before Flop (didn't bet)
Seat 9: violla folded before Flop (didn't bet)



PokerStars Game #20102273278:  Hold'em No Limit ($0.10/$0.25) - 2008/09/02 20:03:11 ET
Table 'Ounas' 9-max Seat #5 is the button
Seat 1: Briguy588 ($15.35 in chips) 
Seat 2: Alameda22 ($23.70 in chips) 
Seat 4: dbuetr ($52.30 in chips) 
Seat 5: xzibit152 ($21.40 in chips) 
Seat 7: wezvidzz ($11.55 in chips) 
Seat 8: geosat ($24.65 in chips) 
Seat 9: violla ($23.60 in chips) 
wezvidzz: posts small blind $0.10
geosat: posts big blind $0.25
*** HOLE CARDS ***
Dealt to Alameda22 [As Ks]
violla: folds 
Briguy588: calls $0.25
Alameda22: raises $1 to $1.25
dbuetr: folds 
xzibit152: folds 
xzibit152 leaves the table
wezvidzz: folds 
geosat: folds 
Briguy588: folds 
Uncalled bet ($1) returned to Alameda22
Alameda22 collected $0.85 from pot
Alameda22: doesn't show hand 
*** SUMMARY ***
Total pot $0.85 | Rake $0 
Seat 1: Briguy588 folded before Flop
Seat 2: Alameda22 collected ($0.85)
Seat 4: dbuetr folded before Flop (didn't bet)
Seat 5: xzibit152 (button) folded before Flop (didn't bet)
Seat 7: wezvidzz (small blind) folded before Flop
Seat 8: geosat (big blind) folded before Flop
Seat 9: violla folded before Flop (didn't bet)



PokerStars Game #20102288903:  Hold'em No Limit ($0.10/$0.25) - 2008/09/02 20:03:53 ET
Table 'Ounas' 9-max Seat #7 is the button
Seat 1: Briguy588 ($15.10 in chips) 
Seat 2: Alameda22 ($24.30 in chips) 
Seat 4: dbuetr ($52.30 in chips) 
Seat 7: wezvidzz ($11.45 in chips) 
Seat 8: geosat ($24.40 in chips) 
Seat 9: violla ($23.60 in chips) 
geosat: posts small blind $0.10
violla: posts big blind $0.25
*** HOLE CARDS ***
Dealt to Alameda22 [Qc 2d]
Briguy588: raises $0.50 to $0.75
Alameda22: folds 
dbuetr: calls $0.75
wezvidzz: folds 
geosat: folds 
violla: folds 
*** FLOP *** [3c 3s 4h]
Briguy588: checks 
dbuetr: checks 
*** TURN *** [3c 3s 4h] [4c]
Briguy588: bets $0.75
dbuetr: calls $0.75
*** RIVER *** [3c 3s 4h 4c] [7c]
Briguy588: bets $1
dbuetr: folds 
Uncalled bet ($1) returned to Briguy588
Briguy588 collected $3.20 from pot
Briguy588: doesn't show hand 
*** SUMMARY ***
Total pot $3.35 | Rake $0.15 
Board [3c 3s 4h 4c 7c]
Seat 1: Briguy588 collected ($3.20)
Seat 2: Alameda22 folded before Flop (didn't bet)
Seat 4: dbuetr folded on the River
Seat 7: wezvidzz (button) folded before Flop (didn't bet)
Seat 8: geosat (small blind) folded before Flop
Seat 9: violla (big blind) folded before Flop



PokerStars Game #20102309163:  Hold'em No Limit ($0.10/$0.25) - 2008/09/02 20:04:48 ET
Table 'Ounas' 9-max Seat #8 is the button
Seat 1: Briguy588 ($16.80 in chips) 
Seat 2: Alameda22 ($24.30 in chips) 
Seat 4: dbuetr ($50.80 in chips) 
Seat 7: wezvidzz ($11.45 in chips) 
Seat 8: geosat ($25 in chips) 
Seat 9: violla ($23.35 in chips) 
violla: posts small blind $0.10
Briguy588: posts big blind $0.25
*** HOLE CARDS ***
Dealt to Alameda22 [Jd Ac]
Alameda22: folds 
dbuetr: folds 
wezvidzz: folds 
geosat: folds 
violla: calls $0.15
Briguy588: raises $0.50 to $0.75
violla: folds 
Uncalled bet ($0.50) returned to Briguy588
Briguy588 collected $0.50 from pot
Briguy588: doesn't show hand 
*** SUMMARY ***
Total pot $0.50 | Rake $0 
Seat 1: Briguy588 (big blind) collected ($0.50)
Seat 2: Alameda22 folded before Flop (didn't bet)
Seat 4: dbuetr folded before Flop (didn't bet)
Seat 7: wezvidzz folded before Flop (didn't bet)
Seat 8: geosat (button) folded before Flop (didn't bet)
Seat 9: violla (small blind) folded before Flop



PokerStars Game #20102321598:  Hold'em No Limit ($0.10/$0.25) - 2008/09/02 20:05:22 ET
Table 'Ounas' 9-max Seat #9 is the button
Seat 1: Briguy588 ($17.05 in chips) 
Seat 2: Alameda22 ($24.30 in chips) 
Seat 4: dbuetr ($50.80 in chips) 
Seat 7: wezvidzz ($11.45 in chips) 
Seat 8: geosat ($25 in chips) 
Seat 9: violla ($23.10 in chips) 
Briguy588: posts small blind $0.10
Alameda22: posts big blind $0.25
*** HOLE CARDS ***
Dealt to Alameda22 [Kc 9c]
dbuetr: folds 
wezvidzz: folds 
geosat: folds 
violla: raises $0.75 to $1
Briguy588: folds 
Alameda22: folds 
Uncalled bet ($0.75) returned to violla
violla collected $0.60 from pot
*** SUMMARY ***
Total pot $0.60 | Rake $0 
Seat 1: Briguy588 (small blind) folded before Flop
Seat 2: Alameda22 (big blind) folded before Flop
Seat 4: dbuetr folded before Flop (didn't bet)
Seat 7: wezvidzz folded before Flop (didn't bet)
Seat 8: geosat folded before Flop (didn't bet)
Seat 9: violla (button) collected ($0.60)



PokerStars Game #20102335765:  Hold'em No Limit ($0.10/$0.25) - 2008/09/02 20:06:01 ET
Table 'Ounas' 9-max Seat #1 is the button
Seat 1: Briguy588 ($16.95 in chips) 
Seat 2: Alameda22 ($24.05 in chips) 
Seat 4: dbuetr ($50.80 in chips) 
Seat 7: wezvidzz ($11.45 in chips) 
Seat 8: geosat ($25 in chips) 
Seat 9: violla ($23.45 in chips) 
Alameda22: posts small blind $0.10
dbuetr: posts big blind $0.25
*** HOLE CARDS ***
Dealt to Alameda22 [2s 7h]
wezvidzz: folds 
wezvidzz leaves the table
geosat: folds 
violla: calls $0.25
Briguy588: calls $0.25
Alameda22: folds 
dbuetr: checks 
*** FLOP *** [6s 4h Th]
dbuetr: bets $0.25
violla: calls $0.25
Briguy588: folds 
*** TURN *** [6s 4h Th] [5s]
dbuetr: bets $0.25
violla: calls $0.25
*** RIVER *** [6s 4h Th 5s] [Ac]
dbuetr: bets $0.50
violla: folds 
Uncalled bet ($0.50) returned to dbuetr
dbuetr collected $1.80 from pot
*** SUMMARY ***
Total pot $1.85 | Rake $0.05 
Board [6s 4h Th 5s Ac]
Seat 1: Briguy588 (button) folded on the Flop
Seat 2: Alameda22 (small blind) folded before Flop
Seat 4: dbuetr (big blind) collected ($1.80)
Seat 7: wezvidzz folded before Flop (didn't bet)
Seat 8: geosat folded before Flop (didn't bet)
Seat 9: violla folded on the River



PokerStars Game #20102361461:  Hold'em No Limit ($0.10/$0.25) - 2008/09/02 20:07:11 ET
Table 'Ounas' 9-max Seat #2 is the button
Seat 1: Briguy588 ($16.70 in chips) 
Seat 2: Alameda22 ($23.95 in chips) 
Seat 4: dbuetr ($51.85 in chips) 
Seat 9: violla ($22.70 in chips) 
dbuetr: posts small blind $0.10
geosat: is sitting out 
violla: posts big blind $0.25
*** HOLE CARDS ***
Dealt to Alameda22 [Kd 6h]
geosat leaves the table
Briguy588: folds 
Alameda22: folds 
dbuetr: folds 
Uncalled bet ($0.15) returned to violla
violla collected $0.20 from pot
*** SUMMARY ***
Total pot $0.20 | Rake $0 
Seat 1: Briguy588 folded before Flop (didn't bet)
Seat 2: Alameda22 (button) folded before Flop (didn't bet)
Seat 4: dbuetr (small blind) folded before Flop
Seat 9: violla (big blind) collected ($0.20)



PokerStars Game #20102370682:  Hold'em No Limit ($0.10/$0.25) - 2008/09/02 20:07:37 ET
Table 'Ounas' 9-max Seat #4 is the button
Seat 1: Briguy588 ($16.70 in chips) 
Seat 2: Alameda22 ($23.95 in chips) 
Seat 4: dbuetr ($51.75 in chips) 
Seat 9: violla ($22.80 in chips) 
violla: posts small blind $0.10
Briguy588: posts big blind $0.25
*** HOLE CARDS ***
Dealt to Alameda22 [9h Jd]
Alameda22: folds 
dbuetr: raises $0.50 to $0.75
violla: folds 
Briguy588: calls $0.50
*** FLOP *** [6d 8d 2d]
Briguy588: checks 
dbuetr: bets $1
Briguy588: folds 
Uncalled bet ($1) returned to dbuetr
dbuetr collected $1.55 from pot
*** SUMMARY ***
Total pot $1.60 | Rake $0.05 
Board [6d 8d 2d]
Seat 1: Briguy588 (big blind) folded on the Flop
Seat 2: Alameda22 folded before Flop (didn't bet)
Seat 4: dbuetr (button) collected ($1.55)
Seat 9: violla (small blind) folded before Flop



