PokerStars Game #19980023910:  Hold'em No Limit ($0.10/$0.25) - 2008/08/29 - 00:00:30 (ET)
Table 'Retsina' 9-max Seat #3 is the button
Seat 1: ROCKYRABBIT ($11.40 in chips) 
Seat 2: Allfreed ($14.20 in chips) 
Seat 3: Alameda22 ($24.05 in chips) 
Seat 4: t-rav4011 ($10.20 in chips) 
Seat 5: CodyJackson ($29.15 in chips) 
Seat 6: gong4da ($5.55 in chips) 
Seat 7: raiseumupbig ($13.30 in chips) 
Seat 8: sriver7682 ($36.90 in chips) 
Seat 9: darkflush9 ($4.90 in chips) 
t-rav4011: posts small blind $0.10
CodyJackson: posts big blind $0.25
*** HOLE CARDS ***
Dealt to Alameda22 [2h 3h]
gong4da: folds 
raiseumupbig: folds 
sriver7682: folds 
darkflush9: folds 
ROCKYRABBIT: folds 
ROCKYRABBIT is sitting out
Allfreed: folds 
Alameda22: folds 
t-rav4011: folds 
Uncalled bet ($0.15) returned to CodyJackson
CodyJackson collected $0.20 from pot
CodyJackson: doesn't show hand 
*** SUMMARY ***
Total pot $0.20 | Rake $0 
Seat 1: ROCKYRABBIT folded before Flop (didn't bet)
Seat 2: Allfreed folded before Flop (didn't bet)
Seat 3: Alameda22 (button) folded before Flop (didn't bet)
Seat 4: t-rav4011 (small blind) folded before Flop
Seat 5: CodyJackson (big blind) collected ($0.20)
Seat 6: gong4da folded before Flop (didn't bet)
Seat 7: raiseumupbig folded before Flop (didn't bet)
Seat 8: sriver7682 folded before Flop (didn't bet)
Seat 9: darkflush9 folded before Flop (didn't bet)



PokerStars Game #19980034926:  Hold'em No Limit ($0.10/$0.25) - 2008/08/29 - 00:01:06 (ET)
Table 'Retsina' 9-max Seat #4 is the button
Seat 2: Allfreed ($14.20 in chips) 
Seat 3: Alameda22 ($24.05 in chips) 
Seat 4: t-rav4011 ($10.10 in chips) 
Seat 5: CodyJackson ($29.25 in chips) 
Seat 6: gong4da ($5.55 in chips) 
Seat 7: raiseumupbig ($13.30 in chips) 
Seat 8: sriver7682 ($36.90 in chips) 
Seat 9: darkflush9 ($4.90 in chips) 
CodyJackson: posts small blind $0.10
gong4da: posts big blind $0.25
*** HOLE CARDS ***
Dealt to Alameda22 [8s Qd]
raiseumupbig: folds 
sriver7682: calls $0.25
darkflush9: folds 
Allfreed: folds 
ROCKYRABBIT has returned
Alameda22: folds 
t-rav4011: folds 
CodyJackson: folds 
gong4da: raises $1 to $1.25
sriver7682: folds 
Uncalled bet ($1) returned to gong4da
gong4da collected $0.60 from pot
gong4da: doesn't show hand 
*** SUMMARY ***
Total pot $0.60 | Rake $0 
Seat 2: Allfreed folded before Flop (didn't bet)
Seat 3: Alameda22 folded before Flop (didn't bet)
Seat 4: t-rav4011 (button) folded before Flop (didn't bet)
Seat 5: CodyJackson (small blind) folded before Flop
Seat 6: gong4da (big blind) collected ($0.60)
Seat 7: raiseumupbig folded before Flop (didn't bet)
Seat 8: sriver7682 folded before Flop
Seat 9: darkflush9 folded before Flop (didn't bet)



PokerStars Game #19980053578:  Hold'em No Limit ($0.10/$0.25) - 2008/08/29 - 00:02:08 (ET)
Table 'Retsina' 9-max Seat #5 is the button
Seat 1: ROCKYRABBIT ($11.40 in chips) 
Seat 2: Allfreed ($14.20 in chips) 
Seat 3: Alameda22 ($24.05 in chips) 
Seat 4: t-rav4011 ($10.10 in chips) 
Seat 5: CodyJackson ($29.15 in chips) 
Seat 6: gong4da ($5.90 in chips) 
Seat 8: sriver7682 ($36.65 in chips) 
Seat 9: darkflush9 ($4.90 in chips) 
gong4da: posts small blind $0.10
raiseumupbig: is sitting out 
sriver7682: posts big blind $0.25
*** HOLE CARDS ***
Dealt to Alameda22 [7h Th]
raiseumupbig leaves the table
darkflush9: folds 
ROCKYRABBIT: calls $0.25
Allfreed: folds 
Alameda22: folds 
t-rav4011: folds 
CodyJackson: folds 
gong4da: folds 
sriver7682: checks 
*** FLOP *** [9d Qs Ac]
sriver7682: checks 
ROCKYRABBIT: bets $0.50
sriver7682: folds 
Uncalled bet ($0.50) returned to ROCKYRABBIT
ROCKYRABBIT collected $0.60 from pot
ROCKYRABBIT: doesn't show hand 
*** SUMMARY ***
Total pot $0.60 | Rake $0 
Board [9d Qs Ac]
Seat 1: ROCKYRABBIT collected ($0.60)
Seat 2: Allfreed folded before Flop (didn't bet)
Seat 3: Alameda22 folded before Flop (didn't bet)
Seat 4: t-rav4011 folded before Flop (didn't bet)
Seat 5: CodyJackson (button) folded before Flop (didn't bet)
Seat 6: gong4da (small blind) folded before Flop
Seat 8: sriver7682 (big blind) folded on the Flop
Seat 9: darkflush9 folded before Flop (didn't bet)



PokerStars Game #19980075967:  Hold'em No Limit ($0.10/$0.25) - 2008/08/29 - 00:03:22 (ET)
Table 'Retsina' 9-max Seat #6 is the button
Seat 1: ROCKYRABBIT ($11.75 in chips) 
Seat 2: Allfreed ($14.20 in chips) 
Seat 3: Alameda22 ($24.05 in chips) 
Seat 4: t-rav4011 ($10.10 in chips) 
Seat 5: CodyJackson ($29.15 in chips) 
Seat 6: gong4da ($5.80 in chips) 
Seat 8: sriver7682 ($36.40 in chips) 
Seat 9: darkflush9 ($4.90 in chips) 
sriver7682: posts small blind $0.10
darkflush9: posts big blind $0.25
*** HOLE CARDS ***
Dealt to Alameda22 [5s Td]
ROCKYRABBIT: calls $0.25
Allfreed: folds 
Allfreed leaves the table
Alameda22: folds 
t-rav4011: raises $1 to $1.25
CodyJackson: folds 
gong4da: folds 
sriver7682: folds 
darkflush9: folds 
ROCKYRABBIT: calls $1
*** FLOP *** [Kd 5d Js]
ROCKYRABBIT: checks 
t-rav4011: bets $1.75
ROCKYRABBIT: raises $2 to $3.75
t-rav4011: raises $5.10 to $8.85 and is all-in
ROCKYRABBIT: calls $5.10
*** TURN *** [Kd 5d Js] [Ad]
*** RIVER *** [Kd 5d Js Ad] [Th]
*** SHOW DOWN ***
ROCKYRABBIT: shows [Kc 8h] (a pair of Kings)
t-rav4011: shows [As Ks] (two pair, Aces and Kings)
t-rav4011 collected $19.55 from pot
*** SUMMARY ***
Total pot $20.55 | Rake $1 
Board [Kd 5d Js Ad Th]
Seat 1: ROCKYRABBIT showed [Kc 8h] and lost with a pair of Kings
Seat 2: Allfreed folded before Flop (didn't bet)
Seat 3: Alameda22 folded before Flop (didn't bet)
Seat 4: t-rav4011 showed [As Ks] and won ($19.55) with two pair, Aces and Kings
Seat 5: CodyJackson folded before Flop (didn't bet)
Seat 6: gong4da (button) folded before Flop (didn't bet)
Seat 8: sriver7682 (small blind) folded before Flop
Seat 9: darkflush9 (big blind) folded before Flop



PokerStars Game #19980103062:  Hold'em No Limit ($0.10/$0.25) - 2008/08/29 - 00:04:53 (ET)
Table 'Retsina' 9-max Seat #8 is the button
Seat 1: ROCKYRABBIT ($1.65 in chips) 
Seat 3: Alameda22 ($24.05 in chips) 
Seat 4: t-rav4011 ($19.55 in chips) 
Seat 5: CodyJackson ($29.15 in chips) 
Seat 6: gong4da ($5.80 in chips) 
Seat 8: sriver7682 ($36.30 in chips) 
Seat 9: darkflush9 ($4.65 in chips) 
darkflush9: posts small blind $0.10
ROCKYRABBIT: posts big blind $0.25
*** HOLE CARDS ***
Dealt to Alameda22 [3h 5h]
Alameda22: folds 
t-rav4011: folds 
CodyJackson: raises $0.50 to $0.75
gong4da: folds 
sriver7682: folds 
darkflush9: calls $0.65
ROCKYRABBIT: raises $0.90 to $1.65 and is all-in
CodyJackson: calls $0.90
darkflush9: calls $0.90
*** FLOP *** [Qc 9d 4d]
darkflush9: bets $3 and is all-in
CodyJackson: calls $3
*** TURN *** [Qc 9d 4d] [8h]
*** RIVER *** [Qc 9d 4d 8h] [3s]
*** SHOW DOWN ***
darkflush9: shows [Qs As] (a pair of Queens)
CodyJackson: mucks hand 
darkflush9 collected $5.70 from side pot
ROCKYRABBIT: mucks hand 
darkflush9 collected $4.75 from main pot
*** SUMMARY ***
Total pot $10.95 Main pot $4.75. Side pot $5.70. | Rake $0.50 
Board [Qc 9d 4d 8h 3s]
Seat 1: ROCKYRABBIT (big blind) mucked [Jh Qd]
Seat 3: Alameda22 folded before Flop (didn't bet)
Seat 4: t-rav4011 folded before Flop (didn't bet)
Seat 5: CodyJackson mucked [Jd Kd]
Seat 6: gong4da folded before Flop (didn't bet)
Seat 8: sriver7682 (button) folded before Flop (didn't bet)
Seat 9: darkflush9 (small blind) showed [Qs As] and won ($10.45) with a pair of Queens



PokerStars Game #19980126597:  Hold'em No Limit ($0.10/$0.25) - 2008/08/29 - 00:06:11 (ET)
Table 'Retsina' 9-max Seat #9 is the button
Seat 3: Alameda22 ($24.05 in chips) 
Seat 4: t-rav4011 ($19.55 in chips) 
Seat 5: CodyJackson ($24.50 in chips) 
Seat 6: gong4da ($5.80 in chips) 
Seat 8: sriver7682 ($36.30 in chips) 
Seat 9: darkflush9 ($10.45 in chips) 
Alameda22: posts small blind $0.10
t-rav4011: posts big blind $0.25
*** HOLE CARDS ***
Dealt to Alameda22 [Qd As]
ROCKYRABBIT leaves the table
CodyJackson: raises $0.50 to $0.75
gong4da: folds 
gong4da leaves the table
sriver7682: folds 
darkflush9: folds 
sriver7682 leaves the table
Alameda22: calls $0.65
t-rav4011: calls $0.50
*** FLOP *** [9h 6d 9s]
Alameda22: checks 
t-rav4011: checks 
CodyJackson: bets $2
Alameda22: folds 
t-rav4011: folds 
Uncalled bet ($2) returned to CodyJackson
CodyJackson collected $2.15 from pot
CodyJackson: doesn't show hand 
*** SUMMARY ***
Total pot $2.25 | Rake $0.10 
Board [9h 6d 9s]
Seat 3: Alameda22 (small blind) folded on the Flop
Seat 4: t-rav4011 (big blind) folded on the Flop
Seat 5: CodyJackson collected ($2.15)
Seat 6: gong4da folded before Flop (didn't bet)
Seat 8: sriver7682 folded before Flop (didn't bet)
Seat 9: darkflush9 (button) folded before Flop (didn't bet)



