PokerStars Game #20142214722:  Hold'em No Limit ($0.10/$0.25) - 2008/09/04 13:46:20 ET
Table 'Telamon IV' 9-max Seat #2 is the button
Seat 1: Alameda22 ($25 in chips) 
Seat 2: StormRyda ($42.75 in chips) 
Seat 3: xxWACKOxx ($27.90 in chips) 
Seat 4: Kukoc69 ($25 in chips) 
Seat 5: sandy bud ($3.60 in chips) 
Seat 6: Greg15001 ($24.30 in chips) 
Seat 7: Lurik ($19.35 in chips) 
Seat 9: zokki123 ($19.40 in chips) 
xxWACKOxx: posts small blind $0.10
Kukoc69: posts big blind $0.25
mtbroadbent1: sits out 
StormRyda said, "ace rag"
Alameda22: posts big blind $0.25
*** HOLE CARDS ***
Dealt to Alameda22 [Jd Ac]
sandy bud: calls $0.25
Greg15001: folds 
Lurik: folds 
zokki123: folds 
Alameda22: checks 
StormRyda: raises $1 to $1.25
xxWACKOxx: calls $1.15
Kukoc69: raises $3.25 to $4.50
sandy bud: folds 
Alameda22: folds 
StormRyda said, "u just get here huh"
StormRyda said, "at a later date"
StormRyda: folds 
xxWACKOxx: folds 
Uncalled bet ($3.25) returned to Kukoc69
Kukoc69 collected $4.25 from pot
Kukoc69: doesn't show hand 
StormRyda said, "gb"
*** SUMMARY ***
Total pot $4.25 | Rake $0 
Seat 1: Alameda22 folded before Flop
Seat 2: StormRyda (button) folded before Flop
Seat 3: xxWACKOxx (small blind) folded before Flop
Seat 4: Kukoc69 (big blind) collected ($4.25)
Seat 5: sandy bud folded before Flop
Seat 6: Greg15001 folded before Flop (didn't bet)
Seat 7: Lurik folded before Flop (didn't bet)
Seat 9: zokki123 folded before Flop (didn't bet)



PokerStars Game #20142252956:  Hold'em No Limit ($0.10/$0.25) - 2008/09/04 13:47:54 ET
Table 'Telamon IV' 9-max Seat #3 is the button
Seat 1: Alameda22 ($24.75 in chips) 
Seat 2: StormRyda ($41.50 in chips) 
Seat 3: xxWACKOxx ($26.65 in chips) 
Seat 4: Kukoc69 ($28 in chips) 
Seat 5: sandy bud ($3.35 in chips) 
Seat 6: Greg15001 ($24.30 in chips) 
Seat 7: Lurik ($19.35 in chips) 
Seat 9: zokki123 ($19.40 in chips) 
Kukoc69: posts small blind $0.10
sandy bud: posts big blind $0.25
mtbroadbent1: sits out 
*** HOLE CARDS ***
Dealt to Alameda22 [Td 7c]
Greg15001: folds 
Lurik: folds 
zokki123: folds 
Alameda22: folds 
StormRyda: folds 
xxWACKOxx: folds 
Kukoc69: folds 
Uncalled bet ($0.15) returned to sandy bud
sandy bud collected $0.20 from pot
sandy bud: doesn't show hand 
*** SUMMARY ***
Total pot $0.20 | Rake $0 
Seat 1: Alameda22 folded before Flop (didn't bet)
Seat 2: StormRyda folded before Flop (didn't bet)
Seat 3: xxWACKOxx (button) folded before Flop (didn't bet)
Seat 4: Kukoc69 (small blind) folded before Flop
Seat 5: sandy bud (big blind) collected ($0.20)
Seat 6: Greg15001 folded before Flop (didn't bet)
Seat 7: Lurik folded before Flop (didn't bet)
Seat 9: zokki123 folded before Flop (didn't bet)



PokerStars Game #20142265549:  Hold'em No Limit ($0.10/$0.25) - 2008/09/04 13:48:24 ET
Table 'Telamon IV' 9-max Seat #4 is the button
Seat 1: Alameda22 ($24.75 in chips) 
Seat 2: StormRyda ($41.50 in chips) 
Seat 3: xxWACKOxx ($26.65 in chips) 
Seat 4: Kukoc69 ($27.90 in chips) 
Seat 5: sandy bud ($3.45 in chips) 
Seat 6: Greg15001 ($24.30 in chips) 
Seat 7: Lurik ($19.35 in chips) 
Seat 9: zokki123 ($19.40 in chips) 
sandy bud: posts small blind $0.10
Greg15001: posts big blind $0.25
mtbroadbent1: sits out 
*** HOLE CARDS ***
Dealt to Alameda22 [7s Ac]
Lurik: folds 
zokki123: folds 
Alameda22: folds 
StormRyda said, "1st hand and you had a monster... hatsn nice and lucky"
StormRyda: folds 
xxWACKOxx: folds 
Kukoc69: folds 
sandy bud: calls $0.15
Greg15001: raises $4.25 to $4.50
sandy bud: folds 
Uncalled bet ($4.25) returned to Greg15001
Greg15001 collected $0.50 from pot
Greg15001: doesn't show hand 
*** SUMMARY ***
Total pot $0.50 | Rake $0 
Seat 1: Alameda22 folded before Flop (didn't bet)
Seat 2: StormRyda folded before Flop (didn't bet)
Seat 3: xxWACKOxx folded before Flop (didn't bet)
Seat 4: Kukoc69 (button) folded before Flop (didn't bet)
Seat 5: sandy bud (small blind) folded before Flop
Seat 6: Greg15001 (big blind) collected ($0.50)
Seat 7: Lurik folded before Flop (didn't bet)
Seat 9: zokki123 folded before Flop (didn't bet)



PokerStars Game #20142280329:  Hold'em No Limit ($0.10/$0.25) - 2008/09/04 13:49:00 ET
Table 'Telamon IV' 9-max Seat #5 is the button
Seat 1: Alameda22 ($24.75 in chips) 
Seat 2: StormRyda ($41.50 in chips) 
Seat 3: xxWACKOxx ($26.65 in chips) 
Seat 4: Kukoc69 ($27.90 in chips) 
Seat 5: sandy bud ($3.20 in chips) 
Seat 6: Greg15001 ($24.55 in chips) 
Seat 7: Lurik ($19.35 in chips) 
Seat 9: zokki123 ($19.40 in chips) 
Greg15001: posts small blind $0.10
Lurik: posts big blind $0.25
mtbroadbent1: sits out 
*** HOLE CARDS ***
Dealt to Alameda22 [5h As]
zokki123: folds 
Alameda22: folds 
StormRyda: folds 
xxWACKOxx: calls $0.25
Kukoc69: folds 
sandy bud: folds 
Greg15001: folds 
Lurik: checks 
*** FLOP *** [4d 8c Js]
Lurik: checks 
xxWACKOxx: bets $0.50
Lurik: folds 
Uncalled bet ($0.50) returned to xxWACKOxx
StormRyda said, "just hope it was ace 5 suited or pocket 9s"
xxWACKOxx collected $0.60 from pot
xxWACKOxx: doesn't show hand 
*** SUMMARY ***
Total pot $0.60 | Rake $0 
Board [4d 8c Js]
Seat 1: Alameda22 folded before Flop (didn't bet)
Seat 2: StormRyda folded before Flop (didn't bet)
Seat 3: xxWACKOxx collected ($0.60)
Seat 4: Kukoc69 folded before Flop (didn't bet)
Seat 5: sandy bud (button) folded before Flop (didn't bet)
Seat 6: Greg15001 (small blind) folded before Flop
Seat 7: Lurik (big blind) folded on the Flop
Seat 9: zokki123 folded before Flop (didn't bet)



PokerStars Game #20142300403:  Hold'em No Limit ($0.10/$0.25) - 2008/09/04 13:49:49 ET
Table 'Telamon IV' 9-max Seat #6 is the button
Seat 1: Alameda22 ($24.75 in chips) 
Seat 2: StormRyda ($41.50 in chips) 
Seat 3: xxWACKOxx ($27 in chips) 
Seat 4: Kukoc69 ($27.90 in chips) 
Seat 5: sandy bud ($3.20 in chips) 
Seat 6: Greg15001 ($24.45 in chips) 
Seat 7: Lurik ($19.10 in chips) 
Seat 8: mtbroadbent1 ($6.25 in chips) 
Seat 9: zokki123 ($19.40 in chips) 
Lurik: posts small blind $0.10
mtbroadbent1: posts big blind $0.25
*** HOLE CARDS ***
Dealt to Alameda22 [Ah 8c]
zokki123: raises $0.50 to $0.75
Alameda22: folds 
StormRyda: raises $0.50 to $1.25
xxWACKOxx: folds 
Kukoc69: folds 
sandy bud: folds 
Greg15001: folds 
Lurik: folds 
mtbroadbent1: folds 
zokki123: calls $0.50
*** FLOP *** [Kh 5c Ts]
zokki123: checks 
StormRyda: checks 
*** TURN *** [Kh 5c Ts] [Js]
zokki123: bets $2.25
StormRyda: raises $2.25 to $4.50
zokki123: raises $2.25 to $6.75
StormRyda: calls $2.25
*** RIVER *** [Kh 5c Ts Js] [6s]
zokki123: bets $7.75
StormRyda: calls $7.75
*** SHOW DOWN ***
zokki123: shows [Qd Ac] (a straight, Ten to Ace)
StormRyda: shows [Jd Kc] (two pair, Kings and Jacks)
zokki123 collected $30.30 from pot
*** SUMMARY ***
Total pot $31.85 | Rake $1.55 
Board [Kh 5c Ts Js 6s]
Seat 1: Alameda22 folded before Flop (didn't bet)
Seat 2: StormRyda showed [Jd Kc] and lost with two pair, Kings and Jacks
Seat 3: xxWACKOxx folded before Flop (didn't bet)
Seat 4: Kukoc69 folded before Flop (didn't bet)
Seat 5: sandy bud folded before Flop (didn't bet)
Seat 6: Greg15001 (button) folded before Flop (didn't bet)
Seat 7: Lurik (small blind) folded before Flop
Seat 8: mtbroadbent1 (big blind) folded before Flop
Seat 9: zokki123 showed [Qd Ac] and won ($30.30) with a straight, Ten to Ace



PokerStars Game #20142344180:  Hold'em No Limit ($0.10/$0.25) - 2008/09/04 13:51:37 ET
Table 'Telamon IV' 9-max Seat #7 is the button
Seat 1: Alameda22 ($24.75 in chips) 
Seat 2: StormRyda ($25.75 in chips) 
Seat 3: xxWACKOxx ($27 in chips) 
Seat 4: Kukoc69 ($27.90 in chips) 
Seat 5: sandy bud ($3.20 in chips) 
Seat 6: Greg15001 ($24.45 in chips) 
Seat 7: Lurik ($19 in chips) 
Seat 8: mtbroadbent1 ($6 in chips) 
Seat 9: zokki123 ($33.95 in chips) 
mtbroadbent1: posts small blind $0.10
StormRyda said, "what you doing betting on the flop?"
zokki123: posts big blind $0.25
*** HOLE CARDS ***
Dealt to Alameda22 [Kc Ah]
Alameda22: raises $0.75 to $1
StormRyda: folds 
xxWACKOxx: folds 
StormRyda said, "sigh"
Kukoc69: folds 
sandy bud: folds 
Greg15001: folds 
Lurik: folds 
mtbroadbent1: folds 
zokki123: calls $0.75
*** FLOP *** [8d Kh 7s]
zokki123: checks 
Alameda22: bets $1.25
zokki123: folds 
Uncalled bet ($1.25) returned to Alameda22
Alameda22 collected $2 from pot
Alameda22: doesn't show hand 
*** SUMMARY ***
Total pot $2.10 | Rake $0.10 
Board [8d Kh 7s]
Seat 1: Alameda22 collected ($2)
Seat 2: StormRyda folded before Flop (didn't bet)
Seat 3: xxWACKOxx folded before Flop (didn't bet)
Seat 4: Kukoc69 folded before Flop (didn't bet)
Seat 5: sandy bud folded before Flop (didn't bet)
Seat 6: Greg15001 folded before Flop (didn't bet)
Seat 7: Lurik (button) folded before Flop (didn't bet)
Seat 8: mtbroadbent1 (small blind) folded before Flop
Seat 9: zokki123 (big blind) folded on the Flop



PokerStars Game #20142371233:  Hold'em No Limit ($0.10/$0.25) - 2008/09/04 13:52:44 ET
Table 'Telamon IV' 9-max Seat #8 is the button
Seat 1: Alameda22 ($25.75 in chips) 
Seat 2: StormRyda ($25.75 in chips) 
Seat 3: xxWACKOxx ($27 in chips) 
Seat 4: Kukoc69 ($27.90 in chips) 
Seat 5: sandy bud ($3.20 in chips) 
Seat 6: Greg15001 ($24.45 in chips) 
Seat 7: Lurik ($19 in chips) 
Seat 8: mtbroadbent1 ($5.90 in chips) 
Seat 9: zokki123 ($32.95 in chips) 
zokki123: posts small blind $0.10
Alameda22: posts big blind $0.25
*** HOLE CARDS ***
Dealt to Alameda22 [6s 7c]
StormRyda: calls $0.25
xxWACKOxx: folds 
Kukoc69: folds 
sandy bud: folds 
Greg15001: folds 
Lurik: raises $0.25 to $0.50
mtbroadbent1: calls $0.50
zokki123: folds 
Alameda22: folds 
StormRyda: calls $0.25
*** FLOP *** [3s Tc Ac]
StormRyda: checks 
Lurik: checks 
mtbroadbent1: checks 
*** TURN *** [3s Tc Ac] [3h]
StormRyda: checks 
Lurik: bets $0.25
mtbroadbent1: raises $0.75 to $1
StormRyda: folds 
Lurik: folds 
Uncalled bet ($0.75) returned to mtbroadbent1
mtbroadbent1 collected $2.25 from pot
mtbroadbent1: doesn't show hand 
*** SUMMARY ***
Total pot $2.35 | Rake $0.10 
Board [3s Tc Ac 3h]
Seat 1: Alameda22 (big blind) folded before Flop
Seat 2: StormRyda folded on the Turn
Seat 3: xxWACKOxx folded before Flop (didn't bet)
Seat 4: Kukoc69 folded before Flop (didn't bet)
Seat 5: sandy bud folded before Flop (didn't bet)
Seat 6: Greg15001 folded before Flop (didn't bet)
Seat 7: Lurik folded on the Turn
Seat 8: mtbroadbent1 (button) collected ($2.25)
Seat 9: zokki123 (small blind) folded before Flop



PokerStars Game #20142398485:  Hold'em No Limit ($0.10/$0.25) - 2008/09/04 13:53:52 ET
Table 'Telamon IV' 9-max Seat #9 is the button
Seat 1: Alameda22 ($25.50 in chips) 
Seat 3: xxWACKOxx ($27 in chips) 
Seat 4: Kukoc69 ($27.90 in chips) 
Seat 5: sandy bud ($3.20 in chips) 
Seat 6: Greg15001 ($24.45 in chips) 
Seat 7: Lurik ($18.25 in chips) 
Seat 8: mtbroadbent1 ($7.40 in chips) 
Seat 9: zokki123 ($32.85 in chips) 
Alameda22: posts small blind $0.10
StormRyda: is sitting out 
xxWACKOxx: posts big blind $0.25
*** HOLE CARDS ***
Dealt to Alameda22 [6s As]
Kukoc69: folds 
sandy bud: folds 
Greg15001: raises $0.75 to $1
Lurik: folds 
mtbroadbent1: folds 
zokki123: calls $1
Alameda22: folds 
xxWACKOxx: folds 
*** FLOP *** [5c Jc 7d]
Greg15001: bets $2
zokki123: folds 
Uncalled bet ($2) returned to Greg15001
Greg15001 collected $2.25 from pot
*** SUMMARY ***
Total pot $2.35 | Rake $0.10 
Board [5c Jc 7d]
Seat 1: Alameda22 (small blind) folded before Flop
Seat 3: xxWACKOxx (big blind) folded before Flop
Seat 4: Kukoc69 folded before Flop (didn't bet)
Seat 5: sandy bud folded before Flop (didn't bet)
Seat 6: Greg15001 collected ($2.25)
Seat 7: Lurik folded before Flop (didn't bet)
Seat 8: mtbroadbent1 folded before Flop (didn't bet)
Seat 9: zokki123 (button) folded on the Flop



PokerStars Game #20142420018:  Hold'em No Limit ($0.10/$0.25) - 2008/09/04 13:54:46 ET
Table 'Telamon IV' 9-max Seat #1 is the button
Seat 1: Alameda22 ($25.40 in chips) 
Seat 3: xxWACKOxx ($26.75 in chips) 
Seat 4: Kukoc69 ($27.90 in chips) 
Seat 5: sandy bud ($3.20 in chips) 
Seat 6: Greg15001 ($25.70 in chips) 
Seat 7: Lurik ($18.25 in chips) 
Seat 8: mtbroadbent1 ($7.40 in chips) 
Seat 9: zokki123 ($31.85 in chips) 
xxWACKOxx: posts small blind $0.10
Kukoc69: posts big blind $0.25
*** HOLE CARDS ***
Dealt to Alameda22 [9s 7h]
sandy bud: calls $0.25
Greg15001: folds 
Lurik: folds 
mtbroadbent1: folds 
zokki123: calls $0.25
Alameda22: folds 
xxWACKOxx: raises $0.75 to $1
Kukoc69: folds 
sandy bud: calls $0.75
zokki123: calls $0.75
*** FLOP *** [Jc 6s 5c]
xxWACKOxx: checks 
sandy bud: bets $2.20 and is all-in
zokki123: calls $2.20
xxWACKOxx: folds 
*** TURN *** [Jc 6s 5c] [Kc]
*** RIVER *** [Jc 6s 5c Kc] [7c]
*** SHOW DOWN ***
sandy bud: shows [Jh Qc] (a flush, King high)
zokki123: mucks hand 
sandy bud collected $7.30 from pot
*** SUMMARY ***
Total pot $7.65 | Rake $0.35 
Board [Jc 6s 5c Kc 7c]
Seat 1: Alameda22 (button) folded before Flop (didn't bet)
Seat 3: xxWACKOxx (small blind) folded on the Flop
Seat 4: Kukoc69 (big blind) folded before Flop
Seat 5: sandy bud showed [Jh Qc] and won ($7.30) with a flush, King high
Seat 6: Greg15001 folded before Flop (didn't bet)
Seat 7: Lurik folded before Flop (didn't bet)
Seat 8: mtbroadbent1 folded before Flop (didn't bet)
Seat 9: zokki123 mucked [Qd Jd]



PokerStars Game #20142448176:  Hold'em No Limit ($0.10/$0.25) - 2008/09/04 13:56:01 ET
Table 'Telamon IV' 9-max Seat #3 is the button
Seat 1: Alameda22 ($25.40 in chips) 
Seat 3: xxWACKOxx ($25.75 in chips) 
Seat 4: Kukoc69 ($27.65 in chips) 
Seat 5: sandy bud ($7.30 in chips) 
Seat 6: Greg15001 ($25.70 in chips) 
Seat 7: Lurik ($18.25 in chips) 
Seat 8: mtbroadbent1 ($7.40 in chips) 
Seat 9: zokki123 ($28.65 in chips) 
Kukoc69: posts small blind $0.10
sandy bud: posts big blind $0.25
*** HOLE CARDS ***
Dealt to Alameda22 [As Ah]
Greg15001: folds 
Lurik: folds 
mtbroadbent1: folds 
zokki123: folds 
Alameda22: raises $0.75 to $1
xxWACKOxx: folds 
Kukoc69: folds 
sandy bud: calls $0.75
*** FLOP *** [5s 9d Kd]
sandy bud: checks 
Alameda22: bets $1.25
sandy bud: folds 
Uncalled bet ($1.25) returned to Alameda22
Alameda22 collected $2 from pot
Alameda22: doesn't show hand 
*** SUMMARY ***
Total pot $2.10 | Rake $0.10 
Board [5s 9d Kd]
Seat 1: Alameda22 collected ($2)
Seat 3: xxWACKOxx (button) folded before Flop (didn't bet)
Seat 4: Kukoc69 (small blind) folded before Flop
Seat 5: sandy bud (big blind) folded on the Flop
Seat 6: Greg15001 folded before Flop (didn't bet)
Seat 7: Lurik folded before Flop (didn't bet)
Seat 8: mtbroadbent1 folded before Flop (didn't bet)
Seat 9: zokki123 folded before Flop (didn't bet)



PokerStars Game #20142467568:  Hold'em No Limit ($0.10/$0.25) - 2008/09/04 13:56:50 ET
Table 'Telamon IV' 9-max Seat #4 is the button
Seat 1: Alameda22 ($26.40 in chips) 
Seat 3: xxWACKOxx ($25.75 in chips) 
Seat 4: Kukoc69 ($27.55 in chips) 
Seat 5: sandy bud ($6.30 in chips) 
Seat 6: Greg15001 ($25.70 in chips) 
Seat 7: Lurik ($18.25 in chips) 
Seat 8: mtbroadbent1 ($7.40 in chips) 
Seat 9: zokki123 ($28.65 in chips) 
sandy bud: posts small blind $0.10
Greg15001: posts big blind $0.25
*** HOLE CARDS ***
Dealt to Alameda22 [Qh 8d]
Lurik: calls $0.25
mtbroadbent1: calls $0.25
zokki123: folds 
Alameda22: folds 
xxWACKOxx: folds 
Kukoc69: folds 
sandy bud: calls $0.15
Greg15001: checks 
*** FLOP *** [6c 4h 2c]
sandy bud: checks 
Greg15001: checks 
Lurik: checks 
mtbroadbent1: bets $0.50
sandy bud: raises $1 to $1.50
Greg15001: folds 
Lurik: calls $1.50
mtbroadbent1: calls $1
*** TURN *** [6c 4h 2c] [3h]
sandy bud: bets $1
Lurik: raises $3.75 to $4.75
mtbroadbent1: calls $4.75
sandy bud: calls $3.55 and is all-in
*** RIVER *** [6c 4h 2c 3h] [2d]
Lurik: bets $3.50
mtbroadbent1: calls $0.90 and is all-in
Uncalled bet ($2.60) returned to Lurik
*** SHOW DOWN ***
Lurik: shows [Qc Qs] (two pair, Queens and Deuces)
mtbroadbent1: mucks hand 
Lurik collected $2.10 from side pot
sandy bud: shows [6d 6h] (a full house, Sixes full of Deuces)
sandy bud collected $18.25 from main pot
*** SUMMARY ***
Total pot $21.35 Main pot $18.25. Side pot $2.10. | Rake $1 
Board [6c 4h 2c 3h 2d]
Seat 1: Alameda22 folded before Flop (didn't bet)
Seat 3: xxWACKOxx folded before Flop (didn't bet)
Seat 4: Kukoc69 (button) folded before Flop (didn't bet)
Seat 5: sandy bud (small blind) showed [6d 6h] and won ($18.25) with a full house, Sixes full of Deuces
Seat 6: Greg15001 (big blind) folded on the Flop
Seat 7: Lurik showed [Qc Qs] and won ($2.10) with two pair, Queens and Deuces
Seat 8: mtbroadbent1 mucked [6s As]
Seat 9: zokki123 folded before Flop (didn't bet)



PokerStars Game #20142502430:  Hold'em No Limit ($0.10/$0.25) - 2008/09/04 13:58:18 ET
Table 'Telamon IV' 9-max Seat #5 is the button
Seat 1: Alameda22 ($26.40 in chips) 
Seat 3: xxWACKOxx ($25.75 in chips) 
Seat 4: Kukoc69 ($27.55 in chips) 
Seat 5: sandy bud ($18.25 in chips) 
Seat 6: Greg15001 ($25.45 in chips) 
Seat 7: Lurik ($12.95 in chips) 
Seat 9: zokki123 ($28.65 in chips) 
Greg15001: posts small blind $0.10
Lurik: posts big blind $0.25
*** HOLE CARDS ***
Dealt to Alameda22 [5c 8c]
zokki123: folds 
Alameda22: folds 
mtbroadbent1 has returned
xxWACKOxx: folds 
Kukoc69: folds 
sandy bud: calls $0.25
Greg15001: folds 
Lurik: raises $0.50 to $0.75
sandy bud: folds 
Uncalled bet ($0.50) returned to Lurik
Lurik collected $0.60 from pot
Lurik: doesn't show hand 
*** SUMMARY ***
Total pot $0.60 | Rake $0 
Seat 1: Alameda22 folded before Flop (didn't bet)
Seat 3: xxWACKOxx folded before Flop (didn't bet)
Seat 4: Kukoc69 folded before Flop (didn't bet)
Seat 5: sandy bud (button) folded before Flop
Seat 6: Greg15001 (small blind) folded before Flop
Seat 7: Lurik (big blind) collected ($0.60)
Seat 9: zokki123 folded before Flop (didn't bet)



PokerStars Game #20142519156:  Hold'em No Limit ($0.10/$0.25) - 2008/09/04 13:59:01 ET
Table 'Telamon IV' 9-max Seat #6 is the button
Seat 1: Alameda22 ($26.40 in chips) 
Seat 3: xxWACKOxx ($25.75 in chips) 
Seat 4: Kukoc69 ($27.55 in chips) 
Seat 5: sandy bud ($18 in chips) 
Seat 6: Greg15001 ($25.35 in chips) 
Seat 7: Lurik ($13.30 in chips) 
Seat 8: mtbroadbent1 ($5 in chips) 
Seat 9: zokki123 ($28.65 in chips) 
Lurik: posts small blind $0.10
mtbroadbent1: posts big blind $0.25
*** HOLE CARDS ***
Dealt to Alameda22 [2s 3s]
zokki123: folds 
Alameda22: folds 
xxWACKOxx: calls $0.25
Kukoc69: folds 
sandy bud: calls $0.25
Greg15001: folds 
Lurik: folds 
mtbroadbent1: checks 
*** FLOP *** [As 9c 8d]
mtbroadbent1: checks 
Lurik leaves the table
xxWACKOxx: bets $0.75
sandy bud: calls $0.75
mtbroadbent1: folds 
*** TURN *** [As 9c 8d] [Qd]
xxWACKOxx: bets $1
sandy bud: calls $1
*** RIVER *** [As 9c 8d Qd] [9s]
xxWACKOxx: checks 
BadBeat69 joins the table at seat #7 
sandy bud: checks 
*** SHOW DOWN ***
xxWACKOxx: shows [7d 6h] (a pair of Nines)
sandy bud: shows [Ac Tc] (two pair, Aces and Nines)
sandy bud collected $4.15 from pot
*** SUMMARY ***
Total pot $4.35 | Rake $0.20 
Board [As 9c 8d Qd 9s]
Seat 1: Alameda22 folded before Flop (didn't bet)
Seat 3: xxWACKOxx showed [7d 6h] and lost with a pair of Nines
Seat 4: Kukoc69 folded before Flop (didn't bet)
Seat 5: sandy bud showed [Ac Tc] and won ($4.15) with two pair, Aces and Nines
Seat 6: Greg15001 (button) folded before Flop (didn't bet)
Seat 7: Lurik (small blind) folded before Flop
Seat 8: mtbroadbent1 (big blind) folded on the Flop
Seat 9: zokki123 folded before Flop (didn't bet)



PokerStars Game #20142547213:  Hold'em No Limit ($0.10/$0.25) - 2008/09/04 14:00:10 ET
Table 'Telamon IV' 9-max Seat #8 is the button
Seat 1: Alameda22 ($26.40 in chips) 
Seat 3: xxWACKOxx ($25 in chips) 
Seat 4: Kukoc69 ($27.55 in chips) 
Seat 5: sandy bud ($20.15 in chips) 
Seat 6: Greg15001 ($25.35 in chips) 
Seat 8: mtbroadbent1 ($4.75 in chips) 
Seat 9: zokki123 ($28.65 in chips) 
zokki123: posts small blind $0.10
Alameda22: posts big blind $0.25
BadBeat69: sits out 
*** HOLE CARDS ***
Dealt to Alameda22 [Jd 6s]
xxWACKOxx: folds 
Kukoc69: folds 
sandy bud: calls $0.25
Greg15001: folds 
mtbroadbent1: folds 
zokki123: folds 
Alameda22: checks 
*** FLOP *** [9s 9d 2s]
Alameda22: checks 
sandy bud: checks 
*** TURN *** [9s 9d 2s] [As]
Alameda22: checks 
sandy bud: checks 
*** RIVER *** [9s 9d 2s As] [Kh]
Alameda22: checks 
sandy bud: checks 
*** SHOW DOWN ***
Alameda22: shows [Jd 6s] (a pair of Nines)
sandy bud: shows [Qs Kc] (two pair, Kings and Nines)
sandy bud collected $0.60 from pot
*** SUMMARY ***
Total pot $0.60 | Rake $0 
Board [9s 9d 2s As Kh]
Seat 1: Alameda22 (big blind) showed [Jd 6s] and lost with a pair of Nines
Seat 3: xxWACKOxx folded before Flop (didn't bet)
Seat 4: Kukoc69 folded before Flop (didn't bet)
Seat 5: sandy bud showed [Qs Kc] and won ($0.60) with two pair, Kings and Nines
Seat 6: Greg15001 folded before Flop (didn't bet)
Seat 8: mtbroadbent1 (button) folded before Flop (didn't bet)
Seat 9: zokki123 (small blind) folded before Flop



PokerStars Game #20142574372:  Hold'em No Limit ($0.10/$0.25) - 2008/09/04 14:01:17 ET
Table 'Telamon IV' 9-max Seat #9 is the button
Seat 1: Alameda22 ($26.15 in chips) 
Seat 3: xxWACKOxx ($25 in chips) 
Seat 4: Kukoc69 ($27.55 in chips) 
Seat 5: sandy bud ($20.50 in chips) 
Seat 6: Greg15001 ($25.35 in chips) 
Seat 8: mtbroadbent1 ($4.75 in chips) 
Seat 9: zokki123 ($28.55 in chips) 
Alameda22: posts small blind $0.10
xxWACKOxx: posts big blind $0.25
BadBeat69: sits out 
*** HOLE CARDS ***
Dealt to Alameda22 [Ad 2d]
Kukoc69: folds 
sandy bud: folds 
Greg15001: raises $0.75 to $1
mtbroadbent1: folds 
zokki123: folds 
Alameda22: folds 
xxWACKOxx: folds 
Uncalled bet ($0.75) returned to Greg15001
Greg15001 collected $0.60 from pot
*** SUMMARY ***
Total pot $0.60 | Rake $0 
Seat 1: Alameda22 (small blind) folded before Flop
Seat 3: xxWACKOxx (big blind) folded before Flop
Seat 4: Kukoc69 folded before Flop (didn't bet)
Seat 5: sandy bud folded before Flop (didn't bet)
Seat 6: Greg15001 collected ($0.60)
Seat 8: mtbroadbent1 folded before Flop (didn't bet)
Seat 9: zokki123 (button) folded before Flop (didn't bet)



PokerStars Game #20142584861:  Hold'em No Limit ($0.10/$0.25) - 2008/09/04 14:01:43 ET
Table 'Telamon IV' 9-max Seat #1 is the button
Seat 1: Alameda22 ($26.05 in chips) 
Seat 3: xxWACKOxx ($24.75 in chips) 
Seat 4: Kukoc69 ($27.55 in chips) 
Seat 5: sandy bud ($20.50 in chips) 
Seat 6: Greg15001 ($25.70 in chips) 
Seat 8: mtbroadbent1 ($4.75 in chips) 
Seat 9: zokki123 ($28.55 in chips) 
xxWACKOxx: posts small blind $0.10
Kukoc69: posts big blind $0.25
BadBeat69: sits out 
*** HOLE CARDS ***
Dealt to Alameda22 [6d Jc]
sandy bud: folds 
Greg15001: folds 
mtbroadbent1: folds 
StormRyda leaves the table
zokki123: folds 
Alameda22: folds 
xxWACKOxx: calls $0.15
Kukoc69: checks 
*** FLOP *** [Kc Qd 3h]
xxWACKOxx: checks 
Kukoc69: checks 
*** TURN *** [Kc Qd 3h] [7d]
xxWACKOxx: checks 
Kukoc69: checks 
*** RIVER *** [Kc Qd 3h 7d] [Ad]
xxWACKOxx: checks 
Kukoc69: bets $1.25
xxWACKOxx: folds 
Uncalled bet ($1.25) returned to Kukoc69
Kukoc69 collected $0.50 from pot
Kukoc69: doesn't show hand 
*** SUMMARY ***
Total pot $0.50 | Rake $0 
Board [Kc Qd 3h 7d Ad]
Seat 1: Alameda22 (button) folded before Flop (didn't bet)
Seat 3: xxWACKOxx (small blind) folded on the River
Seat 4: Kukoc69 (big blind) collected ($0.50)
Seat 5: sandy bud folded before Flop (didn't bet)
Seat 6: Greg15001 folded before Flop (didn't bet)
Seat 8: mtbroadbent1 folded before Flop (didn't bet)
Seat 9: zokki123 folded before Flop (didn't bet)



PokerStars Game #20142607703:  Hold'em No Limit ($0.10/$0.25) - 2008/09/04 14:02:40 ET
Table 'Telamon IV' 9-max Seat #3 is the button
Seat 1: Alameda22 ($26.05 in chips) 
Seat 3: xxWACKOxx ($24.50 in chips) 
Seat 4: Kukoc69 ($27.80 in chips) 
Seat 5: sandy bud ($20.50 in chips) 
Seat 6: Greg15001 ($25.70 in chips) 
Seat 8: mtbroadbent1 ($4.75 in chips) 
Seat 9: zokki123 ($28.55 in chips) 
Kukoc69: posts small blind $0.10
sandy bud: posts big blind $0.25
BadBeat69: sits out 
*** HOLE CARDS ***
Dealt to Alameda22 [5c 6h]
Greg15001: folds 
mtbroadbent1: folds 
zokki123: folds 
Alameda22: folds 
xxWACKOxx: folds 
xxWACKOxx leaves the table
Kukoc69: raises $0.75 to $1
sandy bud: calls $0.75
*** FLOP *** [Qc Ad 9h]
Kukoc69: bets $1.25
sandy bud: folds 
Uncalled bet ($1.25) returned to Kukoc69
Kukoc69 collected $1.90 from pot
Kukoc69: doesn't show hand 
*** SUMMARY ***
Total pot $2 | Rake $0.10 
Board [Qc Ad 9h]
Seat 1: Alameda22 folded before Flop (didn't bet)
Seat 3: xxWACKOxx (button) folded before Flop (didn't bet)
Seat 4: Kukoc69 (small blind) collected ($1.90)
Seat 5: sandy bud (big blind) folded on the Flop
Seat 6: Greg15001 folded before Flop (didn't bet)
Seat 8: mtbroadbent1 folded before Flop (didn't bet)
Seat 9: zokki123 folded before Flop (didn't bet)



PokerStars Game #20142628812:  Hold'em No Limit ($0.10/$0.25) - 2008/09/04 14:03:32 ET
Table 'Telamon IV' 9-max Seat #4 is the button
Seat 1: Alameda22 ($26.05 in chips) 
Seat 4: Kukoc69 ($28.70 in chips) 
Seat 5: sandy bud ($19.50 in chips) 
Seat 6: Greg15001 ($25.70 in chips) 
Seat 8: mtbroadbent1 ($4.75 in chips) 
Seat 9: zokki123 ($28.55 in chips) 
sandy bud: posts small blind $0.10
Greg15001: posts big blind $0.25
BadBeat69: sits out 
*** HOLE CARDS ***
Dealt to Alameda22 [Kh 2d]
mtbroadbent1: folds 
zokki123: folds 
Alameda22: folds 
Kukoc69: folds 
sandy bud: calls $0.15
Greg15001: checks 
*** FLOP *** [6h Js 6c]
sandy bud: checks 
Greg15001: checks 
*** TURN *** [6h Js 6c] [5c]
sandy bud: checks 
Greg15001: checks 
*** RIVER *** [6h Js 6c 5c] [2h]
sandy bud: checks 
Greg15001: checks 
*** SHOW DOWN ***
sandy bud: shows [Ah 3c] (a pair of Sixes)
Greg15001: shows [Ac 9d] (a pair of Sixes - Ace+Jack+Nine kicker)
Greg15001 collected $0.50 from pot
*** SUMMARY ***
Total pot $0.50 | Rake $0 
Board [6h Js 6c 5c 2h]
Seat 1: Alameda22 folded before Flop (didn't bet)
Seat 4: Kukoc69 (button) folded before Flop (didn't bet)
Seat 5: sandy bud (small blind) showed [Ah 3c] and lost with a pair of Sixes
Seat 6: Greg15001 (big blind) showed [Ac 9d] and won ($0.50) with a pair of Sixes
Seat 8: mtbroadbent1 folded before Flop (didn't bet)
Seat 9: zokki123 folded before Flop (didn't bet)



PokerStars Game #20142673418:  Hold'em No Limit ($0.10/$0.25) - 2008/09/04 14:05:20 ET
Table 'Telamon IV' 9-max Seat #5 is the button
Seat 1: Alameda22 ($26.05 in chips) 
Seat 4: Kukoc69 ($28.70 in chips) 
Seat 5: sandy bud ($19.25 in chips) 
Seat 6: Greg15001 ($25.95 in chips) 
Seat 8: mtbroadbent1 ($4.75 in chips) 
Seat 9: zokki123 ($28.55 in chips) 
Greg15001: posts small blind $0.10
BadBeat69 has timed out
BadBeat69: is sitting out 
mtbroadbent1: posts big blind $0.25
*** HOLE CARDS ***
Dealt to Alameda22 [Jd Td]
zokki123: folds 
Alameda22: folds 
Kukoc69: folds 
sandy bud: folds 
BadBeat69 has returned
Greg15001: raises $0.75 to $1
mtbroadbent1: raises $3.75 to $4.75 and is all-in
Greg15001: folds 
Uncalled bet ($3.75) returned to mtbroadbent1
mtbroadbent1 collected $2 from pot
mtbroadbent1: doesn't show hand 
*** SUMMARY ***
Total pot $2 | Rake $0 
Seat 1: Alameda22 folded before Flop (didn't bet)
Seat 4: Kukoc69 folded before Flop (didn't bet)
Seat 5: sandy bud (button) folded before Flop (didn't bet)
Seat 6: Greg15001 (small blind) folded before Flop
Seat 8: mtbroadbent1 (big blind) collected ($2)
Seat 9: zokki123 folded before Flop (didn't bet)



PokerStars Game #20142707946:  Hold'em No Limit ($0.10/$0.25) - 2008/09/04 14:06:43 ET
Table 'Telamon IV' 9-max Seat #6 is the button
Seat 1: Alameda22 ($26.05 in chips) 
Seat 4: Kukoc69 ($28.70 in chips) 
Seat 5: sandy bud ($19.25 in chips) 
Seat 6: Greg15001 ($25 in chips) 
Seat 8: mtbroadbent1 ($5.75 in chips) 
Seat 9: zokki123 ($28.55 in chips) 
BadBeat69 will be allowed to play after the button
mtbroadbent1: posts small blind $0.10
zokki123: posts big blind $0.25
*** HOLE CARDS ***
Dealt to Alameda22 [2d 6s]
Alameda22: folds 
Kukoc69: folds 
sandy bud: folds 
buzz060 joins the table at seat #3 
Greg15001: raises $0.75 to $1
mtbroadbent1: folds 
zokki123: folds 
Uncalled bet ($0.75) returned to Greg15001
Greg15001 collected $0.60 from pot
Greg15001: doesn't show hand 
*** SUMMARY ***
Total pot $0.60 | Rake $0 
Seat 1: Alameda22 folded before Flop (didn't bet)
Seat 4: Kukoc69 folded before Flop (didn't bet)
Seat 5: sandy bud folded before Flop (didn't bet)
Seat 6: Greg15001 (button) collected ($0.60)
Seat 8: mtbroadbent1 (small blind) folded before Flop
Seat 9: zokki123 (big blind) folded before Flop



PokerStars Game #20142723364:  Hold'em No Limit ($0.10/$0.25) - 2008/09/04 14:07:20 ET
Table 'Telamon IV' 9-max Seat #8 is the button
Seat 1: Alameda22 ($26.05 in chips) 
Seat 3: buzz060 ($15 in chips) 
Seat 4: Kukoc69 ($28.70 in chips) 
Seat 5: sandy bud ($19.25 in chips) 
Seat 6: Greg15001 ($25.35 in chips) 
Seat 8: mtbroadbent1 ($5.65 in chips) 
Seat 9: zokki123 ($28.30 in chips) 
zokki123: posts small blind $0.10
Alameda22: posts big blind $0.25
buzz060: posts big blind $0.25
BadBeat69: sits out 
*** HOLE CARDS ***
Dealt to Alameda22 [Qc 7d]
buzz060: checks 
Kukoc69: folds 
Kukoc69 leaves the table
sandy bud: calls $0.25
Greg15001: folds 
mtbroadbent1: calls $0.25
zokki123: folds 
GurrenLagann joins the table at seat #2 
Alameda22: checks 
*** FLOP *** [4h 5s 9c]
Alameda22: checks 
buzz060: bets $0.75
sandy bud: calls $0.75
mtbroadbent1: folds 
Alameda22: folds 
*** TURN *** [4h 5s 9c] [5h]
buzz060: bets $2
sandy bud: calls $2
*** RIVER *** [4h 5s 9c 5h] [8d]
buzz060: checks 
leomaniac joins the table at seat #4 
sandy bud: bets $5
buzz060: raises $7 to $12 and is all-in
sandy bud: calls $7
*** SHOW DOWN ***
buzz060: shows [5d 2c] (three of a kind, Fives)
sandy bud: shows [5c 4c] (a full house, Fives full of Fours)
sandy bud collected $29.10 from pot
buzz060 leaves the table
*** SUMMARY ***
Total pot $30.60 | Rake $1.50 
Board [4h 5s 9c 5h 8d]
Seat 1: Alameda22 (big blind) folded on the Flop
Seat 3: buzz060 showed [5d 2c] and lost with three of a kind, Fives
Seat 4: Kukoc69 folded before Flop (didn't bet)
Seat 5: sandy bud showed [5c 4c] and won ($29.10) with a full house, Fives full of Fours
Seat 6: Greg15001 folded before Flop (didn't bet)
Seat 8: mtbroadbent1 (button) folded on the Flop
Seat 9: zokki123 (small blind) folded before Flop



PokerStars Game #20142761927:  Hold'em No Limit ($0.10/$0.25) - 2008/09/04 14:08:54 ET
Table 'Telamon IV' 9-max Seat #9 is the button
Seat 1: Alameda22 ($25.80 in chips) 
Seat 2: GurrenLagann ($20 in chips) 
Seat 5: sandy bud ($33.35 in chips) 
Seat 6: Greg15001 ($25.35 in chips) 
Seat 8: mtbroadbent1 ($5.40 in chips) 
Seat 9: zokki123 ($28.20 in chips) 
Alameda22: posts small blind $0.10
GurrenLagann: posts big blind $0.25
leomaniac: sits out 
BadBeat69: sits out 
*** HOLE CARDS ***
Dealt to Alameda22 [7d Tc]
sandy bud: calls $0.25
Greg15001: folds 
mtbroadbent1: calls $0.25
zokki123: folds 
Alameda22: folds 
GurrenLagann: checks 
*** FLOP *** [3h 9c 4d]
GurrenLagann: checks 
sandy bud: checks 
mtbroadbent1: bets $0.50
GurrenLagann: calls $0.50
sandy bud: folds 
*** TURN *** [3h 9c 4d] [Jh]
GurrenLagann: checks 
mtbroadbent1: bets $1
GurrenLagann: calls $1
*** RIVER *** [3h 9c 4d Jh] [5c]
GurrenLagann: checks 
sandy bud leaves the table
mtbroadbent1: checks 
*** SHOW DOWN ***
GurrenLagann: shows [5s 6h] (a pair of Fives)
mtbroadbent1: shows [Kc Jd] (a pair of Jacks)
mtbroadbent1 collected $3.70 from pot
*** SUMMARY ***
Total pot $3.85 | Rake $0.15 
Board [3h 9c 4d Jh 5c]
Seat 1: Alameda22 (small blind) folded before Flop
Seat 2: GurrenLagann (big blind) showed [5s 6h] and lost with a pair of Fives
Seat 5: sandy bud folded on the Flop
Seat 6: Greg15001 folded before Flop (didn't bet)
Seat 8: mtbroadbent1 showed [Kc Jd] and won ($3.70) with a pair of Jacks
Seat 9: zokki123 (button) folded before Flop (didn't bet)



PokerStars Game #20142797152:  Hold'em No Limit ($0.10/$0.25) - 2008/09/04 14:10:17 ET
Table 'Telamon IV' 9-max Seat #1 is the button
Seat 1: Alameda22 ($25.70 in chips) 
Seat 2: GurrenLagann ($18.25 in chips) 
Seat 4: leomaniac ($5 in chips) 
Seat 6: Greg15001 ($25.35 in chips) 
Seat 8: mtbroadbent1 ($7.35 in chips) 
Seat 9: zokki123 ($28.20 in chips) 
GurrenLagann: posts small blind $0.10
leomaniac: posts big blind $0.25
BadBeat69: sits out 
*** HOLE CARDS ***
Dealt to Alameda22 [Td Qc]
cw1307 joins the table at seat #5 
Greg15001: folds 
mtbroadbent1: raises $1 to $1.25
zokki123: folds 
Alameda22: folds 
GurrenLagann: folds 
leomaniac: folds 
Uncalled bet ($1) returned to mtbroadbent1
mtbroadbent1 collected $0.60 from pot
mtbroadbent1: doesn't show hand 
*** SUMMARY ***
Total pot $0.60 | Rake $0 
Seat 1: Alameda22 (button) folded before Flop (didn't bet)
Seat 2: GurrenLagann (small blind) folded before Flop
Seat 4: leomaniac (big blind) folded before Flop
Seat 6: Greg15001 folded before Flop (didn't bet)
Seat 8: mtbroadbent1 collected ($0.60)
Seat 9: zokki123 folded before Flop (didn't bet)



PokerStars Game #20142822252:  Hold'em No Limit ($0.10/$0.25) - 2008/09/04 14:11:17 ET
Table 'Telamon IV' 9-max Seat #2 is the button
Seat 1: Alameda22 ($25.70 in chips) 
Seat 2: GurrenLagann ($18.15 in chips) 
Seat 4: leomaniac ($4.75 in chips) 
Seat 5: cw1307 ($15 in chips) 
Seat 6: Greg15001 ($25.35 in chips) 
Seat 8: mtbroadbent1 ($7.70 in chips) 
Seat 9: zokki123 ($28.20 in chips) 
leomaniac: posts small blind $0.10
cw1307: posts big blind $0.25
BadBeat69: sits out 
*** HOLE CARDS ***
Dealt to Alameda22 [4s Td]
Greg15001: folds 
mtbroadbent1: folds 
zokki123: raises $0.25 to $0.50
Gmullie joins the table at seat #3 
Alameda22: folds 
GurrenLagann: raises $0.75 to $1.25
leomaniac: folds 
cw1307: folds 
zokki123: calls $0.75
*** FLOP *** [Ac Qh 7h]
zokki123: checks 
GurrenLagann: bets $1.25
zokki123: folds 
Uncalled bet ($1.25) returned to GurrenLagann
GurrenLagann collected $2.75 from pot
GurrenLagann: doesn't show hand 
*** SUMMARY ***
Total pot $2.85 | Rake $0.10 
Board [Ac Qh 7h]
Seat 1: Alameda22 folded before Flop (didn't bet)
Seat 2: GurrenLagann (button) collected ($2.75)
Seat 4: leomaniac (small blind) folded before Flop
Seat 5: cw1307 (big blind) folded before Flop
Seat 6: Greg15001 folded before Flop (didn't bet)
Seat 8: mtbroadbent1 folded before Flop (didn't bet)
Seat 9: zokki123 folded on the Flop



PokerStars Game #20142844773:  Hold'em No Limit ($0.10/$0.25) - 2008/09/04 14:12:10 ET
Table 'Telamon IV' 9-max Seat #4 is the button
Seat 1: Alameda22 ($25.70 in chips) 
Seat 2: GurrenLagann ($19.65 in chips) 
Seat 3: Gmullie ($25 in chips) 
Seat 4: leomaniac ($4.65 in chips) 
Seat 5: cw1307 ($14.75 in chips) 
Seat 6: Greg15001 ($25.35 in chips) 
Seat 8: mtbroadbent1 ($7.70 in chips) 
Seat 9: zokki123 ($26.95 in chips) 
cw1307: posts small blind $0.10
Greg15001: posts big blind $0.25
BadBeat69: sits out 
Gmullie: posts big blind $0.25
*** HOLE CARDS ***
Dealt to Alameda22 [5h 2c]
mtbroadbent1: folds 
zokki123: folds 
Alameda22: folds 
GurrenLagann: calls $0.25
Gmullie: checks 
leomaniac: folds 
cw1307: calls $0.15
Greg15001: checks 
*** FLOP *** [Kh Ad 9d]
cw1307: checks 
Greg15001: checks 
GurrenLagann: checks 
Gmullie: checks 
*** TURN *** [Kh Ad 9d] [Jc]
cw1307: checks 
Greg15001: checks 
GurrenLagann: checks 
Gmullie: checks 
*** RIVER *** [Kh Ad 9d Jc] [3c]
cw1307: checks 
Greg15001: checks 
GurrenLagann: checks 
Gmullie: checks 
*** SHOW DOWN ***
cw1307: shows [8h Th] (high card Ace)
Greg15001: shows [3h 5d] (a pair of Threes)
GurrenLagann: shows [7d 7c] (a pair of Sevens)
Gmullie: mucks hand 
GurrenLagann collected $0.95 from pot
*** SUMMARY ***
Total pot $1 | Rake $0.05 
Board [Kh Ad 9d Jc 3c]
Seat 1: Alameda22 folded before Flop (didn't bet)
Seat 2: GurrenLagann showed [7d 7c] and won ($0.95) with a pair of Sevens
Seat 3: Gmullie mucked [2s 4s]
Seat 4: leomaniac (button) folded before Flop (didn't bet)
Seat 5: cw1307 (small blind) showed [8h Th] and lost with high card Ace
Seat 6: Greg15001 (big blind) showed [3h 5d] and lost with a pair of Threes
Seat 8: mtbroadbent1 folded before Flop (didn't bet)
Seat 9: zokki123 folded before Flop (didn't bet)



PokerStars Game #20142887355:  Hold'em No Limit ($0.10/$0.25) - 2008/09/04 14:13:53 ET
Table 'Telamon IV' 9-max Seat #5 is the button
Seat 1: Alameda22 ($25.70 in chips) 
Seat 2: GurrenLagann ($20.35 in chips) 
Seat 3: Gmullie ($24.75 in chips) 
Seat 4: leomaniac ($4.65 in chips) 
Seat 5: cw1307 ($14.50 in chips) 
Seat 6: Greg15001 ($25.10 in chips) 
Seat 7: BadBeat69 ($11 in chips) 
Seat 8: mtbroadbent1 ($7.70 in chips) 
Seat 9: zokki123 ($26.95 in chips) 
Greg15001: posts small blind $0.10
BadBeat69: posts big blind $0.25
*** HOLE CARDS ***
Dealt to Alameda22 [Kh 8h]
mtbroadbent1: calls $0.25
zokki123: folds 
Alameda22: folds 
GurrenLagann: folds 
Gmullie: folds 
leomaniac: folds 
cw1307: folds 
Greg15001: folds 
BadBeat69: checks 
*** FLOP *** [7s Kd 9h]
BadBeat69: checks 
mtbroadbent1: bets $0.25
BadBeat69: folds 
Uncalled bet ($0.25) returned to mtbroadbent1
mtbroadbent1 collected $0.60 from pot
mtbroadbent1: doesn't show hand 
*** SUMMARY ***
Total pot $0.60 | Rake $0 
Board [7s Kd 9h]
Seat 1: Alameda22 folded before Flop (didn't bet)
Seat 2: GurrenLagann folded before Flop (didn't bet)
Seat 3: Gmullie folded before Flop (didn't bet)
Seat 4: leomaniac folded before Flop (didn't bet)
Seat 5: cw1307 (button) folded before Flop (didn't bet)
Seat 6: Greg15001 (small blind) folded before Flop
Seat 7: BadBeat69 (big blind) folded on the Flop
Seat 8: mtbroadbent1 collected ($0.60)
Seat 9: zokki123 folded before Flop (didn't bet)



PokerStars Game #20142924283:  Hold'em No Limit ($0.10/$0.25) - 2008/09/04 14:15:22 ET
Table 'Telamon IV' 9-max Seat #6 is the button
Seat 1: Alameda22 ($25.70 in chips) 
Seat 2: GurrenLagann ($20.35 in chips) 
Seat 3: Gmullie ($24.75 in chips) 
Seat 4: leomaniac ($4.65 in chips) 
Seat 5: cw1307 ($14.50 in chips) 
Seat 6: Greg15001 ($25 in chips) 
Seat 7: BadBeat69 ($10.75 in chips) 
Seat 8: mtbroadbent1 ($8.05 in chips) 
Seat 9: zokki123 ($26.95 in chips) 
BadBeat69: posts small blind $0.10
mtbroadbent1: posts big blind $0.25
*** HOLE CARDS ***
Dealt to Alameda22 [2d 5d]
zokki123: folds 
Alameda22: folds 
GurrenLagann: folds 
Gmullie: folds 
leomaniac: folds 
cw1307: folds 
Greg15001: folds 
BadBeat69: folds 
Uncalled bet ($0.15) returned to mtbroadbent1
mtbroadbent1 collected $0.20 from pot
mtbroadbent1: doesn't show hand 
*** SUMMARY ***
Total pot $0.20 | Rake $0 
Seat 1: Alameda22 folded before Flop (didn't bet)
Seat 2: GurrenLagann folded before Flop (didn't bet)
Seat 3: Gmullie folded before Flop (didn't bet)
Seat 4: leomaniac folded before Flop (didn't bet)
Seat 5: cw1307 folded before Flop (didn't bet)
Seat 6: Greg15001 (button) folded before Flop (didn't bet)
Seat 7: BadBeat69 (small blind) folded before Flop
Seat 8: mtbroadbent1 (big blind) collected ($0.20)
Seat 9: zokki123 folded before Flop (didn't bet)



PokerStars Game #20142939122:  Hold'em No Limit ($0.10/$0.25) - 2008/09/04 14:15:57 ET
Table 'Telamon IV' 9-max Seat #7 is the button
Seat 1: Alameda22 ($25.70 in chips) 
Seat 2: GurrenLagann ($20.35 in chips) 
Seat 3: Gmullie ($24.75 in chips) 
Seat 4: leomaniac ($4.65 in chips) 
Seat 5: cw1307 ($14.50 in chips) 
Seat 6: Greg15001 ($25 in chips) 
Seat 7: BadBeat69 ($10.65 in chips) 
Seat 8: mtbroadbent1 ($8.15 in chips) 
Seat 9: zokki123 ($26.95 in chips) 
mtbroadbent1: posts small blind $0.10
zokki123: posts big blind $0.25
*** HOLE CARDS ***
Dealt to Alameda22 [Ks 4h]
Alameda22: folds 
GurrenLagann: folds 
Gmullie: folds 
leomaniac: calls $0.25
cw1307: folds 
Greg15001: folds 
BadBeat69: folds 
mtbroadbent1: folds 
zokki123: raises $0.50 to $0.75
leomaniac: calls $0.50
*** FLOP *** [5s Tc Kc]
zokki123: checks 
leomaniac: bets $1
zokki123: folds 
Uncalled bet ($1) returned to leomaniac
leomaniac collected $1.55 from pot
leomaniac: doesn't show hand 
*** SUMMARY ***
Total pot $1.60 | Rake $0.05 
Board [5s Tc Kc]
Seat 1: Alameda22 folded before Flop (didn't bet)
Seat 2: GurrenLagann folded before Flop (didn't bet)
Seat 3: Gmullie folded before Flop (didn't bet)
Seat 4: leomaniac collected ($1.55)
Seat 5: cw1307 folded before Flop (didn't bet)
Seat 6: Greg15001 folded before Flop (didn't bet)
Seat 7: BadBeat69 (button) folded before Flop (didn't bet)
Seat 8: mtbroadbent1 (small blind) folded before Flop
Seat 9: zokki123 (big blind) folded on the Flop



PokerStars Game #20142969019:  Hold'em No Limit ($0.10/$0.25) - 2008/09/04 14:17:09 ET
Table 'Telamon IV' 9-max Seat #8 is the button
Seat 1: Alameda22 ($25.70 in chips) 
Seat 2: GurrenLagann ($20.35 in chips) 
Seat 3: Gmullie ($24.75 in chips) 
Seat 4: leomaniac ($5.45 in chips) 
Seat 5: cw1307 ($14.50 in chips) 
Seat 6: Greg15001 ($25 in chips) 
Seat 7: BadBeat69 ($10.65 in chips) 
Seat 8: mtbroadbent1 ($8.05 in chips) 
Seat 9: zokki123 ($26.20 in chips) 
zokki123: posts small blind $0.10
Alameda22: posts big blind $0.25
*** HOLE CARDS ***
Dealt to Alameda22 [6h Jc]
GurrenLagann: folds 
Gmullie: folds 
leomaniac: folds 
cw1307: folds 
Greg15001: folds 
BadBeat69: folds 
mtbroadbent1: calls $0.25
zokki123: folds 
Alameda22: checks 
*** FLOP *** [6s Kc 7c]
Alameda22: checks 
mtbroadbent1: checks 
*** TURN *** [6s Kc 7c] [3d]
Alameda22: checks 
mtbroadbent1: bets $0.50
Alameda22: folds 
Uncalled bet ($0.50) returned to mtbroadbent1
mtbroadbent1 collected $0.60 from pot
mtbroadbent1: doesn't show hand 
*** SUMMARY ***
Total pot $0.60 | Rake $0 
Board [6s Kc 7c 3d]
Seat 1: Alameda22 (big blind) folded on the Turn
Seat 2: GurrenLagann folded before Flop (didn't bet)
Seat 3: Gmullie folded before Flop (didn't bet)
Seat 4: leomaniac folded before Flop (didn't bet)
Seat 5: cw1307 folded before Flop (didn't bet)
Seat 6: Greg15001 folded before Flop (didn't bet)
Seat 7: BadBeat69 folded before Flop (didn't bet)
Seat 8: mtbroadbent1 (button) collected ($0.60)
Seat 9: zokki123 (small blind) folded before Flop



PokerStars Game #20142988225:  Hold'em No Limit ($0.10/$0.25) - 2008/09/04 14:17:55 ET
Table 'Telamon IV' 9-max Seat #9 is the button
Seat 1: Alameda22 ($25.45 in chips) 
Seat 2: GurrenLagann ($20.35 in chips) 
Seat 3: Gmullie ($24.75 in chips) 
Seat 4: leomaniac ($5.45 in chips) 
Seat 5: cw1307 ($14.50 in chips) 
Seat 6: Greg15001 ($25 in chips) 
Seat 7: BadBeat69 ($10.65 in chips) 
Seat 8: mtbroadbent1 ($8.40 in chips) 
Seat 9: zokki123 ($26.10 in chips) 
Alameda22: posts small blind $0.10
GurrenLagann: posts big blind $0.25
*** HOLE CARDS ***
Dealt to Alameda22 [3s Ah]
Gmullie: folds 
leomaniac: folds 
cw1307: folds 
Greg15001: folds 
BadBeat69: folds 
mtbroadbent1: calls $0.25
zokki123: folds 
Alameda22: folds 
GurrenLagann: checks 
*** FLOP *** [7c 6d Qs]
GurrenLagann: checks 
mtbroadbent1: bets $0.50
GurrenLagann: folds 
Uncalled bet ($0.50) returned to mtbroadbent1
mtbroadbent1 collected $0.60 from pot
mtbroadbent1: doesn't show hand 
*** SUMMARY ***
Total pot $0.60 | Rake $0 
Board [7c 6d Qs]
Seat 1: Alameda22 (small blind) folded before Flop
Seat 2: GurrenLagann (big blind) folded on the Flop
Seat 3: Gmullie folded before Flop (didn't bet)
Seat 4: leomaniac folded before Flop (didn't bet)
Seat 5: cw1307 folded before Flop (didn't bet)
Seat 6: Greg15001 folded before Flop (didn't bet)
Seat 7: BadBeat69 folded before Flop (didn't bet)
Seat 8: mtbroadbent1 collected ($0.60)
Seat 9: zokki123 (button) folded before Flop (didn't bet)



PokerStars Game #20143011904:  Hold'em No Limit ($0.10/$0.25) - 2008/09/04 14:18:53 ET
Table 'Telamon IV' 9-max Seat #1 is the button
Seat 1: Alameda22 ($25.35 in chips) 
Seat 2: GurrenLagann ($20.10 in chips) 
Seat 3: Gmullie ($24.75 in chips) 
Seat 4: leomaniac ($5.45 in chips) 
Seat 5: cw1307 ($14.50 in chips) 
Seat 6: Greg15001 ($25 in chips) 
Seat 7: BadBeat69 ($10.65 in chips) 
Seat 8: mtbroadbent1 ($8.75 in chips) 
Seat 9: zokki123 ($26.10 in chips) 
GurrenLagann: posts small blind $0.10
Gmullie: posts big blind $0.25
*** HOLE CARDS ***
Dealt to Alameda22 [5s 2h]
leomaniac: folds 
cw1307: folds 
Greg15001: folds 
BadBeat69: folds 
mtbroadbent1: folds 
zokki123: folds 
Alameda22: folds 
GurrenLagann: folds 
Uncalled bet ($0.15) returned to Gmullie
Gmullie collected $0.20 from pot
Gmullie: doesn't show hand 
*** SUMMARY ***
Total pot $0.20 | Rake $0 
Seat 1: Alameda22 (button) folded before Flop (didn't bet)
Seat 2: GurrenLagann (small blind) folded before Flop
Seat 3: Gmullie (big blind) collected ($0.20)
Seat 4: leomaniac folded before Flop (didn't bet)
Seat 5: cw1307 folded before Flop (didn't bet)
Seat 6: Greg15001 folded before Flop (didn't bet)
Seat 7: BadBeat69 folded before Flop (didn't bet)
Seat 8: mtbroadbent1 folded before Flop (didn't bet)
Seat 9: zokki123 folded before Flop (didn't bet)



PokerStars Game #20143027478:  Hold'em No Limit ($0.10/$0.25) - 2008/09/04 14:19:30 ET
Table 'Telamon IV' 9-max Seat #2 is the button
Seat 1: Alameda22 ($25.35 in chips) 
Seat 2: GurrenLagann ($20 in chips) 
Seat 3: Gmullie ($24.85 in chips) 
Seat 4: leomaniac ($5.45 in chips) 
Seat 5: cw1307 ($14.50 in chips) 
Seat 6: Greg15001 ($25 in chips) 
Seat 7: BadBeat69 ($10.65 in chips) 
Seat 8: mtbroadbent1 ($8.75 in chips) 
Seat 9: zokki123 ($26.10 in chips) 
Gmullie: posts small blind $0.10
leomaniac: posts big blind $0.25
*** HOLE CARDS ***
Dealt to Alameda22 [Ac 6h]
cw1307: calls $0.25
Greg15001: folds 
BadBeat69: folds 
mtbroadbent1: folds 
zokki123: folds 
Alameda22: folds 
GurrenLagann: folds 
Gmullie: folds 
leomaniac: raises $0.75 to $1
cw1307: calls $0.75
*** FLOP *** [Kd 9c 9h]
leomaniac: bets $1
cw1307: calls $1
*** TURN *** [Kd 9c 9h] [6c]
leomaniac: bets $2
cw1307: folds 
Uncalled bet ($2) returned to leomaniac
leomaniac collected $3.90 from pot
leomaniac: doesn't show hand 
*** SUMMARY ***
Total pot $4.10 | Rake $0.20 
Board [Kd 9c 9h 6c]
Seat 1: Alameda22 folded before Flop (didn't bet)
Seat 2: GurrenLagann (button) folded before Flop (didn't bet)
Seat 3: Gmullie (small blind) folded before Flop
Seat 4: leomaniac (big blind) collected ($3.90)
Seat 5: cw1307 folded on the Turn
Seat 6: Greg15001 folded before Flop (didn't bet)
Seat 7: BadBeat69 folded before Flop (didn't bet)
Seat 8: mtbroadbent1 folded before Flop (didn't bet)
Seat 9: zokki123 folded before Flop (didn't bet)



PokerStars Game #20143060337:  Hold'em No Limit ($0.10/$0.25) - 2008/09/04 14:20:49 ET
Table 'Telamon IV' 9-max Seat #3 is the button
Seat 1: Alameda22 ($25.35 in chips) 
Seat 2: GurrenLagann ($20 in chips) 
Seat 3: Gmullie ($24.75 in chips) 
Seat 4: leomaniac ($7.35 in chips) 
Seat 5: cw1307 ($12.50 in chips) 
Seat 6: Greg15001 ($25 in chips) 
Seat 7: BadBeat69 ($10.65 in chips) 
Seat 8: mtbroadbent1 ($8.75 in chips) 
Seat 9: zokki123 ($26.10 in chips) 
leomaniac: posts small blind $0.10
cw1307: posts big blind $0.25
*** HOLE CARDS ***
Dealt to Alameda22 [Qc 6s]
Greg15001: folds 
BadBeat69: folds 
mtbroadbent1: folds 
zokki123: folds 
Alameda22: folds 
GurrenLagann: raises $1 to $1.25
Gmullie: folds 
leomaniac: folds 
cw1307: folds 
Uncalled bet ($1) returned to GurrenLagann
GurrenLagann collected $0.60 from pot
GurrenLagann: doesn't show hand 
*** SUMMARY ***
Total pot $0.60 | Rake $0 
Seat 1: Alameda22 folded before Flop (didn't bet)
Seat 2: GurrenLagann collected ($0.60)
Seat 3: Gmullie (button) folded before Flop (didn't bet)
Seat 4: leomaniac (small blind) folded before Flop
Seat 5: cw1307 (big blind) folded before Flop
Seat 6: Greg15001 folded before Flop (didn't bet)
Seat 7: BadBeat69 folded before Flop (didn't bet)
Seat 8: mtbroadbent1 folded before Flop (didn't bet)
Seat 9: zokki123 folded before Flop (didn't bet)



PokerStars Game #20143086378:  Hold'em No Limit ($0.10/$0.25) - 2008/09/04 14:21:51 ET
Table 'Telamon IV' 9-max Seat #4 is the button
Seat 1: Alameda22 ($25.35 in chips) 
Seat 2: GurrenLagann ($20.35 in chips) 
Seat 3: Gmullie ($24.75 in chips) 
Seat 4: leomaniac ($7.25 in chips) 
Seat 5: cw1307 ($12.25 in chips) 
Seat 6: Greg15001 ($25 in chips) 
Seat 7: BadBeat69 ($10.65 in chips) 
Seat 8: mtbroadbent1 ($8.75 in chips) 
Seat 9: zokki123 ($26.10 in chips) 
cw1307: posts small blind $0.10
Greg15001: posts big blind $0.25
*** HOLE CARDS ***
Dealt to Alameda22 [9d 5d]
BadBeat69: folds 
mtbroadbent1: folds 
zokki123: folds 
Alameda22: folds 
GurrenLagann: raises $0.50 to $0.75
Gmullie: folds 
leomaniac: folds 
cw1307: folds 
Greg15001: folds 
Uncalled bet ($0.50) returned to GurrenLagann
GurrenLagann collected $0.60 from pot
GurrenLagann: doesn't show hand 
*** SUMMARY ***
Total pot $0.60 | Rake $0 
Seat 1: Alameda22 folded before Flop (didn't bet)
Seat 2: GurrenLagann collected ($0.60)
Seat 3: Gmullie folded before Flop (didn't bet)
Seat 4: leomaniac (button) folded before Flop (didn't bet)
Seat 5: cw1307 (small blind) folded before Flop
Seat 6: Greg15001 (big blind) folded before Flop
Seat 7: BadBeat69 folded before Flop (didn't bet)
Seat 8: mtbroadbent1 folded before Flop (didn't bet)
Seat 9: zokki123 folded before Flop (didn't bet)



PokerStars Game #20143109900:  Hold'em No Limit ($0.10/$0.25) - 2008/09/04 14:22:47 ET
Table 'Telamon IV' 9-max Seat #5 is the button
Seat 1: Alameda22 ($25.35 in chips) 
Seat 2: GurrenLagann ($20.70 in chips) 
Seat 3: Gmullie ($24.75 in chips) 
Seat 4: leomaniac ($7.25 in chips) 
Seat 5: cw1307 ($12.15 in chips) 
Seat 6: Greg15001 ($24.75 in chips) 
Seat 7: BadBeat69 ($10.65 in chips) 
Seat 8: mtbroadbent1 ($8.75 in chips) 
Seat 9: zokki123 ($26.10 in chips) 
Greg15001: posts small blind $0.10
BadBeat69: posts big blind $0.25
*** HOLE CARDS ***
Dealt to Alameda22 [8d Jh]
mtbroadbent1: raises $0.50 to $0.75
zokki123: folds 
Alameda22: folds 
GurrenLagann: folds 
Gmullie: calls $0.75
leomaniac: folds 
cw1307: folds 
Greg15001: folds 
BadBeat69: folds 
*** FLOP *** [9c Kh 7h]
mtbroadbent1: checks 
Gmullie: checks 
*** TURN *** [9c Kh 7h] [Qc]
mtbroadbent1: bets $0.75
Gmullie: calls $0.75
*** RIVER *** [9c Kh 7h Qc] [Ks]
mtbroadbent1: checks 
Gmullie: bets $1.50
mtbroadbent1: calls $1.50
*** SHOW DOWN ***
Gmullie: shows [Tc Ah] (a pair of Kings)
mtbroadbent1: shows [As Ad] (two pair, Aces and Kings)
mtbroadbent1 collected $6.05 from pot
*** SUMMARY ***
Total pot $6.35 | Rake $0.30 
Board [9c Kh 7h Qc Ks]
Seat 1: Alameda22 folded before Flop (didn't bet)
Seat 2: GurrenLagann folded before Flop (didn't bet)
Seat 3: Gmullie showed [Tc Ah] and lost with a pair of Kings
Seat 4: leomaniac folded before Flop (didn't bet)
Seat 5: cw1307 (button) folded before Flop (didn't bet)
Seat 6: Greg15001 (small blind) folded before Flop
Seat 7: BadBeat69 (big blind) folded before Flop
Seat 8: mtbroadbent1 showed [As Ad] and won ($6.05) with two pair, Aces and Kings
Seat 9: zokki123 folded before Flop (didn't bet)



PokerStars Game #20143141337:  Hold'em No Limit ($0.10/$0.25) - 2008/09/04 14:24:02 ET
Table 'Telamon IV' 9-max Seat #6 is the button
Seat 1: Alameda22 ($25.35 in chips) 
Seat 2: GurrenLagann ($20.70 in chips) 
Seat 3: Gmullie ($21.75 in chips) 
Seat 4: leomaniac ($7.25 in chips) 
Seat 5: cw1307 ($12.15 in chips) 
Seat 6: Greg15001 ($24.65 in chips) 
Seat 7: BadBeat69 ($10.40 in chips) 
Seat 8: mtbroadbent1 ($11.80 in chips) 
Seat 9: zokki123 ($26.10 in chips) 
BadBeat69: posts small blind $0.10
mtbroadbent1: posts big blind $0.25
*** HOLE CARDS ***
Dealt to Alameda22 [Jd 6h]
zokki123: folds 
Alameda22: folds 
GurrenLagann: folds 
Gmullie: folds 
leomaniac: folds 
cw1307: folds 
Greg15001: raises $0.75 to $1
BadBeat69: folds 
mtbroadbent1: folds 
Uncalled bet ($0.75) returned to Greg15001
Greg15001 collected $0.60 from pot
*** SUMMARY ***
Total pot $0.60 | Rake $0 
Seat 1: Alameda22 folded before Flop (didn't bet)
Seat 2: GurrenLagann folded before Flop (didn't bet)
Seat 3: Gmullie folded before Flop (didn't bet)
Seat 4: leomaniac folded before Flop (didn't bet)
Seat 5: cw1307 folded before Flop (didn't bet)
Seat 6: Greg15001 (button) collected ($0.60)
Seat 7: BadBeat69 (small blind) folded before Flop
Seat 8: mtbroadbent1 (big blind) folded before Flop
Seat 9: zokki123 folded before Flop (didn't bet)



PokerStars Game #20143159824:  Hold'em No Limit ($0.10/$0.25) - 2008/09/04 14:24:46 ET
Table 'Telamon IV' 9-max Seat #7 is the button
Seat 1: Alameda22 ($25.35 in chips) 
Seat 2: GurrenLagann ($20.70 in chips) 
Seat 3: Gmullie ($25 in chips) 
Seat 4: leomaniac ($7.25 in chips) 
Seat 5: cw1307 ($12.15 in chips) 
Seat 6: Greg15001 ($25 in chips) 
Seat 7: BadBeat69 ($10.30 in chips) 
Seat 8: mtbroadbent1 ($11.55 in chips) 
Seat 9: zokki123 ($26.10 in chips) 
mtbroadbent1: posts small blind $0.10
zokki123: posts big blind $0.25
*** HOLE CARDS ***
Dealt to Alameda22 [9h 5s]
Alameda22: folds 
GurrenLagann: folds 
Gmullie: folds 
leomaniac: folds 
cw1307: folds 
Greg15001: folds 
BadBeat69: folds 
mtbroadbent1: calls $0.15
zokki123: checks 
*** FLOP *** [Ah Td 5d]
mtbroadbent1: checks 
zokki123: checks 
*** TURN *** [Ah Td 5d] [Kd]
mtbroadbent1: checks 
zokki123: checks 
*** RIVER *** [Ah Td 5d Kd] [Qc]
mtbroadbent1: bets $0.50
zokki123: folds 
Uncalled bet ($0.50) returned to mtbroadbent1
mtbroadbent1 collected $0.50 from pot
mtbroadbent1: doesn't show hand 
*** SUMMARY ***
Total pot $0.50 | Rake $0 
Board [Ah Td 5d Kd Qc]
Seat 1: Alameda22 folded before Flop (didn't bet)
Seat 2: GurrenLagann folded before Flop (didn't bet)
Seat 3: Gmullie folded before Flop (didn't bet)
Seat 4: leomaniac folded before Flop (didn't bet)
Seat 5: cw1307 folded before Flop (didn't bet)
Seat 6: Greg15001 folded before Flop (didn't bet)
Seat 7: BadBeat69 (button) folded before Flop (didn't bet)
Seat 8: mtbroadbent1 (small blind) collected ($0.50)
Seat 9: zokki123 (big blind) folded on the River



PokerStars Game #20143199801:  Hold'em No Limit ($0.10/$0.25) - 2008/09/04 14:26:22 ET
Table 'Telamon IV' 9-max Seat #8 is the button
Seat 1: Alameda22 ($25.35 in chips) 
Seat 2: GurrenLagann ($20.70 in chips) 
Seat 3: Gmullie ($25 in chips) 
Seat 4: leomaniac ($7.25 in chips) 
Seat 5: cw1307 ($12.15 in chips) 
Seat 6: Greg15001 ($25 in chips) 
Seat 7: BadBeat69 ($10.30 in chips) 
Seat 8: mtbroadbent1 ($11.80 in chips) 
Seat 9: zokki123 ($25.85 in chips) 
zokki123: posts small blind $0.10
Alameda22: posts big blind $0.25
*** HOLE CARDS ***
Dealt to Alameda22 [Js Qc]
GurrenLagann: raises $0.25 to $0.50
Gmullie: folds 
leomaniac: folds 
cw1307: folds 
Greg15001: folds 
BadBeat69: folds 
mtbroadbent1: folds 
zokki123: folds 
Alameda22: folds 
Uncalled bet ($0.25) returned to GurrenLagann
GurrenLagann collected $0.60 from pot
GurrenLagann: doesn't show hand 
*** SUMMARY ***
Total pot $0.60 | Rake $0 
Seat 1: Alameda22 (big blind) folded before Flop
Seat 2: GurrenLagann collected ($0.60)
Seat 3: Gmullie folded before Flop (didn't bet)
Seat 4: leomaniac folded before Flop (didn't bet)
Seat 5: cw1307 folded before Flop (didn't bet)
Seat 6: Greg15001 folded before Flop (didn't bet)
Seat 7: BadBeat69 folded before Flop (didn't bet)
Seat 8: mtbroadbent1 (button) folded before Flop (didn't bet)
Seat 9: zokki123 (small blind) folded before Flop



PokerStars Game #20143227856:  Hold'em No Limit ($0.10/$0.25) - 2008/09/04 14:27:29 ET
Table 'Telamon IV' 9-max Seat #9 is the button
Seat 1: Alameda22 ($25.10 in chips) 
Seat 2: GurrenLagann ($21.05 in chips) 
Seat 3: Gmullie ($25 in chips) 
Seat 4: leomaniac ($7.25 in chips) 
Seat 5: cw1307 ($12.15 in chips) 
Seat 6: Greg15001 ($25 in chips) 
Seat 7: BadBeat69 ($10.30 in chips) 
Seat 8: mtbroadbent1 ($11.80 in chips) 
Seat 9: zokki123 ($25.75 in chips) 
Alameda22: posts small blind $0.10
GurrenLagann: posts big blind $0.25
*** HOLE CARDS ***
Dealt to Alameda22 [9s Jd]
Gmullie: folds 
leomaniac: folds 
cw1307: folds 
Greg15001: folds 
BadBeat69: folds 
mtbroadbent1: calls $0.25
zokki123: folds 
Alameda22: folds 
GurrenLagann: checks 
*** FLOP *** [6h 8h 5d]
GurrenLagann: checks 
mtbroadbent1: bets $0.25
GurrenLagann: calls $0.25
*** TURN *** [6h 8h 5d] [Ac]
GurrenLagann: checks 
mtbroadbent1: bets $0.75
GurrenLagann: calls $0.75
*** RIVER *** [6h 8h 5d Ac] [9c]
GurrenLagann: checks 
mtbroadbent1: bets $1.25
GurrenLagann: raises $1.25 to $2.50
mtbroadbent1: calls $1.25
*** SHOW DOWN ***
GurrenLagann: shows [Qs 7c] (a straight, Five to Nine)
mtbroadbent1: mucks hand 
GurrenLagann collected $7.25 from pot
*** SUMMARY ***
Total pot $7.60 | Rake $0.35 
Board [6h 8h 5d Ac 9c]
Seat 1: Alameda22 (small blind) folded before Flop
Seat 2: GurrenLagann (big blind) showed [Qs 7c] and won ($7.25) with a straight, Five to Nine
Seat 3: Gmullie folded before Flop (didn't bet)
Seat 4: leomaniac folded before Flop (didn't bet)
Seat 5: cw1307 folded before Flop (didn't bet)
Seat 6: Greg15001 folded before Flop (didn't bet)
Seat 7: BadBeat69 folded before Flop (didn't bet)
Seat 8: mtbroadbent1 mucked [5h Ad]
Seat 9: zokki123 (button) folded before Flop (didn't bet)



PokerStars Game #20143252929:  Hold'em No Limit ($0.10/$0.25) - 2008/09/04 14:28:31 ET
Table 'Telamon IV' 9-max Seat #1 is the button
Seat 1: Alameda22 ($25 in chips) 
Seat 2: GurrenLagann ($24.55 in chips) 
Seat 3: Gmullie ($25 in chips) 
Seat 4: leomaniac ($7.25 in chips) 
Seat 5: cw1307 ($12.15 in chips) 
Seat 6: Greg15001 ($25 in chips) 
Seat 7: BadBeat69 ($10.30 in chips) 
Seat 8: mtbroadbent1 ($8.05 in chips) 
Seat 9: zokki123 ($25.75 in chips) 
GurrenLagann: posts small blind $0.10
Gmullie: posts big blind $0.25
*** HOLE CARDS ***
Dealt to Alameda22 [6s 6h]
leomaniac: folds 
cw1307: folds 
Greg15001: folds 
Greg15001 leaves the table
leomaniac leaves the table
JujutsuSun joins the table at seat #4 
BadBeat69: folds 
mtbroadbent1: folds 
zokki123: folds 
Alameda22: raises $0.75 to $1
GurrenLagann: calls $0.90
Gmullie: calls $0.75
*** FLOP *** [5c 6d 7d]
GurrenLagann: checks 
Gmullie: checks 
Alameda22: bets $2
Che_Koarl joins the table at seat #6 
GurrenLagann: folds 
Gmullie: folds 
Uncalled bet ($2) returned to Alameda22
Alameda22 collected $2.85 from pot
Alameda22: doesn't show hand 
*** SUMMARY ***
Total pot $3 | Rake $0.15 
Board [5c 6d 7d]
Seat 1: Alameda22 (button) collected ($2.85)
Seat 2: GurrenLagann (small blind) folded on the Flop
Seat 3: Gmullie (big blind) folded on the Flop
Seat 4: leomaniac folded before Flop (didn't bet)
Seat 5: cw1307 folded before Flop (didn't bet)
Seat 6: Greg15001 folded before Flop (didn't bet)
Seat 7: BadBeat69 folded before Flop (didn't bet)
Seat 8: mtbroadbent1 folded before Flop (didn't bet)
Seat 9: zokki123 folded before Flop (didn't bet)



PokerStars Game #20143302011:  Hold'em No Limit ($0.10/$0.25) - 2008/09/04 14:30:30 ET
Table 'Telamon IV' 9-max Seat #2 is the button
Seat 1: Alameda22 ($26.85 in chips) 
Seat 2: GurrenLagann ($23.55 in chips) 
Seat 3: Gmullie ($24 in chips) 
Seat 4: JujutsuSun ($5 in chips) 
Seat 5: cw1307 ($15 in chips) 
Seat 7: BadBeat69 ($10.30 in chips) 
Seat 8: mtbroadbent1 ($8.05 in chips) 
Seat 9: zokki123 ($25.75 in chips) 
Gmullie: posts small blind $0.10
JujutsuSun: posts big blind $0.25
Che_Koarl: sits out 
*** HOLE CARDS ***
Dealt to Alameda22 [7s Qs]
cw1307: folds 
BadBeat69: folds 
mtbroadbent1: folds 
zokki123: folds 
Alameda22: folds 
GurrenLagann: folds 
Gmullie: folds 
Uncalled bet ($0.15) returned to JujutsuSun
JujutsuSun collected $0.20 from pot
JujutsuSun: doesn't show hand 
*** SUMMARY ***
Total pot $0.20 | Rake $0 
Seat 1: Alameda22 folded before Flop (didn't bet)
Seat 2: GurrenLagann (button) folded before Flop (didn't bet)
Seat 3: Gmullie (small blind) folded before Flop
Seat 4: JujutsuSun (big blind) collected ($0.20)
Seat 5: cw1307 folded before Flop (didn't bet)
Seat 7: BadBeat69 folded before Flop (didn't bet)
Seat 8: mtbroadbent1 folded before Flop (didn't bet)
Seat 9: zokki123 folded before Flop (didn't bet)



PokerStars Game #20143319876:  Hold'em No Limit ($0.10/$0.25) - 2008/09/04 14:31:15 ET
Table 'Telamon IV' 9-max Seat #3 is the button
Seat 1: Alameda22 ($26.85 in chips) 
Seat 2: GurrenLagann ($23.55 in chips) 
Seat 3: Gmullie ($23.90 in chips) 
Seat 4: JujutsuSun ($5.10 in chips) 
Seat 5: cw1307 ($15 in chips) 
Seat 7: BadBeat69 ($10.30 in chips) 
Seat 8: mtbroadbent1 ($8.05 in chips) 
Seat 9: zokki123 ($25.75 in chips) 
JujutsuSun: posts small blind $0.10
cw1307: posts big blind $0.25
Che_Koarl: sits out 
*** HOLE CARDS ***
Dealt to Alameda22 [Kh 5c]
BadBeat69: folds 
mtbroadbent1: folds 
zokki123: folds 
zokki123 leaves the table
Alameda22: folds 
GurrenLagann: folds 
Gmullie: folds 
JujutsuSun: folds 
Uncalled bet ($0.15) returned to cw1307
cw1307 collected $0.20 from pot
cw1307: doesn't show hand 
*** SUMMARY ***
Total pot $0.20 | Rake $0 
Seat 1: Alameda22 folded before Flop (didn't bet)
Seat 2: GurrenLagann folded before Flop (didn't bet)
Seat 3: Gmullie (button) folded before Flop (didn't bet)
Seat 4: JujutsuSun (small blind) folded before Flop
Seat 5: cw1307 (big blind) collected ($0.20)
Seat 7: BadBeat69 folded before Flop (didn't bet)
Seat 8: mtbroadbent1 folded before Flop (didn't bet)
Seat 9: zokki123 folded before Flop (didn't bet)



PokerStars Game #20143333959:  Hold'em No Limit ($0.10/$0.25) - 2008/09/04 14:31:50 ET
Table 'Telamon IV' 9-max Seat #4 is the button
Seat 1: Alameda22 ($26.85 in chips) 
Seat 2: GurrenLagann ($23.55 in chips) 
Seat 3: Gmullie ($23.90 in chips) 
Seat 4: JujutsuSun ($5 in chips) 
Seat 5: cw1307 ($15.10 in chips) 
Seat 6: Che_Koarl ($25 in chips) 
Seat 7: BadBeat69 ($10.30 in chips) 
Seat 8: mtbroadbent1 ($8.05 in chips) 
cw1307: posts small blind $0.10
Che_Koarl: posts big blind $0.25
*** HOLE CARDS ***
Dealt to Alameda22 [9c 8c]
BadBeat69: folds 
mtbroadbent1: folds 
Alameda22: folds 
GurrenLagann: folds 
Gmullie: folds 
JujutsuSun: folds 
cw1307: folds 
Uncalled bet ($0.15) returned to Che_Koarl
Che_Koarl collected $0.20 from pot
Che_Koarl: doesn't show hand 
*** SUMMARY ***
Total pot $0.20 | Rake $0 
Seat 1: Alameda22 folded before Flop (didn't bet)
Seat 2: GurrenLagann folded before Flop (didn't bet)
Seat 3: Gmullie folded before Flop (didn't bet)
Seat 4: JujutsuSun (button) folded before Flop (didn't bet)
Seat 5: cw1307 (small blind) folded before Flop
Seat 6: Che_Koarl (big blind) collected ($0.20)
Seat 7: BadBeat69 folded before Flop (didn't bet)
Seat 8: mtbroadbent1 folded before Flop (didn't bet)



PokerStars Game #20143351570:  Hold'em No Limit ($0.10/$0.25) - 2008/09/04 14:32:35 ET
Table 'Telamon IV' 9-max Seat #5 is the button
Seat 1: Alameda22 ($26.85 in chips) 
Seat 2: GurrenLagann ($23.55 in chips) 
Seat 3: Gmullie ($23.90 in chips) 
Seat 4: JujutsuSun ($5 in chips) 
Seat 5: cw1307 ($15 in chips) 
Seat 6: Che_Koarl ($25.10 in chips) 
Seat 7: BadBeat69 ($10.30 in chips) 
Seat 8: mtbroadbent1 ($8.05 in chips) 
Che_Koarl: posts small blind $0.10
BadBeat69: posts big blind $0.25
*** HOLE CARDS ***
Dealt to Alameda22 [8c 5s]
mtbroadbent1: folds 
Alameda22: folds 
GurrenLagann: folds 
Gmullie: folds 
JujutsuSun: folds 
cw1307: folds 
Che_Koarl: folds 
Uncalled bet ($0.15) returned to BadBeat69
BadBeat69 collected $0.20 from pot
BadBeat69: doesn't show hand 
*** SUMMARY ***
Total pot $0.20 | Rake $0 
Seat 1: Alameda22 folded before Flop (didn't bet)
Seat 2: GurrenLagann folded before Flop (didn't bet)
Seat 3: Gmullie folded before Flop (didn't bet)
Seat 4: JujutsuSun folded before Flop (didn't bet)
Seat 5: cw1307 (button) folded before Flop (didn't bet)
Seat 6: Che_Koarl (small blind) folded before Flop
Seat 7: BadBeat69 (big blind) collected ($0.20)
Seat 8: mtbroadbent1 folded before Flop (didn't bet)



PokerStars Game #20143363207:  Hold'em No Limit ($0.10/$0.25) - 2008/09/04 14:33:04 ET
Table 'Telamon IV' 9-max Seat #6 is the button
Seat 1: Alameda22 ($26.85 in chips) 
Seat 2: GurrenLagann ($23.55 in chips) 
Seat 3: Gmullie ($23.90 in chips) 
Seat 4: JujutsuSun ($5 in chips) 
Seat 5: cw1307 ($15 in chips) 
Seat 6: Che_Koarl ($25 in chips) 
Seat 7: BadBeat69 ($10.40 in chips) 
Seat 8: mtbroadbent1 ($8.05 in chips) 
BadBeat69: posts small blind $0.10
mtbroadbent1: posts big blind $0.25
*** HOLE CARDS ***
Dealt to Alameda22 [Ks 2c]
Alameda22: folds 
GurrenLagann: folds 
Gmullie: folds 
JujutsuSun: folds 
Gmullie is sitting out
cw1307: folds 
Che_Koarl: folds 
BadBeat69: raises $0.50 to $0.75
mtbroadbent1: calls $0.50
*** FLOP *** [3d 6c 5c]
BadBeat69: bets $1
mtbroadbent1: calls $1
*** TURN *** [3d 6c 5c] [7c]
BadBeat69: bets $0.75
mtbroadbent1: calls $0.75
*** RIVER *** [3d 6c 5c 7c] [Kc]
BadBeat69: bets $2.50
mtbroadbent1: folds 
Uncalled bet ($2.50) returned to BadBeat69
BadBeat69 collected $4.80 from pot
BadBeat69: doesn't show hand 
*** SUMMARY ***
Total pot $5 | Rake $0.20 
Board [3d 6c 5c 7c Kc]
Seat 1: Alameda22 folded before Flop (didn't bet)
Seat 2: GurrenLagann folded before Flop (didn't bet)
Seat 3: Gmullie folded before Flop (didn't bet)
Seat 4: JujutsuSun folded before Flop (didn't bet)
Seat 5: cw1307 folded before Flop (didn't bet)
Seat 6: Che_Koarl (button) folded before Flop (didn't bet)
Seat 7: BadBeat69 (small blind) collected ($4.80)
Seat 8: mtbroadbent1 (big blind) folded on the River



PokerStars Game #20143394727:  Hold'em No Limit ($0.10/$0.25) - 2008/09/04 14:34:25 ET
Table 'Telamon IV' 9-max Seat #7 is the button
Seat 1: Alameda22 ($26.85 in chips) 
Seat 2: GurrenLagann ($23.55 in chips) 
Seat 4: JujutsuSun ($5 in chips) 
Seat 5: cw1307 ($15 in chips) 
Seat 6: Che_Koarl ($25 in chips) 
Seat 7: BadBeat69 ($12.70 in chips) 
Seat 8: mtbroadbent1 ($5.55 in chips) 
mtbroadbent1: posts small blind $0.10
Alameda22: posts big blind $0.25
*** HOLE CARDS ***
Dealt to Alameda22 [3s 9d]
GurrenLagann: folds 
JujutsuSun: folds 
cw1307: folds 
Che_Koarl: raises $0.75 to $1
BadBeat69: folds 
mtbroadbent1: folds 
Alameda22: folds 
Uncalled bet ($0.75) returned to Che_Koarl
Che_Koarl collected $0.60 from pot
Che_Koarl: doesn't show hand 
*** SUMMARY ***
Total pot $0.60 | Rake $0 
Seat 1: Alameda22 (big blind) folded before Flop
Seat 2: GurrenLagann folded before Flop (didn't bet)
Seat 4: JujutsuSun folded before Flop (didn't bet)
Seat 5: cw1307 folded before Flop (didn't bet)
Seat 6: Che_Koarl collected ($0.60)
Seat 7: BadBeat69 (button) folded before Flop (didn't bet)
Seat 8: mtbroadbent1 (small blind) folded before Flop



PokerStars Game #20143416583:  Hold'em No Limit ($0.10/$0.25) - 2008/09/04 14:35:21 ET
Table 'Telamon IV' 9-max Seat #8 is the button
Seat 1: Alameda22 ($26.60 in chips) 
Seat 2: GurrenLagann ($23.55 in chips) 
Seat 4: JujutsuSun ($5 in chips) 
Seat 5: cw1307 ($15 in chips) 
Seat 6: Che_Koarl ($25.35 in chips) 
Seat 7: BadBeat69 ($12.70 in chips) 
Seat 8: mtbroadbent1 ($5.45 in chips) 
Alameda22: posts small blind $0.10
GurrenLagann: posts big blind $0.25
*** HOLE CARDS ***
Dealt to Alameda22 [Kh 7h]
JujutsuSun: folds 
cw1307: folds 
Che_Koarl: folds 
BadBeat69: raises $0.50 to $0.75
mtbroadbent1: folds 
Alameda22: folds 
AcedePique joins the table at seat #9 
GurrenLagann: folds 
Uncalled bet ($0.50) returned to BadBeat69
BadBeat69 collected $0.60 from pot
BadBeat69: doesn't show hand 
*** SUMMARY ***
Total pot $0.60 | Rake $0 
Seat 1: Alameda22 (small blind) folded before Flop
Seat 2: GurrenLagann (big blind) folded before Flop
Seat 4: JujutsuSun folded before Flop (didn't bet)
Seat 5: cw1307 folded before Flop (didn't bet)
Seat 6: Che_Koarl folded before Flop (didn't bet)
Seat 7: BadBeat69 collected ($0.60)
Seat 8: mtbroadbent1 (button) folded before Flop (didn't bet)



PokerStars Game #20143426711:  Hold'em No Limit ($0.10/$0.25) - 2008/09/04 14:35:48 ET
Table 'Telamon IV' 9-max Seat #1 is the button
Seat 1: Alameda22 ($26.50 in chips) 
Seat 2: GurrenLagann ($23.30 in chips) 
Seat 4: JujutsuSun ($5 in chips) 
Seat 5: cw1307 ($15 in chips) 
Seat 6: Che_Koarl ($25.35 in chips) 
Seat 7: BadBeat69 ($13.05 in chips) 
Seat 8: mtbroadbent1 ($5.45 in chips) 
GurrenLagann: posts small blind $0.10
JujutsuSun: posts big blind $0.25
AcedePique: sits out 
*** HOLE CARDS ***
Dealt to Alameda22 [2c Ts]
cw1307: folds 
Che_Koarl: folds 
BadBeat69: folds 
mtbroadbent1: calls $0.25
Alameda22: folds 
GurrenLagann: folds 
JujutsuSun: checks 
*** FLOP *** [6h Ah 9s]
JujutsuSun: checks 
mtbroadbent1: bets $0.50
JujutsuSun: folds 
Uncalled bet ($0.50) returned to mtbroadbent1
mtbroadbent1 collected $0.60 from pot
mtbroadbent1: doesn't show hand 
*** SUMMARY ***
Total pot $0.60 | Rake $0 
Board [6h Ah 9s]
Seat 1: Alameda22 (button) folded before Flop (didn't bet)
Seat 2: GurrenLagann (small blind) folded before Flop
Seat 4: JujutsuSun (big blind) folded on the Flop
Seat 5: cw1307 folded before Flop (didn't bet)
Seat 6: Che_Koarl folded before Flop (didn't bet)
Seat 7: BadBeat69 folded before Flop (didn't bet)
Seat 8: mtbroadbent1 collected ($0.60)



PokerStars Game #20143439716:  Hold'em No Limit ($0.10/$0.25) - 2008/09/04 14:36:21 ET
Table 'Telamon IV' 9-max Seat #2 is the button
Seat 1: Alameda22 ($26.50 in chips) 
Seat 2: GurrenLagann ($23.20 in chips) 
Seat 4: JujutsuSun ($4.75 in chips) 
Seat 5: cw1307 ($15 in chips) 
Seat 6: Che_Koarl ($25.35 in chips) 
Seat 7: BadBeat69 ($13.05 in chips) 
Seat 8: mtbroadbent1 ($5.80 in chips) 
JujutsuSun: posts small blind $0.10
cw1307: posts big blind $0.25
AcedePique: sits out 
*** HOLE CARDS ***
Dealt to Alameda22 [As 6h]
Che_Koarl: folds 
BadBeat69: folds 
mtbroadbent1: folds 
Alameda22: folds 
GurrenLagann: folds 
JujutsuSun: folds 
Uncalled bet ($0.15) returned to cw1307
cw1307 collected $0.20 from pot
cw1307: doesn't show hand 
*** SUMMARY ***
Total pot $0.20 | Rake $0 
Seat 1: Alameda22 folded before Flop (didn't bet)
Seat 2: GurrenLagann (button) folded before Flop (didn't bet)
Seat 4: JujutsuSun (small blind) folded before Flop
Seat 5: cw1307 (big blind) collected ($0.20)
Seat 6: Che_Koarl folded before Flop (didn't bet)
Seat 7: BadBeat69 folded before Flop (didn't bet)
Seat 8: mtbroadbent1 folded before Flop (didn't bet)



PokerStars Game #20143450397:  Hold'em No Limit ($0.10/$0.25) - 2008/09/04 14:36:49 ET
Table 'Telamon IV' 9-max Seat #4 is the button
Seat 1: Alameda22 ($26.50 in chips) 
Seat 2: GurrenLagann ($23.20 in chips) 
Seat 4: JujutsuSun ($4.65 in chips) 
Seat 5: cw1307 ($15.10 in chips) 
Seat 6: Che_Koarl ($25.35 in chips) 
Seat 7: BadBeat69 ($13.05 in chips) 
Seat 8: mtbroadbent1 ($5.80 in chips) 
cw1307: posts small blind $0.10
Che_Koarl: posts big blind $0.25
AcedePique: sits out 
*** HOLE CARDS ***
Dealt to Alameda22 [Th 2s]
BadBeat69: folds 
mtbroadbent1: raises $0.50 to $0.75
Alameda22: folds 
GurrenLagann: folds 
JujutsuSun: folds 
cw1307: calls $0.65
Che_Koarl: folds 
*** FLOP *** [9c 7s 8h]
cw1307: checks 
mtbroadbent1: bets $2
cw1307: folds 
Uncalled bet ($2) returned to mtbroadbent1
mtbroadbent1 collected $1.70 from pot
mtbroadbent1: doesn't show hand 
*** SUMMARY ***
Total pot $1.75 | Rake $0.05 
Board [9c 7s 8h]
Seat 1: Alameda22 folded before Flop (didn't bet)
Seat 2: GurrenLagann folded before Flop (didn't bet)
Seat 4: JujutsuSun (button) folded before Flop (didn't bet)
Seat 5: cw1307 (small blind) folded on the Flop
Seat 6: Che_Koarl (big blind) folded before Flop
Seat 7: BadBeat69 folded before Flop (didn't bet)
Seat 8: mtbroadbent1 collected ($1.70)



PokerStars Game #20143471443:  Hold'em No Limit ($0.10/$0.25) - 2008/09/04 14:37:43 ET
Table 'Telamon IV' 9-max Seat #5 is the button
Seat 1: Alameda22 ($26.50 in chips) 
Seat 2: GurrenLagann ($23.20 in chips) 
Seat 4: JujutsuSun ($4.65 in chips) 
Seat 5: cw1307 ($14.35 in chips) 
Seat 6: Che_Koarl ($25.10 in chips) 
Seat 7: BadBeat69 ($13.05 in chips) 
Seat 8: mtbroadbent1 ($6.75 in chips) 
Che_Koarl: posts small blind $0.10
BadBeat69: posts big blind $0.25
AcedePique: sits out 
*** HOLE CARDS ***
Dealt to Alameda22 [9s 7h]
mtbroadbent1: calls $0.25
Alameda22: folds 
GurrenLagann: folds 
JujutsuSun: folds 
cw1307: folds 
Che_Koarl: folds 
BadBeat69: checks 
*** FLOP *** [7d Ks 3d]
BadBeat69: bets $0.25
mtbroadbent1: folds 
Uncalled bet ($0.25) returned to BadBeat69
BadBeat69 collected $0.60 from pot
BadBeat69: doesn't show hand 
*** SUMMARY ***
Total pot $0.60 | Rake $0 
Board [7d Ks 3d]
Seat 1: Alameda22 folded before Flop (didn't bet)
Seat 2: GurrenLagann folded before Flop (didn't bet)
Seat 4: JujutsuSun folded before Flop (didn't bet)
Seat 5: cw1307 (button) folded before Flop (didn't bet)
Seat 6: Che_Koarl (small blind) folded before Flop
Seat 7: BadBeat69 (big blind) collected ($0.60)
Seat 8: mtbroadbent1 folded on the Flop



PokerStars Game #20143494458:  Hold'em No Limit ($0.10/$0.25) - 2008/09/04 14:38:40 ET
Table 'Telamon IV' 9-max Seat #6 is the button
Seat 1: Alameda22 ($26.50 in chips) 
Seat 2: GurrenLagann ($23.20 in chips) 
Seat 4: JujutsuSun ($4.65 in chips) 
Seat 5: cw1307 ($14.35 in chips) 
Seat 6: Che_Koarl ($25 in chips) 
Seat 7: BadBeat69 ($13.40 in chips) 
Seat 8: mtbroadbent1 ($6.50 in chips) 
BadBeat69: posts small blind $0.10
mtbroadbent1: posts big blind $0.25
AcedePique: sits out 
*** HOLE CARDS ***
Dealt to Alameda22 [3c 9c]
Alameda22: folds 
GurrenLagann: raises $0.50 to $0.75
Gmullie has returned
JujutsuSun: folds 
cw1307: folds 
Che_Koarl: folds 
BadBeat69: folds 
mtbroadbent1: folds 
Uncalled bet ($0.50) returned to GurrenLagann
GurrenLagann collected $0.60 from pot
GurrenLagann: doesn't show hand 
*** SUMMARY ***
Total pot $0.60 | Rake $0 
Seat 1: Alameda22 folded before Flop (didn't bet)
Seat 2: GurrenLagann collected ($0.60)
Seat 4: JujutsuSun folded before Flop (didn't bet)
Seat 5: cw1307 folded before Flop (didn't bet)
Seat 6: Che_Koarl (button) folded before Flop (didn't bet)
Seat 7: BadBeat69 (small blind) folded before Flop
Seat 8: mtbroadbent1 (big blind) folded before Flop



PokerStars Game #20143514229:  Hold'em No Limit ($0.10/$0.25) - 2008/09/04 14:39:30 ET
Table 'Telamon IV' 9-max Seat #7 is the button
Seat 1: Alameda22 ($26.50 in chips) 
Seat 2: GurrenLagann ($23.55 in chips) 
Seat 3: Gmullie ($23.90 in chips) 
Seat 4: JujutsuSun ($4.65 in chips) 
Seat 5: cw1307 ($14.35 in chips) 
Seat 6: Che_Koarl ($25 in chips) 
Seat 7: BadBeat69 ($13.30 in chips) 
Seat 8: mtbroadbent1 ($6.25 in chips) 
Seat 9: AcedePique ($25 in chips) 
mtbroadbent1: posts small blind $0.10
AcedePique: posts big blind $0.25
Gmullie: posts small & big blinds $0.35
*** HOLE CARDS ***
Dealt to Alameda22 [4s 7c]
Alameda22: folds 
GurrenLagann: folds 
Gmullie: checks 
JujutsuSun: folds 
cw1307: folds 
Che_Koarl: folds 
BadBeat69: raises $0.50 to $0.75
mtbroadbent1: folds 
AcedePique: folds 
Gmullie: folds 
Uncalled bet ($0.50) returned to BadBeat69
BadBeat69 collected $0.95 from pot
BadBeat69: doesn't show hand 
*** SUMMARY ***
Total pot $0.95 | Rake $0 
Seat 1: Alameda22 folded before Flop (didn't bet)
Seat 2: GurrenLagann folded before Flop (didn't bet)
Seat 3: Gmullie folded before Flop
Seat 4: JujutsuSun folded before Flop (didn't bet)
Seat 5: cw1307 folded before Flop (didn't bet)
Seat 6: Che_Koarl folded before Flop (didn't bet)
Seat 7: BadBeat69 (button) collected ($0.95)
Seat 8: mtbroadbent1 (small blind) folded before Flop
Seat 9: AcedePique (big blind) folded before Flop



PokerStars Game #20143542129:  Hold'em No Limit ($0.10/$0.25) - 2008/09/04 14:40:41 ET
Table 'Telamon IV' 9-max Seat #8 is the button
Seat 1: Alameda22 ($26.50 in chips) 
Seat 2: GurrenLagann ($23.55 in chips) 
Seat 3: Gmullie ($23.55 in chips) 
Seat 4: JujutsuSun ($4.65 in chips) 
Seat 5: cw1307 ($14.35 in chips) 
Seat 6: Che_Koarl ($25 in chips) 
Seat 7: BadBeat69 ($14 in chips) 
Seat 8: mtbroadbent1 ($6.15 in chips) 
Seat 9: AcedePique ($24.75 in chips) 
AcedePique: posts small blind $0.10
Alameda22: posts big blind $0.25
*** HOLE CARDS ***
Dealt to Alameda22 [Ts 3h]
GurrenLagann: folds 
Gmullie: folds 
JujutsuSun: folds 
cw1307: folds 
Che_Koarl: folds 
BadBeat69: folds 
mtbroadbent1: calls $0.25
AcedePique: folds 
Alameda22: checks 
*** FLOP *** [5h 5s 4s]
Alameda22: checks 
mtbroadbent1: checks 
*** TURN *** [5h 5s 4s] [Th]
Alameda22: bets $0.25
mtbroadbent1: folds 
Uncalled bet ($0.25) returned to Alameda22
Alameda22 collected $0.60 from pot
Alameda22: doesn't show hand 
*** SUMMARY ***
Total pot $0.60 | Rake $0 
Board [5h 5s 4s Th]
Seat 1: Alameda22 (big blind) collected ($0.60)
Seat 2: GurrenLagann folded before Flop (didn't bet)
Seat 3: Gmullie folded before Flop (didn't bet)
Seat 4: JujutsuSun folded before Flop (didn't bet)
Seat 5: cw1307 folded before Flop (didn't bet)
Seat 6: Che_Koarl folded before Flop (didn't bet)
Seat 7: BadBeat69 folded before Flop (didn't bet)
Seat 8: mtbroadbent1 (button) folded on the Turn
Seat 9: AcedePique (small blind) folded before Flop



PokerStars Game #20143568393:  Hold'em No Limit ($0.10/$0.25) - 2008/09/04 14:41:48 ET
Table 'Telamon IV' 9-max Seat #9 is the button
Seat 1: Alameda22 ($26.85 in chips) 
Seat 2: GurrenLagann ($23.55 in chips) 
Seat 3: Gmullie ($23.55 in chips) 
Seat 4: JujutsuSun ($4.65 in chips) 
Seat 5: cw1307 ($14.35 in chips) 
Seat 6: Che_Koarl ($25 in chips) 
Seat 7: BadBeat69 ($14 in chips) 
Seat 8: mtbroadbent1 ($5.90 in chips) 
Seat 9: AcedePique ($24.65 in chips) 
Alameda22: posts small blind $0.10
GurrenLagann: posts big blind $0.25
*** HOLE CARDS ***
Dealt to Alameda22 [Ks 3s]
Gmullie: folds 
JujutsuSun: folds 
cw1307: folds 
Che_Koarl: folds 
BadBeat69: folds 
mtbroadbent1: folds 
AcedePique: folds 
Alameda22: folds 
Uncalled bet ($0.15) returned to GurrenLagann
GurrenLagann collected $0.20 from pot
GurrenLagann: doesn't show hand 
*** SUMMARY ***
Total pot $0.20 | Rake $0 
Seat 1: Alameda22 (small blind) folded before Flop
Seat 2: GurrenLagann (big blind) collected ($0.20)
Seat 3: Gmullie folded before Flop (didn't bet)
Seat 4: JujutsuSun folded before Flop (didn't bet)
Seat 5: cw1307 folded before Flop (didn't bet)
Seat 6: Che_Koarl folded before Flop (didn't bet)
Seat 7: BadBeat69 folded before Flop (didn't bet)
Seat 8: mtbroadbent1 folded before Flop (didn't bet)
Seat 9: AcedePique (button) folded before Flop (didn't bet)



PokerStars Game #20143582694:  Hold'em No Limit ($0.10/$0.25) - 2008/09/04 14:42:24 ET
Table 'Telamon IV' 9-max Seat #1 is the button
Seat 1: Alameda22 ($26.75 in chips) 
Seat 2: GurrenLagann ($23.65 in chips) 
Seat 3: Gmullie ($23.55 in chips) 
Seat 4: JujutsuSun ($4.65 in chips) 
Seat 5: cw1307 ($14.35 in chips) 
Seat 6: Che_Koarl ($25 in chips) 
Seat 7: BadBeat69 ($14 in chips) 
Seat 8: mtbroadbent1 ($5.90 in chips) 
Seat 9: AcedePique ($25 in chips) 
GurrenLagann: posts small blind $0.10
Gmullie: posts big blind $0.25
*** HOLE CARDS ***
Dealt to Alameda22 [Jc Ts]
JujutsuSun: folds 
cw1307: folds 
Che_Koarl: raises $0.75 to $1
BadBeat69: folds 
mtbroadbent1: folds 
AcedePique: folds 
Alameda22: folds 
GurrenLagann: folds 
Gmullie: folds 
Uncalled bet ($0.75) returned to Che_Koarl
Che_Koarl collected $0.60 from pot
Che_Koarl: doesn't show hand 
*** SUMMARY ***
Total pot $0.60 | Rake $0 
Seat 1: Alameda22 (button) folded before Flop (didn't bet)
Seat 2: GurrenLagann (small blind) folded before Flop
Seat 3: Gmullie (big blind) folded before Flop
Seat 4: JujutsuSun folded before Flop (didn't bet)
Seat 5: cw1307 folded before Flop (didn't bet)
Seat 6: Che_Koarl collected ($0.60)
Seat 7: BadBeat69 folded before Flop (didn't bet)
Seat 8: mtbroadbent1 folded before Flop (didn't bet)
Seat 9: AcedePique folded before Flop (didn't bet)



PokerStars Game #20143597182:  Hold'em No Limit ($0.10/$0.25) - 2008/09/04 14:43:01 ET
Table 'Telamon IV' 9-max Seat #2 is the button
Seat 1: Alameda22 ($26.75 in chips) 
Seat 2: GurrenLagann ($23.55 in chips) 
Seat 3: Gmullie ($23.30 in chips) 
Seat 4: JujutsuSun ($4.65 in chips) 
Seat 5: cw1307 ($14.35 in chips) 
Seat 6: Che_Koarl ($25.35 in chips) 
Seat 7: BadBeat69 ($14 in chips) 
Seat 8: mtbroadbent1 ($5.90 in chips) 
Seat 9: AcedePique ($25 in chips) 
Gmullie: posts small blind $0.10
JujutsuSun: posts big blind $0.25
*** HOLE CARDS ***
Dealt to Alameda22 [5h Kh]
cw1307: folds 
Che_Koarl: raises $0.75 to $1
BadBeat69: folds 
mtbroadbent1: calls $1
AcedePique: folds 
Alameda22: folds 
GurrenLagann: folds 
Gmullie: folds 
JujutsuSun: folds 
*** FLOP *** [2s Th 8s]
Che_Koarl: bets $1.75
mtbroadbent1: calls $1.75
*** TURN *** [2s Th 8s] [7h]
Che_Koarl: checks 
mtbroadbent1: checks 
*** RIVER *** [2s Th 8s 7h] [9d]
Che_Koarl: checks 
mtbroadbent1: bets $3.15 and is all-in
Che_Koarl: folds 
Uncalled bet ($3.15) returned to mtbroadbent1
mtbroadbent1 collected $5.60 from pot
mtbroadbent1: doesn't show hand 
*** SUMMARY ***
Total pot $5.85 | Rake $0.25 
Board [2s Th 8s 7h 9d]
Seat 1: Alameda22 folded before Flop (didn't bet)
Seat 2: GurrenLagann (button) folded before Flop (didn't bet)
Seat 3: Gmullie (small blind) folded before Flop
Seat 4: JujutsuSun (big blind) folded before Flop
Seat 5: cw1307 folded before Flop (didn't bet)
Seat 6: Che_Koarl folded on the River
Seat 7: BadBeat69 folded before Flop (didn't bet)
Seat 8: mtbroadbent1 collected ($5.60)
Seat 9: AcedePique folded before Flop (didn't bet)



PokerStars Game #20143622911:  Hold'em No Limit ($0.10/$0.25) - 2008/09/04 14:44:06 ET
Table 'Telamon IV' 9-max Seat #3 is the button
Seat 1: Alameda22 ($26.75 in chips) 
Seat 2: GurrenLagann ($23.55 in chips) 
Seat 3: Gmullie ($23.20 in chips) 
Seat 4: JujutsuSun ($4.40 in chips) 
Seat 5: cw1307 ($14.35 in chips) 
Seat 6: Che_Koarl ($22.60 in chips) 
Seat 7: BadBeat69 ($14 in chips) 
Seat 8: mtbroadbent1 ($8.75 in chips) 
Seat 9: AcedePique ($25 in chips) 
JujutsuSun: posts small blind $0.10
cw1307: posts big blind $0.25
*** HOLE CARDS ***
Dealt to Alameda22 [9h Jd]
Che_Koarl: folds 
BadBeat69: folds 
mtbroadbent1: calls $0.25
AcedePique: folds 
Alameda22: folds 
GurrenLagann: raises $0.50 to $0.75
Gmullie: folds 
JujutsuSun: folds 
cw1307: folds 
mtbroadbent1: calls $0.50
*** FLOP *** [Qd Qs 3s]
mtbroadbent1: checks 
GurrenLagann: bets $0.75
mtbroadbent1: folds 
Uncalled bet ($0.75) returned to GurrenLagann
GurrenLagann collected $1.80 from pot
GurrenLagann: doesn't show hand 
*** SUMMARY ***
Total pot $1.85 | Rake $0.05 
Board [Qd Qs 3s]
Seat 1: Alameda22 folded before Flop (didn't bet)
Seat 2: GurrenLagann collected ($1.80)
Seat 3: Gmullie (button) folded before Flop (didn't bet)
Seat 4: JujutsuSun (small blind) folded before Flop
Seat 5: cw1307 (big blind) folded before Flop
Seat 6: Che_Koarl folded before Flop (didn't bet)
Seat 7: BadBeat69 folded before Flop (didn't bet)
Seat 8: mtbroadbent1 folded on the Flop
Seat 9: AcedePique folded before Flop (didn't bet)



PokerStars Game #20143651340:  Hold'em No Limit ($0.10/$0.25) - 2008/09/04 14:45:19 ET
Table 'Telamon IV' 9-max Seat #4 is the button
Seat 1: Alameda22 ($26.75 in chips) 
Seat 2: GurrenLagann ($24.60 in chips) 
Seat 3: Gmullie ($23.20 in chips) 
Seat 4: JujutsuSun ($4.30 in chips) 
Seat 5: cw1307 ($14.10 in chips) 
Seat 6: Che_Koarl ($22.60 in chips) 
Seat 7: BadBeat69 ($14 in chips) 
Seat 8: mtbroadbent1 ($8 in chips) 
Seat 9: AcedePique ($25 in chips) 
cw1307: posts small blind $0.10
Che_Koarl: posts big blind $0.25
*** HOLE CARDS ***
Dealt to Alameda22 [4h Ad]
BadBeat69: folds 
mtbroadbent1: folds 
AcedePique: folds 
Alameda22: folds 
GurrenLagann: folds 
Gmullie: folds 
JujutsuSun: folds 
cw1307: folds 
Uncalled bet ($0.15) returned to Che_Koarl
Che_Koarl collected $0.20 from pot
Che_Koarl: doesn't show hand 
*** SUMMARY ***
Total pot $0.20 | Rake $0 
Seat 1: Alameda22 folded before Flop (didn't bet)
Seat 2: GurrenLagann folded before Flop (didn't bet)
Seat 3: Gmullie folded before Flop (didn't bet)
Seat 4: JujutsuSun (button) folded before Flop (didn't bet)
Seat 5: cw1307 (small blind) folded before Flop
Seat 6: Che_Koarl (big blind) collected ($0.20)
Seat 7: BadBeat69 folded before Flop (didn't bet)
Seat 8: mtbroadbent1 folded before Flop (didn't bet)
Seat 9: AcedePique folded before Flop (didn't bet)



PokerStars Game #20143664399:  Hold'em No Limit ($0.10/$0.25) - 2008/09/04 14:45:52 ET
Table 'Telamon IV' 9-max Seat #5 is the button
Seat 1: Alameda22 ($26.75 in chips) 
Seat 2: GurrenLagann ($24.60 in chips) 
Seat 3: Gmullie ($23.20 in chips) 
Seat 4: JujutsuSun ($4.30 in chips) 
Seat 5: cw1307 ($14 in chips) 
Seat 6: Che_Koarl ($22.70 in chips) 
Seat 7: BadBeat69 ($14 in chips) 
Seat 8: mtbroadbent1 ($8 in chips) 
Seat 9: AcedePique ($25 in chips) 
Che_Koarl: posts small blind $0.10
BadBeat69: posts big blind $0.25
*** HOLE CARDS ***
Dealt to Alameda22 [Tc 8s]
mtbroadbent1: folds 
AcedePique: folds 
mtbroadbent1 leaves the table
Alameda22: folds 
GurrenLagann: raises $0.25 to $0.50
Gmullie: folds 
JujutsuSun: folds 
cw1307: folds 
Che_Koarl: folds 
BadBeat69: folds 
Uncalled bet ($0.25) returned to GurrenLagann
GurrenLagann collected $0.60 from pot
GurrenLagann: doesn't show hand 
*** SUMMARY ***
Total pot $0.60 | Rake $0 
Seat 1: Alameda22 folded before Flop (didn't bet)
Seat 2: GurrenLagann collected ($0.60)
Seat 3: Gmullie folded before Flop (didn't bet)
Seat 4: JujutsuSun folded before Flop (didn't bet)
Seat 5: cw1307 (button) folded before Flop (didn't bet)
Seat 6: Che_Koarl (small blind) folded before Flop
Seat 7: BadBeat69 (big blind) folded before Flop
Seat 8: mtbroadbent1 folded before Flop (didn't bet)
Seat 9: AcedePique folded before Flop (didn't bet)



PokerStars Game #20143681736:  Hold'em No Limit ($0.10/$0.25) - 2008/09/04 14:46:32 ET
Table 'Telamon IV' 9-max Seat #6 is the button
Seat 1: Alameda22 ($26.75 in chips) 
Seat 2: GurrenLagann ($24.95 in chips) 
Seat 3: Gmullie ($23.20 in chips) 
Seat 4: JujutsuSun ($4.30 in chips) 
Seat 5: cw1307 ($14 in chips) 
Seat 6: Che_Koarl ($22.60 in chips) 
Seat 7: BadBeat69 ($13.75 in chips) 
Seat 9: AcedePique ($25 in chips) 
BadBeat69: posts small blind $0.10
AcedePique: posts big blind $0.25
*** HOLE CARDS ***
Dealt to Alameda22 [Qc Qh]
Alameda22: raises $0.75 to $1
GurrenLagann: folds 
Gmullie: folds 
JujutsuSun: folds 
cw1307: folds 
Che_Koarl: folds 
BadBeat69: folds 
AcedePique: folds 
Uncalled bet ($0.75) returned to Alameda22
Alameda22 collected $0.60 from pot
Alameda22: doesn't show hand 
*** SUMMARY ***
Total pot $0.60 | Rake $0 
Seat 1: Alameda22 collected ($0.60)
Seat 2: GurrenLagann folded before Flop (didn't bet)
Seat 3: Gmullie folded before Flop (didn't bet)
Seat 4: JujutsuSun folded before Flop (didn't bet)
Seat 5: cw1307 folded before Flop (didn't bet)
Seat 6: Che_Koarl (button) folded before Flop (didn't bet)
Seat 7: BadBeat69 (small blind) folded before Flop
Seat 9: AcedePique (big blind) folded before Flop



PokerStars Game #20143693799:  Hold'em No Limit ($0.10/$0.25) - 2008/09/04 14:47:02 ET
Table 'Telamon IV' 9-max Seat #7 is the button
Seat 1: Alameda22 ($27.10 in chips) 
Seat 2: GurrenLagann ($24.95 in chips) 
Seat 3: Gmullie ($23.20 in chips) 
Seat 4: JujutsuSun ($4.30 in chips) 
Seat 5: cw1307 ($14 in chips) 
Seat 6: Che_Koarl ($22.60 in chips) 
Seat 7: BadBeat69 ($13.65 in chips) 
Seat 9: AcedePique ($25 in chips) 
AcedePique: posts small blind $0.10
Alameda22: posts big blind $0.25
*** HOLE CARDS ***
Dealt to Alameda22 [Jc Tc]
GurrenLagann: folds 
Gmullie: folds 
GurrenLagann is sitting out
JujutsuSun: folds 
cw1307: folds 
Che_Koarl: raises $0.75 to $1
BadBeat69: folds 
AcedePique: folds 
Alameda22: folds 
Uncalled bet ($0.75) returned to Che_Koarl
GurrenLagann leaves the table
Che_Koarl collected $0.60 from pot
Che_Koarl: doesn't show hand 
*** SUMMARY ***
Total pot $0.60 | Rake $0 
Seat 1: Alameda22 (big blind) folded before Flop
Seat 2: GurrenLagann folded before Flop (didn't bet)
Seat 3: Gmullie folded before Flop (didn't bet)
Seat 4: JujutsuSun folded before Flop (didn't bet)
Seat 5: cw1307 folded before Flop (didn't bet)
Seat 6: Che_Koarl collected ($0.60)
Seat 7: BadBeat69 (button) folded before Flop (didn't bet)
Seat 9: AcedePique (small blind) folded before Flop



PokerStars Game #20143708198:  Hold'em No Limit ($0.10/$0.25) - 2008/09/04 14:47:37 ET
Table 'Telamon IV' 9-max Seat #9 is the button
Seat 1: Alameda22 ($26.85 in chips) 
Seat 3: Gmullie ($25 in chips) 
Seat 4: JujutsuSun ($4.30 in chips) 
Seat 5: cw1307 ($14 in chips) 
Seat 6: Che_Koarl ($22.95 in chips) 
Seat 7: BadBeat69 ($13.65 in chips) 
Seat 9: AcedePique ($24.90 in chips) 
Alameda22: posts small blind $0.10
Gmullie: posts big blind $0.25
*** HOLE CARDS ***
Dealt to Alameda22 [Ks 8d]
JujutsuSun: folds 
cw1307: folds 
Che_Koarl: folds 
BadBeat69: raises $0.50 to $0.75
AcedePique: folds 
Alameda22: folds 
Gmullie: folds 
Uncalled bet ($0.50) returned to BadBeat69
BadBeat69 collected $0.60 from pot
BadBeat69: doesn't show hand 
*** SUMMARY ***
Total pot $0.60 | Rake $0 
Seat 1: Alameda22 (small blind) folded before Flop
Seat 3: Gmullie (big blind) folded before Flop
Seat 4: JujutsuSun folded before Flop (didn't bet)
Seat 5: cw1307 folded before Flop (didn't bet)
Seat 6: Che_Koarl folded before Flop (didn't bet)
Seat 7: BadBeat69 collected ($0.60)
Seat 9: AcedePique (button) folded before Flop (didn't bet)



PokerStars Game #20143730781:  Hold'em No Limit ($0.10/$0.25) - 2008/09/04 14:48:32 ET
Table 'Telamon IV' 9-max Seat #1 is the button
Seat 1: Alameda22 ($26.75 in chips) 
Seat 3: Gmullie ($24.75 in chips) 
Seat 4: JujutsuSun ($4.30 in chips) 
Seat 5: cw1307 ($14 in chips) 
Seat 6: Che_Koarl ($22.95 in chips) 
Seat 7: BadBeat69 ($14 in chips) 
Seat 9: AcedePique ($24.90 in chips) 
Gmullie: posts small blind $0.10
JujutsuSun: posts big blind $0.25
*** HOLE CARDS ***
Dealt to Alameda22 [4d 9c]
cw1307: calls $0.25
luky luke 13 joins the table at seat #2 
Che_Koarl: folds 
BadBeat69: folds 
AcedePique: calls $0.25
Alameda22: folds 
Gmullie: folds 
JujutsuSun: checks 
*** FLOP *** [3d 5d 7d]
JujutsuSun: checks 
kabesa1 joins the table at seat #8 
cw1307: checks 
AcedePique: bets $1
JujutsuSun: folds 
cw1307: folds 
Uncalled bet ($1) returned to AcedePique
AcedePique collected $0.85 from pot
AcedePique: doesn't show hand 
kabesa1 leaves the table
*** SUMMARY ***
Total pot $0.85 | Rake $0 
Board [3d 5d 7d]
Seat 1: Alameda22 (button) folded before Flop (didn't bet)
Seat 3: Gmullie (small blind) folded before Flop
Seat 4: JujutsuSun (big blind) folded on the Flop
Seat 5: cw1307 folded on the Flop
Seat 6: Che_Koarl folded before Flop (didn't bet)
Seat 7: BadBeat69 folded before Flop (didn't bet)
Seat 9: AcedePique collected ($0.85)



PokerStars Game #20143765437:  Hold'em No Limit ($0.10/$0.25) - 2008/09/04 14:49:57 ET
Table 'Telamon IV' 9-max Seat #3 is the button
Seat 1: Alameda22 ($26.75 in chips) 
Seat 2: luky luke 13 ($9 in chips) 
Seat 3: Gmullie ($24.65 in chips) 
Seat 4: JujutsuSun ($4.05 in chips) 
Seat 5: cw1307 ($13.75 in chips) 
Seat 6: Che_Koarl ($22.95 in chips) 
Seat 7: BadBeat69 ($14 in chips) 
Seat 9: AcedePique ($25.50 in chips) 
JujutsuSun: posts small blind $0.10
cw1307: posts big blind $0.25
luky luke 13: posts big blind $0.25
*** HOLE CARDS ***
Dealt to Alameda22 [Qh Kd]
Che_Koarl: folds 
BadBeat69: folds 
AcedePique: folds 
Alameda22: folds 
luky luke 13: checks 
Eldon joins the table at seat #8 
Gmullie: folds 
JujutsuSun: calls $0.15
cw1307: checks 
*** FLOP *** [7c 3h Ad]
JujutsuSun: checks 
cw1307: checks 
luky luke 13: bets $0.50
JujutsuSun: raises $0.50 to $1
cw1307: folds 
luky luke 13: folds 
Uncalled bet ($0.50) returned to JujutsuSun
JujutsuSun collected $1.70 from pot
JujutsuSun: doesn't show hand 
*** SUMMARY ***
Total pot $1.75 | Rake $0.05 
Board [7c 3h Ad]
Seat 1: Alameda22 folded before Flop (didn't bet)
Seat 2: luky luke 13 folded on the Flop
Seat 3: Gmullie (button) folded before Flop (didn't bet)
Seat 4: JujutsuSun (small blind) collected ($1.70)
Seat 5: cw1307 (big blind) folded on the Flop
Seat 6: Che_Koarl folded before Flop (didn't bet)
Seat 7: BadBeat69 folded before Flop (didn't bet)
Seat 9: AcedePique folded before Flop (didn't bet)



PokerStars Game #20143793454:  Hold'em No Limit ($0.10/$0.25) - 2008/09/04 14:51:06 ET
Table 'Telamon IV' 9-max Seat #4 is the button
Seat 1: Alameda22 ($26.75 in chips) 
Seat 2: luky luke 13 ($8.25 in chips) 
Seat 3: Gmullie ($24.65 in chips) 
Seat 4: JujutsuSun ($5 in chips) 
Seat 5: cw1307 ($13.50 in chips) 
Seat 6: Che_Koarl ($22.95 in chips) 
Seat 7: BadBeat69 ($14 in chips) 
Seat 9: AcedePique ($25.50 in chips) 
cw1307: posts small blind $0.10
Che_Koarl: posts big blind $0.25
Eldon: sits out 
*** HOLE CARDS ***
Dealt to Alameda22 [Jd 7s]
BadBeat69: folds 
AcedePique: folds 
Alameda22: folds 
luky luke 13: folds 
Gmullie: folds 
JujutsuSun: folds 
cw1307: folds 
Uncalled bet ($0.15) returned to Che_Koarl
Che_Koarl collected $0.20 from pot
Che_Koarl: doesn't show hand 
*** SUMMARY ***
Total pot $0.20 | Rake $0 
Seat 1: Alameda22 folded before Flop (didn't bet)
Seat 2: luky luke 13 folded before Flop (didn't bet)
Seat 3: Gmullie folded before Flop (didn't bet)
Seat 4: JujutsuSun (button) folded before Flop (didn't bet)
Seat 5: cw1307 (small blind) folded before Flop
Seat 6: Che_Koarl (big blind) collected ($0.20)
Seat 7: BadBeat69 folded before Flop (didn't bet)
Seat 9: AcedePique folded before Flop (didn't bet)



PokerStars Game #20143813298:  Hold'em No Limit ($0.10/$0.25) - 2008/09/04 14:51:53 ET
Table 'Telamon IV' 9-max Seat #5 is the button
Seat 1: Alameda22 ($26.75 in chips) 
Seat 2: luky luke 13 ($8.25 in chips) 
Seat 3: Gmullie ($24.65 in chips) 
Seat 4: JujutsuSun ($5 in chips) 
Seat 5: cw1307 ($13.40 in chips) 
Seat 6: Che_Koarl ($23.05 in chips) 
Seat 7: BadBeat69 ($14 in chips) 
Seat 9: AcedePique ($25.50 in chips) 
Che_Koarl: posts small blind $0.10
BadBeat69: posts big blind $0.25
Eldon: sits out 
*** HOLE CARDS ***
Dealt to Alameda22 [5d Kc]
AcedePique: folds 
Alameda22: folds 
luky luke 13: folds 
Gmullie: folds 
JujutsuSun: folds 
cw1307: folds 
Che_Koarl: folds 
Uncalled bet ($0.15) returned to BadBeat69
BadBeat69 collected $0.20 from pot
BadBeat69: doesn't show hand 
*** SUMMARY ***
Total pot $0.20 | Rake $0 
Seat 1: Alameda22 folded before Flop (didn't bet)
Seat 2: luky luke 13 folded before Flop (didn't bet)
Seat 3: Gmullie folded before Flop (didn't bet)
Seat 4: JujutsuSun folded before Flop (didn't bet)
Seat 5: cw1307 (button) folded before Flop (didn't bet)
Seat 6: Che_Koarl (small blind) folded before Flop
Seat 7: BadBeat69 (big blind) collected ($0.20)
Seat 9: AcedePique folded before Flop (didn't bet)



PokerStars Game #20143835632:  Hold'em No Limit ($0.10/$0.25) - 2008/09/04 14:52:49 ET
Table 'Telamon IV' 9-max Seat #6 is the button
Seat 1: Alameda22 ($26.75 in chips) 
Seat 2: luky luke 13 ($8.25 in chips) 
Seat 3: Gmullie ($24.65 in chips) 
Seat 4: JujutsuSun ($5 in chips) 
Seat 5: cw1307 ($13.40 in chips) 
Seat 6: Che_Koarl ($22.95 in chips) 
Seat 7: BadBeat69 ($14.10 in chips) 
Seat 8: Eldon ($25 in chips) 
Seat 9: AcedePique ($25.50 in chips) 
BadBeat69: posts small blind $0.10
Eldon: posts big blind $0.25
*** HOLE CARDS ***
Dealt to Alameda22 [Jc 4h]
AcedePique: folds 
Alameda22: folds 
luky luke 13: folds 
Gmullie: folds 
JujutsuSun: folds 
cw1307: calls $0.25
Che_Koarl: folds 
BadBeat69: folds 
Eldon: checks 
*** FLOP *** [5c Jd 6d]
Eldon: checks 
cw1307: checks 
*** TURN *** [5c Jd 6d] [9s]
Eldon: checks 
cw1307: checks 
*** RIVER *** [5c Jd 6d 9s] [7h]
Eldon: checks 
cw1307: checks 
*** SHOW DOWN ***
Eldon: shows [3h 9d] (a pair of Nines)
cw1307: mucks hand 
Eldon collected $0.60 from pot
*** SUMMARY ***
Total pot $0.60 | Rake $0 
Board [5c Jd 6d 9s 7h]
Seat 1: Alameda22 folded before Flop (didn't bet)
Seat 2: luky luke 13 folded before Flop (didn't bet)
Seat 3: Gmullie folded before Flop (didn't bet)
Seat 4: JujutsuSun folded before Flop (didn't bet)
Seat 5: cw1307 mucked [Kh Qd]
Seat 6: Che_Koarl (button) folded before Flop (didn't bet)
Seat 7: BadBeat69 (small blind) folded before Flop
Seat 8: Eldon (big blind) showed [3h 9d] and won ($0.60) with a pair of Nines
Seat 9: AcedePique folded before Flop (didn't bet)



