PokerStars Game #19980031315:  Hold'em No Limit ($0.10/$0.25) - 2008/08/29 - 00:00:54 (ET)
Table 'Viipuri' 9-max Seat #7 is the button
Seat 1: milloyisgod ($24.50 in chips) 
Seat 2: toby0326 ($5 in chips) 
Seat 3: AKParsath ($45.15 in chips) 
Seat 4: pmags88 ($26.05 in chips) 
Seat 6: Krazy5 ($25.85 in chips) 
Seat 7: horacles ($41.95 in chips) 
Seat 8: s00tedjimmy ($4.75 in chips) 
Seat 9: Alameda22 ($32.20 in chips) 
s00tedjimmy: posts small blind $0.10
Alameda22: posts big blind $0.25
*** HOLE CARDS ***
Dealt to Alameda22 [8c Kd]
milloyisgod: folds 
toby0326: calls $0.25
AKParsath: folds 
pmags88: folds 
Krazy5: folds 
horacles: raises $1 to $1.25
s00tedjimmy: folds 
Alameda22: folds 
toby0326: folds 
Uncalled bet ($1) returned to horacles
horacles collected $0.85 from pot
*** SUMMARY ***
Total pot $0.85 | Rake $0 
Seat 1: milloyisgod folded before Flop (didn't bet)
Seat 2: toby0326 folded before Flop
Seat 3: AKParsath folded before Flop (didn't bet)
Seat 4: pmags88 folded before Flop (didn't bet)
Seat 6: Krazy5 folded before Flop (didn't bet)
Seat 7: horacles (button) collected ($0.85)
Seat 8: s00tedjimmy (small blind) folded before Flop
Seat 9: Alameda22 (big blind) folded before Flop



PokerStars Game #19980049589:  Hold'em No Limit ($0.10/$0.25) - 2008/08/29 - 00:01:54 (ET)
Table 'Viipuri' 9-max Seat #8 is the button
Seat 1: milloyisgod ($24.50 in chips) 
Seat 2: toby0326 ($4.75 in chips) 
Seat 3: AKParsath ($45.15 in chips) 
Seat 4: pmags88 ($26.05 in chips) 
Seat 6: Krazy5 ($25.85 in chips) 
Seat 7: horacles ($42.55 in chips) 
Seat 8: s00tedjimmy ($4.65 in chips) 
Seat 9: Alameda22 ($31.95 in chips) 
Alameda22: posts small blind $0.10
milloyisgod: posts big blind $0.25
*** HOLE CARDS ***
Dealt to Alameda22 [2h Js]
toby0326: calls $0.25
AKParsath: folds 
pmags88: folds 
Krazy5: folds 
horacles: folds 
s00tedjimmy: folds 
Alameda22: folds 
milloyisgod: checks 
*** FLOP *** [Th 6h 9s]
milloyisgod: checks 
toby0326: checks 
*** TURN *** [Th 6h 9s] [4d]
milloyisgod: bets $0.75
toby0326: folds 
Uncalled bet ($0.75) returned to milloyisgod
milloyisgod collected $0.60 from pot
milloyisgod: doesn't show hand 
*** SUMMARY ***
Total pot $0.60 | Rake $0 
Board [Th 6h 9s 4d]
Seat 1: milloyisgod (big blind) collected ($0.60)
Seat 2: toby0326 folded on the Turn
Seat 3: AKParsath folded before Flop (didn't bet)
Seat 4: pmags88 folded before Flop (didn't bet)
Seat 6: Krazy5 folded before Flop (didn't bet)
Seat 7: horacles folded before Flop (didn't bet)
Seat 8: s00tedjimmy (button) folded before Flop (didn't bet)
Seat 9: Alameda22 (small blind) folded before Flop



PokerStars Game #19980070617:  Hold'em No Limit ($0.10/$0.25) - 2008/08/29 - 00:03:04 (ET)
Table 'Viipuri' 9-max Seat #9 is the button
Seat 1: milloyisgod ($24.85 in chips) 
Seat 2: toby0326 ($4.50 in chips) 
Seat 3: AKParsath ($45.15 in chips) 
Seat 4: pmags88 ($26.05 in chips) 
Seat 6: Krazy5 ($25.85 in chips) 
Seat 7: horacles ($42.55 in chips) 
Seat 8: s00tedjimmy ($5 in chips) 
Seat 9: Alameda22 ($31.85 in chips) 
milloyisgod: posts small blind $0.10
toby0326: posts big blind $0.25
*** HOLE CARDS ***
Dealt to Alameda22 [Kh 4h]
AKParsath: folds 
pmags88: folds 
Krazy5: folds 
horacles: folds 
s00tedjimmy: raises $0.75 to $1
Alameda22: folds 
milloyisgod: folds 
toby0326: folds 
Uncalled bet ($0.75) returned to s00tedjimmy
s00tedjimmy collected $0.60 from pot
s00tedjimmy: doesn't show hand 
*** SUMMARY ***
Total pot $0.60 | Rake $0 
Seat 1: milloyisgod (small blind) folded before Flop
Seat 2: toby0326 (big blind) folded before Flop
Seat 3: AKParsath folded before Flop (didn't bet)
Seat 4: pmags88 folded before Flop (didn't bet)
Seat 6: Krazy5 folded before Flop (didn't bet)
Seat 7: horacles folded before Flop (didn't bet)
Seat 8: s00tedjimmy collected ($0.60)
Seat 9: Alameda22 (button) folded before Flop (didn't bet)



PokerStars Game #19980086616:  Hold'em No Limit ($0.10/$0.25) - 2008/08/29 - 00:03:58 (ET)
Table 'Viipuri' 9-max Seat #1 is the button
Seat 1: milloyisgod ($24.75 in chips) 
Seat 2: toby0326 ($4.25 in chips) 
Seat 3: AKParsath ($45.15 in chips) 
Seat 4: pmags88 ($26.05 in chips) 
Seat 6: Krazy5 ($25.85 in chips) 
Seat 7: horacles ($42.55 in chips) 
Seat 8: s00tedjimmy ($5.35 in chips) 
Seat 9: Alameda22 ($31.85 in chips) 
toby0326: posts small blind $0.10
AKParsath: posts big blind $0.25
*** HOLE CARDS ***
Dealt to Alameda22 [7d Qd]
pmags88: folds 
Krazy5: folds 
horacles: folds 
s00tedjimmy: folds 
Alameda22: folds 
milloyisgod: calls $0.25
toby0326: calls $0.15
AKParsath: checks 
*** FLOP *** [9s 5d 5c]
toby0326: checks 
AKParsath: checks 
milloyisgod: bets $0.50
toby0326: folds 
AKParsath: folds 
Uncalled bet ($0.50) returned to milloyisgod
milloyisgod collected $0.75 from pot
milloyisgod: doesn't show hand 
*** SUMMARY ***
Total pot $0.75 | Rake $0 
Board [9s 5d 5c]
Seat 1: milloyisgod (button) collected ($0.75)
Seat 2: toby0326 (small blind) folded on the Flop
Seat 3: AKParsath (big blind) folded on the Flop
Seat 4: pmags88 folded before Flop (didn't bet)
Seat 6: Krazy5 folded before Flop (didn't bet)
Seat 7: horacles folded before Flop (didn't bet)
Seat 8: s00tedjimmy folded before Flop (didn't bet)
Seat 9: Alameda22 folded before Flop (didn't bet)



PokerStars Game #19980111553:  Hold'em No Limit ($0.10/$0.25) - 2008/08/29 - 00:05:21 (ET)
Table 'Viipuri' 9-max Seat #2 is the button
Seat 1: milloyisgod ($25.25 in chips) 
Seat 2: toby0326 ($4 in chips) 
Seat 3: AKParsath ($44.90 in chips) 
Seat 4: pmags88 ($26.05 in chips) 
Seat 6: Krazy5 ($25.85 in chips) 
Seat 7: horacles ($42.55 in chips) 
Seat 8: s00tedjimmy ($5.35 in chips) 
Seat 9: Alameda22 ($31.85 in chips) 
AKParsath: posts small blind $0.10
pmags88: posts big blind $0.25
*** HOLE CARDS ***
Dealt to Alameda22 [3d 9d]
comeoncousin has returned
Krazy5: folds 
horacles: folds 
s00tedjimmy: folds 
Alameda22: folds 
milloyisgod: calls $0.25
toby0326: folds 
AKParsath: folds 
pmags88: checks 
*** FLOP *** [6d Qc 4s]
pmags88: bets $0.50
milloyisgod: folds 
Uncalled bet ($0.50) returned to pmags88
pmags88 collected $0.60 from pot
pmags88: doesn't show hand 
*** SUMMARY ***
Total pot $0.60 | Rake $0 
Board [6d Qc 4s]
Seat 1: milloyisgod folded on the Flop
Seat 2: toby0326 (button) folded before Flop (didn't bet)
Seat 3: AKParsath (small blind) folded before Flop
Seat 4: pmags88 (big blind) collected ($0.60)
Seat 6: Krazy5 folded before Flop (didn't bet)
Seat 7: horacles folded before Flop (didn't bet)
Seat 8: s00tedjimmy folded before Flop (didn't bet)
Seat 9: Alameda22 folded before Flop (didn't bet)



PokerStars Game #19980125997:  Hold'em No Limit ($0.10/$0.25) - 2008/08/29 - 00:06:09 (ET)
Table 'Viipuri' 9-max Seat #3 is the button
Seat 1: milloyisgod ($25 in chips) 
Seat 2: toby0326 ($4 in chips) 
Seat 3: AKParsath ($44.80 in chips) 
Seat 4: pmags88 ($26.40 in chips) 
Seat 5: comeoncousin ($30.55 in chips) 
Seat 6: Krazy5 ($25.85 in chips) 
Seat 7: horacles ($42.55 in chips) 
Seat 8: s00tedjimmy ($5.35 in chips) 
Seat 9: Alameda22 ($31.85 in chips) 
pmags88: posts small blind $0.10
comeoncousin: posts big blind $0.25
*** HOLE CARDS ***
Dealt to Alameda22 [2h 3d]
Krazy5: folds 
horacles: folds 
s00tedjimmy: folds 
Alameda22: folds 
milloyisgod: folds 
toby0326: folds 
AKParsath: raises $0.75 to $1
pmags88: calls $0.90
comeoncousin: folds 
*** FLOP *** [6h Ad Kc]
pmags88: checks 
AKParsath: bets $1.50
pmags88: folds 
Uncalled bet ($1.50) returned to AKParsath
AKParsath collected $2.15 from pot
AKParsath: doesn't show hand 
*** SUMMARY ***
Total pot $2.25 | Rake $0.10 
Board [6h Ad Kc]
Seat 1: milloyisgod folded before Flop (didn't bet)
Seat 2: toby0326 folded before Flop (didn't bet)
Seat 3: AKParsath (button) collected ($2.15)
Seat 4: pmags88 (small blind) folded on the Flop
Seat 5: comeoncousin (big blind) folded before Flop
Seat 6: Krazy5 folded before Flop (didn't bet)
Seat 7: horacles folded before Flop (didn't bet)
Seat 8: s00tedjimmy folded before Flop (didn't bet)
Seat 9: Alameda22 folded before Flop (didn't bet)



PokerStars Game #19980150688:  Hold'em No Limit ($0.10/$0.25) - 2008/08/29 - 00:07:32 (ET)
Table 'Viipuri' 9-max Seat #4 is the button
Seat 1: milloyisgod ($25 in chips) 
Seat 2: toby0326 ($4 in chips) 
Seat 3: AKParsath ($45.95 in chips) 
Seat 4: pmags88 ($25.40 in chips) 
Seat 5: comeoncousin ($30.30 in chips) 
Seat 6: Krazy5 ($25.85 in chips) 
Seat 7: horacles ($42.55 in chips) 
Seat 8: s00tedjimmy ($5.35 in chips) 
Seat 9: Alameda22 ($31.85 in chips) 
comeoncousin: posts small blind $0.10
Krazy5: posts big blind $0.25
*** HOLE CARDS ***
Dealt to Alameda22 [Ks 4d]
horacles: folds 
s00tedjimmy: folds 
Alameda22: folds 
milloyisgod: folds 
toby0326: folds 
AKParsath: folds 
pmags88: folds 
comeoncousin: calls $0.15
Krazy5: raises $0.50 to $0.75
comeoncousin: calls $0.50
*** FLOP *** [Qh Kh 7h]
comeoncousin: checks 
Krazy5: bets $0.75
comeoncousin: raises $1.25 to $2
Krazy5: calls $1.25
*** TURN *** [Qh Kh 7h] [3s]
comeoncousin: bets $3.50
Krazy5: folds 
Uncalled bet ($3.50) returned to comeoncousin
comeoncousin collected $5.25 from pot
*** SUMMARY ***
Total pot $5.50 | Rake $0.25 
Board [Qh Kh 7h 3s]
Seat 1: milloyisgod folded before Flop (didn't bet)
Seat 2: toby0326 folded before Flop (didn't bet)
Seat 3: AKParsath folded before Flop (didn't bet)
Seat 4: pmags88 (button) folded before Flop (didn't bet)
Seat 5: comeoncousin (small blind) collected ($5.25)
Seat 6: Krazy5 (big blind) folded on the Turn
Seat 7: horacles folded before Flop (didn't bet)
Seat 8: s00tedjimmy folded before Flop (didn't bet)
Seat 9: Alameda22 folded before Flop (didn't bet)



PokerStars Game #19980179825:  Hold'em No Limit ($0.10/$0.25) - 2008/08/29 - 00:09:11 (ET)
Table 'Viipuri' 9-max Seat #5 is the button
Seat 1: milloyisgod ($25 in chips) 
Seat 2: toby0326 ($4 in chips) 
Seat 3: AKParsath ($45.95 in chips) 
Seat 4: pmags88 ($25.40 in chips) 
Seat 5: comeoncousin ($32.80 in chips) 
Seat 6: Krazy5 ($23.10 in chips) 
Seat 7: horacles ($42.55 in chips) 
Seat 8: s00tedjimmy ($5.35 in chips) 
Seat 9: Alameda22 ($31.85 in chips) 
Krazy5: posts small blind $0.10
horacles: posts big blind $0.25
*** HOLE CARDS ***
Dealt to Alameda22 [Th 5d]
s00tedjimmy: folds 
Alameda22: folds 
milloyisgod: folds 
s00tedjimmy leaves the table
toby0326: folds 
AKParsath: folds 
pmags88: folds 
comeoncousin: raises $0.50 to $0.75
Krazy5: folds 
horacles: calls $0.50
*** FLOP *** [Jd Js 5s]
horacles: checks 
comeoncousin: checks 
*** TURN *** [Jd Js 5s] [8h]
horacles: checks 
comeoncousin: checks 
*** RIVER *** [Jd Js 5s 8h] [2h]
horacles: checks 
comeoncousin: checks 
*** SHOW DOWN ***
horacles: shows [4h Kh] (a pair of Jacks)
comeoncousin: shows [Ad 7d] (a pair of Jacks - Ace kicker)
comeoncousin collected $1.55 from pot
*** SUMMARY ***
Total pot $1.60 | Rake $0.05 
Board [Jd Js 5s 8h 2h]
Seat 1: milloyisgod folded before Flop (didn't bet)
Seat 2: toby0326 folded before Flop (didn't bet)
Seat 3: AKParsath folded before Flop (didn't bet)
Seat 4: pmags88 folded before Flop (didn't bet)
Seat 5: comeoncousin (button) showed [Ad 7d] and won ($1.55) with a pair of Jacks
Seat 6: Krazy5 (small blind) folded before Flop
Seat 7: horacles (big blind) showed [4h Kh] and lost with a pair of Jacks
Seat 8: s00tedjimmy folded before Flop (didn't bet)
Seat 9: Alameda22 folded before Flop (didn't bet)



PokerStars Game #19980210406:  Hold'em No Limit ($0.10/$0.25) - 2008/08/29 - 00:10:55 (ET)
Table 'Viipuri' 9-max Seat #6 is the button
Seat 1: milloyisgod ($25 in chips) 
Seat 2: toby0326 ($4 in chips) 
Seat 3: AKParsath ($45.95 in chips) 
Seat 4: pmags88 ($25.40 in chips) 
Seat 5: comeoncousin ($33.60 in chips) 
Seat 6: Krazy5 ($23 in chips) 
Seat 7: horacles ($41.80 in chips) 
Seat 9: Alameda22 ($31.85 in chips) 
horacles: posts small blind $0.10
Alameda22: posts big blind $0.25
*** HOLE CARDS ***
Dealt to Alameda22 [2h 5h]
milloyisgod: folds 
toby0326: folds 
AKParsath: folds 
pmags88: folds 
comeoncousin: calls $0.25
Krazy5: folds 
horacles: calls $0.15
FARPCOL joins the table at seat #8 
Alameda22: checks 
*** FLOP *** [Td 4c Js]
horacles: checks 
Alameda22: checks 
comeoncousin: bets $0.50
horacles: folds 
horacles is sitting out
Alameda22: folds 
Uncalled bet ($0.50) returned to comeoncousin
comeoncousin collected $0.75 from pot
*** SUMMARY ***
Total pot $0.75 | Rake $0 
Board [Td 4c Js]
Seat 1: milloyisgod folded before Flop (didn't bet)
Seat 2: toby0326 folded before Flop (didn't bet)
Seat 3: AKParsath folded before Flop (didn't bet)
Seat 4: pmags88 folded before Flop (didn't bet)
Seat 5: comeoncousin collected ($0.75)
Seat 6: Krazy5 (button) folded before Flop (didn't bet)
Seat 7: horacles (small blind) folded on the Flop
Seat 9: Alameda22 (big blind) folded on the Flop



PokerStars Game #19980250830:  Hold'em No Limit ($0.10/$0.25) - 2008/08/29 - 00:13:14 (ET)
Table 'Viipuri' 9-max Seat #9 is the button
Seat 1: milloyisgod ($25 in chips) 
Seat 2: toby0326 ($4 in chips) 
Seat 3: AKParsath ($45.95 in chips) 
Seat 4: pmags88 ($25.40 in chips) 
Seat 5: comeoncousin ($34.10 in chips) 
Seat 6: Krazy5 ($23 in chips) 
Seat 8: FARPCOL ($25 in chips) 
Seat 9: Alameda22 ($31.60 in chips) 
milloyisgod: posts small blind $0.10
toby0326: posts big blind $0.25
FARPCOL: posts big blind $0.25
*** HOLE CARDS ***
Dealt to Alameda22 [6c 5s]
AKParsath: folds 
pmags88: folds 
comeoncousin: folds 
Krazy5: folds 
FARPCOL: checks 
Alameda22: folds 
milloyisgod: folds 
toby0326: checks 
*** FLOP *** [Ad 5h 8d]
toby0326: checks 
FARPCOL: checks 
*** TURN *** [Ad 5h 8d] [Qh]
toby0326: checks 
FARPCOL: checks 
*** RIVER *** [Ad 5h 8d Qh] [Qc]
toby0326: checks 
FARPCOL: checks 
*** SHOW DOWN ***
toby0326: shows [4c 2d] (a pair of Queens)
FARPCOL: shows [Ts 6s] (a pair of Queens - Ace+Ten kicker)
FARPCOL collected $0.60 from pot
*** SUMMARY ***
Total pot $0.60 | Rake $0 
Board [Ad 5h 8d Qh Qc]
Seat 1: milloyisgod (small blind) folded before Flop
Seat 2: toby0326 (big blind) showed [4c 2d] and lost with a pair of Queens
Seat 3: AKParsath folded before Flop (didn't bet)
Seat 4: pmags88 folded before Flop (didn't bet)
Seat 5: comeoncousin folded before Flop (didn't bet)
Seat 6: Krazy5 folded before Flop (didn't bet)
Seat 8: FARPCOL showed [Ts 6s] and won ($0.60) with a pair of Queens
Seat 9: Alameda22 (button) folded before Flop (didn't bet)



PokerStars Game #19980280139:  Hold'em No Limit ($0.10/$0.25) - 2008/08/29 - 00:14:56 (ET)
Table 'Viipuri' 9-max Seat #1 is the button
Seat 1: milloyisgod ($24.90 in chips) 
Seat 2: toby0326 ($3.75 in chips) 
Seat 3: AKParsath ($45.95 in chips) 
Seat 4: pmags88 ($25.40 in chips) 
Seat 5: comeoncousin ($34.10 in chips) 
Seat 6: Krazy5 ($23 in chips) 
Seat 8: FARPCOL ($25.35 in chips) 
Seat 9: Alameda22 ($31.60 in chips) 
toby0326: posts small blind $0.10
AKParsath: posts big blind $0.25
*** HOLE CARDS ***
Dealt to Alameda22 [Ac 6h]
pmags88: folds 
comeoncousin: folds 
Krazy5: folds 
FARPCOL: raises $0.75 to $1
Alameda22: folds 
milloyisgod: folds 
toby0326: folds 
AKParsath: folds 
Uncalled bet ($0.75) returned to FARPCOL
FARPCOL collected $0.60 from pot
FARPCOL: doesn't show hand 
*** SUMMARY ***
Total pot $0.60 | Rake $0 
Seat 1: milloyisgod (button) folded before Flop (didn't bet)
Seat 2: toby0326 (small blind) folded before Flop
Seat 3: AKParsath (big blind) folded before Flop
Seat 4: pmags88 folded before Flop (didn't bet)
Seat 5: comeoncousin folded before Flop (didn't bet)
Seat 6: Krazy5 folded before Flop (didn't bet)
Seat 8: FARPCOL collected ($0.60)
Seat 9: Alameda22 folded before Flop (didn't bet)



PokerStars Game #19980295566:  Hold'em No Limit ($0.10/$0.25) - 2008/08/29 - 00:15:50 (ET)
Table 'Viipuri' 9-max Seat #2 is the button
Seat 1: milloyisgod ($24.90 in chips) 
Seat 2: toby0326 ($3.65 in chips) 
Seat 3: AKParsath ($45.70 in chips) 
Seat 4: pmags88 ($25.40 in chips) 
Seat 5: comeoncousin ($34.10 in chips) 
Seat 6: Krazy5 ($23 in chips) 
Seat 8: FARPCOL ($25.70 in chips) 
Seat 9: Alameda22 ($31.60 in chips) 
AKParsath: posts small blind $0.10
pmags88: posts big blind $0.25
*** HOLE CARDS ***
Dealt to Alameda22 [9d Tc]
comeoncousin: folds 
Krazy5: folds 
FARPCOL: folds 
Alameda22: folds 
milloyisgod: folds 
toby0326: raises $0.50 to $0.75
AKParsath: folds 
pmags88: folds 
Uncalled bet ($0.50) returned to toby0326
toby0326 collected $0.60 from pot
toby0326: doesn't show hand 
*** SUMMARY ***
Total pot $0.60 | Rake $0 
Seat 1: milloyisgod folded before Flop (didn't bet)
Seat 2: toby0326 (button) collected ($0.60)
Seat 3: AKParsath (small blind) folded before Flop
Seat 4: pmags88 (big blind) folded before Flop
Seat 5: comeoncousin folded before Flop (didn't bet)
Seat 6: Krazy5 folded before Flop (didn't bet)
Seat 8: FARPCOL folded before Flop (didn't bet)
Seat 9: Alameda22 folded before Flop (didn't bet)



PokerStars Game #19980306303:  Hold'em No Limit ($0.10/$0.25) - 2008/08/29 - 00:16:27 (ET)
Table 'Viipuri' 9-max Seat #3 is the button
Seat 1: milloyisgod ($24.90 in chips) 
Seat 2: toby0326 ($4 in chips) 
Seat 3: AKParsath ($45.60 in chips) 
Seat 4: pmags88 ($25.15 in chips) 
Seat 5: comeoncousin ($34.10 in chips) 
Seat 6: Krazy5 ($23 in chips) 
Seat 8: FARPCOL ($25.70 in chips) 
Seat 9: Alameda22 ($31.60 in chips) 
pmags88: posts small blind $0.10
comeoncousin: posts big blind $0.25
*** HOLE CARDS ***
Dealt to Alameda22 [2h Kd]
Krazy5: folds 
FARPCOL: folds 
Alameda22: folds 
milloyisgod: calls $0.25
toby0326: folds 
AKParsath: calls $0.25
pmags88: folds 
comeoncousin: checks 
*** FLOP *** [Qs Qd Jc]
comeoncousin: checks 
milloyisgod: checks 
AKParsath: checks 
*** TURN *** [Qs Qd Jc] [Ac]
comeoncousin: checks 
milloyisgod: bets $0.50
AKParsath: folds 
comeoncousin: folds 
Uncalled bet ($0.50) returned to milloyisgod
milloyisgod collected $0.85 from pot
milloyisgod: doesn't show hand 
*** SUMMARY ***
Total pot $0.85 | Rake $0 
Board [Qs Qd Jc Ac]
Seat 1: milloyisgod collected ($0.85)
Seat 2: toby0326 folded before Flop (didn't bet)
Seat 3: AKParsath (button) folded on the Turn
Seat 4: pmags88 (small blind) folded before Flop
Seat 5: comeoncousin (big blind) folded on the Turn
Seat 6: Krazy5 folded before Flop (didn't bet)
Seat 8: FARPCOL folded before Flop (didn't bet)
Seat 9: Alameda22 folded before Flop (didn't bet)



PokerStars Game #19980326956:  Hold'em No Limit ($0.10/$0.25) - 2008/08/29 - 00:17:40 (ET)
Table 'Viipuri' 9-max Seat #4 is the button
Seat 1: milloyisgod ($25.50 in chips) 
Seat 2: toby0326 ($4 in chips) 
Seat 3: AKParsath ($45.35 in chips) 
Seat 4: pmags88 ($25.05 in chips) 
Seat 5: comeoncousin ($33.85 in chips) 
Seat 6: Krazy5 ($23 in chips) 
Seat 8: FARPCOL ($25.70 in chips) 
Seat 9: Alameda22 ($31.60 in chips) 
comeoncousin: posts small blind $0.10
Krazy5: posts big blind $0.25
*** HOLE CARDS ***
Dealt to Alameda22 [5d 5c]
FARPCOL: folds 
Alameda22: folds 
milloyisgod: folds 
toby0326: folds 
AKParsath: folds 
pmags88: folds 
comeoncousin: calls $0.15
Krazy5: checks 
*** FLOP *** [9h 6h 3c]
comeoncousin: bets $0.25
Krazy5: calls $0.25
*** TURN *** [9h 6h 3c] [2c]
comeoncousin: checks 
Krazy5: bets $0.50
comeoncousin: calls $0.50
*** RIVER *** [9h 6h 3c 2c] [4c]
comeoncousin: bets $0.50
Krazy5: calls $0.50
*** SHOW DOWN ***
comeoncousin: shows [6d Qd] (a pair of Sixes)
Krazy5: shows [Kc 6s] (a pair of Sixes - King kicker)
Krazy5 collected $2.90 from pot
*** SUMMARY ***
Total pot $3 | Rake $0.10 
Board [9h 6h 3c 2c 4c]
Seat 1: milloyisgod folded before Flop (didn't bet)
Seat 2: toby0326 folded before Flop (didn't bet)
Seat 3: AKParsath folded before Flop (didn't bet)
Seat 4: pmags88 (button) folded before Flop (didn't bet)
Seat 5: comeoncousin (small blind) showed [6d Qd] and lost with a pair of Sixes
Seat 6: Krazy5 (big blind) showed [Kc 6s] and won ($2.90) with a pair of Sixes
Seat 8: FARPCOL folded before Flop (didn't bet)
Seat 9: Alameda22 folded before Flop (didn't bet)



PokerStars Game #19980342889:  Hold'em No Limit ($0.10/$0.25) - 2008/08/29 - 00:18:36 (ET)
Table 'Viipuri' 9-max Seat #5 is the button
Seat 1: milloyisgod ($25.50 in chips) 
Seat 2: toby0326 ($4 in chips) 
Seat 3: AKParsath ($45.35 in chips) 
Seat 4: pmags88 ($25.05 in chips) 
Seat 5: comeoncousin ($32.35 in chips) 
Seat 6: Krazy5 ($24.40 in chips) 
Seat 8: FARPCOL ($25.70 in chips) 
Seat 9: Alameda22 ($31.60 in chips) 
Krazy5: posts small blind $0.10
FARPCOL: posts big blind $0.25
*** HOLE CARDS ***
Dealt to Alameda22 [Jc 5c]
Alameda22: folds 
milloyisgod: calls $0.25
toby0326: calls $0.25
AKParsath: folds 
pmags88: folds 
comeoncousin: folds 
Krazy5: calls $0.15
FARPCOL: checks 
*** FLOP *** [2d Kc Qs]
Krazy5: checks 
FARPCOL: checks 
milloyisgod: checks 
toby0326: checks 
*** TURN *** [2d Kc Qs] [4h]
Krazy5: bets $0.75
FARPCOL: folds 
milloyisgod: folds 
toby0326: folds 
Uncalled bet ($0.75) returned to Krazy5
Krazy5 collected $0.95 from pot
Krazy5: doesn't show hand 
*** SUMMARY ***
Total pot $1 | Rake $0.05 
Board [2d Kc Qs 4h]
Seat 1: milloyisgod folded on the Turn
Seat 2: toby0326 folded on the Turn
Seat 3: AKParsath folded before Flop (didn't bet)
Seat 4: pmags88 folded before Flop (didn't bet)
Seat 5: comeoncousin (button) folded before Flop (didn't bet)
Seat 6: Krazy5 (small blind) collected ($0.95)
Seat 8: FARPCOL (big blind) folded on the Turn
Seat 9: Alameda22 folded before Flop (didn't bet)



