PokerStars Game #20148409536:  Hold'em No Limit ($0.25/$0.50) - 2008/09/04 17:53:25 ET
Table 'Yabuuti III' 9-max Seat #8 is the button
Seat 1: Alameda22 ($50 in chips) 
Seat 2: Teijeiro ($85 in chips) 
Seat 3: Joesen One ($52.30 in chips) 
Seat 5: punki_nav ($88.35 in chips) 
Seat 6: stoptop ($55.15 in chips) 
Seat 7: stefeu ($50 in chips) 
Seat 8: Piedr0 ($44.25 in chips) 
Seat 9: akaginsf ($41 in chips) 
akaginsf: posts small blind $0.25
Alameda22: posts big blind $0.50
*** HOLE CARDS ***
Dealt to Alameda22 [Ac As]
Teijeiro: folds 
Joesen One: folds 
punki_nav: folds 
stoptop: folds 
stefeu: folds 
Piedr0: raises $1 to $1.50
akaginsf: folds 
Alameda22: raises $3.50 to $5
Piedr0: folds 
Uncalled bet ($3.50) returned to Alameda22
Alameda22 collected $3.25 from pot
Alameda22: doesn't show hand 
*** SUMMARY ***
Total pot $3.25 | Rake $0 
Seat 1: Alameda22 (big blind) collected ($3.25)
Seat 2: Teijeiro folded before Flop (didn't bet)
Seat 3: Joesen One folded before Flop (didn't bet)
Seat 5: punki_nav folded before Flop (didn't bet)
Seat 6: stoptop folded before Flop (didn't bet)
Seat 7: stefeu folded before Flop (didn't bet)
Seat 8: Piedr0 (button) folded before Flop
Seat 9: akaginsf (small blind) folded before Flop



PokerStars Game #20148432682:  Hold'em No Limit ($0.25/$0.50) - 2008/09/04 17:54:22 ET
Table 'Yabuuti III' 9-max Seat #9 is the button
Seat 1: Alameda22 ($51.75 in chips) 
Seat 2: Teijeiro ($85 in chips) 
Seat 3: Joesen One ($52.30 in chips) 
Seat 5: punki_nav ($88.35 in chips) 
Seat 6: stoptop ($55.15 in chips) 
Seat 7: stefeu ($50 in chips) 
Seat 8: Piedr0 ($42.75 in chips) 
Seat 9: akaginsf ($40.75 in chips) 
Alameda22: posts small blind $0.25
Teijeiro: posts big blind $0.50
*** HOLE CARDS ***
Dealt to Alameda22 [Qd 8d]
Joesen One: folds 
punki_nav: raises $1.50 to $2
stoptop: folds 
zausl joins the table at seat #4 
stefeu: calls $2
Piedr0: folds 
akaginsf: folds 
Alameda22: folds 
Teijeiro: folds 
*** FLOP *** [Tc 6c 7d]
punki_nav: checks 
stefeu: checks 
*** TURN *** [Tc 6c 7d] [2c]
punki_nav: checks 
stefeu: checks 
*** RIVER *** [Tc 6c 7d 2c] [Ad]
punki_nav: checks 
stefeu: checks 
*** SHOW DOWN ***
punki_nav: shows [Qs As] (a pair of Aces)
stefeu: mucks hand 
punki_nav collected $4.55 from pot
*** SUMMARY ***
Total pot $4.75 | Rake $0.20 
Board [Tc 6c 7d 2c Ad]
Seat 1: Alameda22 (small blind) folded before Flop
Seat 2: Teijeiro (big blind) folded before Flop
Seat 3: Joesen One folded before Flop (didn't bet)
Seat 5: punki_nav showed [Qs As] and won ($4.55) with a pair of Aces
Seat 6: stoptop folded before Flop (didn't bet)
Seat 7: stefeu mucked [5s 5c]
Seat 8: Piedr0 folded before Flop (didn't bet)
Seat 9: akaginsf (button) folded before Flop (didn't bet)



PokerStars Game #20148470241:  Hold'em No Limit ($0.25/$0.50) - 2008/09/04 17:55:56 ET
Table 'Yabuuti III' 9-max Seat #1 is the button
Seat 1: Alameda22 ($51.50 in chips) 
Seat 2: Teijeiro ($84.50 in chips) 
Seat 3: Joesen One ($52.30 in chips) 
Seat 5: punki_nav ($90.90 in chips) 
Seat 6: stoptop ($55.15 in chips) 
Seat 7: stefeu ($50 in chips) 
Seat 8: Piedr0 ($42.75 in chips) 
Seat 9: akaginsf ($40.75 in chips) 
Teijeiro: posts small blind $0.25
Joesen One: posts big blind $0.50
zausl: sits out 
*** HOLE CARDS ***
Dealt to Alameda22 [Ac 5h]
punki_nav: folds 
stoptop: folds 
stefeu: folds 
Piedr0: folds 
akaginsf: folds 
Alameda22: folds 
Teijeiro: raises $1 to $1.50
Joesen One: folds 
Uncalled bet ($1) returned to Teijeiro
Teijeiro collected $1 from pot
Teijeiro: doesn't show hand 
*** SUMMARY ***
Total pot $1 | Rake $0 
Seat 1: Alameda22 (button) folded before Flop (didn't bet)
Seat 2: Teijeiro (small blind) collected ($1)
Seat 3: Joesen One (big blind) folded before Flop
Seat 5: punki_nav folded before Flop (didn't bet)
Seat 6: stoptop folded before Flop (didn't bet)
Seat 7: stefeu folded before Flop (didn't bet)
Seat 8: Piedr0 folded before Flop (didn't bet)
Seat 9: akaginsf folded before Flop (didn't bet)



PokerStars Game #20148487478:  Hold'em No Limit ($0.25/$0.50) - 2008/09/04 17:56:39 ET
Table 'Yabuuti III' 9-max Seat #2 is the button
Seat 1: Alameda22 ($51.50 in chips) 
Seat 2: Teijeiro ($85 in chips) 
Seat 3: Joesen One ($51.80 in chips) 
Seat 4: zausl ($30 in chips) 
Seat 5: punki_nav ($90.90 in chips) 
Seat 6: stoptop ($55.15 in chips) 
Seat 7: stefeu ($50 in chips) 
Seat 8: Piedr0 ($42.75 in chips) 
Seat 9: akaginsf ($40.75 in chips) 
Joesen One: posts small blind $0.25
zausl: posts big blind $0.50
*** HOLE CARDS ***
Dealt to Alameda22 [7h Ah]
punki_nav: folds 
stoptop: calls $0.50
stefeu: folds 
Piedr0: folds 
akaginsf: folds 
Alameda22: folds 
Teijeiro: folds 
Joesen One: folds 
zausl: raises $1 to $1.50
stoptop: calls $1
*** FLOP *** [As 9d Ac]
zausl: checks 
stoptop: bets $3
zausl: calls $3
*** TURN *** [As 9d Ac] [5h]
zausl: checks 
stoptop: bets $8
zausl: raises $17.50 to $25.50 and is all-in
stoptop: folds 
Uncalled bet ($17.50) returned to zausl
zausl collected $24.05 from pot
*** SUMMARY ***
Total pot $25.25 | Rake $1.20 
Board [As 9d Ac 5h]
Seat 1: Alameda22 folded before Flop (didn't bet)
Seat 2: Teijeiro (button) folded before Flop (didn't bet)
Seat 3: Joesen One (small blind) folded before Flop
Seat 4: zausl (big blind) collected ($24.05)
Seat 5: punki_nav folded before Flop (didn't bet)
Seat 6: stoptop folded on the Turn
Seat 7: stefeu folded before Flop (didn't bet)
Seat 8: Piedr0 folded before Flop (didn't bet)
Seat 9: akaginsf folded before Flop (didn't bet)



PokerStars Game #20148516266:  Hold'em No Limit ($0.25/$0.50) - 2008/09/04 17:57:52 ET
Table 'Yabuuti III' 9-max Seat #3 is the button
Seat 1: Alameda22 ($51.50 in chips) 
Seat 2: Teijeiro ($85 in chips) 
Seat 3: Joesen One ($51.55 in chips) 
Seat 4: zausl ($41.55 in chips) 
Seat 5: punki_nav ($90.90 in chips) 
Seat 6: stoptop ($42.65 in chips) 
Seat 7: stefeu ($50 in chips) 
Seat 8: Piedr0 ($42.75 in chips) 
Seat 9: akaginsf ($40.75 in chips) 
zausl: posts small blind $0.25
punki_nav: posts big blind $0.50
*** HOLE CARDS ***
Dealt to Alameda22 [Qh Ac]
stoptop: calls $0.50
stefeu: folds 
Piedr0: folds 
akaginsf: folds 
Alameda22: raises $2 to $2.50
Teijeiro: folds 
Joesen One: folds 
zausl: folds 
punki_nav: folds 
stoptop: calls $2
*** FLOP *** [9s Jc 3c]
stoptop: checks 
Alameda22: checks 
*** TURN *** [9s Jc 3c] [4s]
stoptop: bets $1
Alameda22: calls $1
*** RIVER *** [9s Jc 3c 4s] [3d]
stoptop: bets $2
Alameda22: calls $2
*** SHOW DOWN ***
stoptop: shows [2s 2c] (two pair, Threes and Deuces)
Alameda22: mucks hand 
stoptop collected $11.20 from pot
*** SUMMARY ***
Total pot $11.75 | Rake $0.55 
Board [9s Jc 3c 4s 3d]
Seat 1: Alameda22 mucked [Qh Ac]
Seat 2: Teijeiro folded before Flop (didn't bet)
Seat 3: Joesen One (button) folded before Flop (didn't bet)
Seat 4: zausl (small blind) folded before Flop
Seat 5: punki_nav (big blind) folded before Flop
Seat 6: stoptop showed [2s 2c] and won ($11.20) with two pair, Threes and Deuces
Seat 7: stefeu folded before Flop (didn't bet)
Seat 8: Piedr0 folded before Flop (didn't bet)
Seat 9: akaginsf folded before Flop (didn't bet)



PokerStars Game #20148550600:  Hold'em No Limit ($0.25/$0.50) - 2008/09/04 17:59:20 ET
Table 'Yabuuti III' 9-max Seat #4 is the button
Seat 1: Alameda22 ($46 in chips) 
Seat 2: Teijeiro ($85 in chips) 
Seat 3: Joesen One ($51.55 in chips) 
Seat 4: zausl ($41.30 in chips) 
Seat 5: punki_nav ($90.40 in chips) 
Seat 6: stoptop ($48.35 in chips) 
Seat 7: stefeu ($50 in chips) 
Seat 8: Piedr0 ($42.75 in chips) 
Seat 9: akaginsf ($40.75 in chips) 
punki_nav: posts small blind $0.25
stoptop: posts big blind $0.50
*** HOLE CARDS ***
Dealt to Alameda22 [6c 8d]
stefeu: folds 
Piedr0: folds 
akaginsf: folds 
Alameda22: folds 
Teijeiro: folds 
Joesen One: folds 
zausl: calls $0.50
punki_nav: folds 
stoptop: raises $1 to $1.50
zausl: calls $1
*** FLOP *** [As 4c Tc]
stoptop: bets $1.50
zausl: folds 
Uncalled bet ($1.50) returned to stoptop
stoptop collected $3.10 from pot
*** SUMMARY ***
Total pot $3.25 | Rake $0.15 
Board [As 4c Tc]
Seat 1: Alameda22 folded before Flop (didn't bet)
Seat 2: Teijeiro folded before Flop (didn't bet)
Seat 3: Joesen One folded before Flop (didn't bet)
Seat 4: zausl (button) folded on the Flop
Seat 5: punki_nav (small blind) folded before Flop
Seat 6: stoptop (big blind) collected ($3.10)
Seat 7: stefeu folded before Flop (didn't bet)
Seat 8: Piedr0 folded before Flop (didn't bet)
Seat 9: akaginsf folded before Flop (didn't bet)



PokerStars Game #20148575095:  Hold'em No Limit ($0.25/$0.50) - 2008/09/04 18:00:21 ET
Table 'Yabuuti III' 9-max Seat #5 is the button
Seat 1: Alameda22 ($46 in chips) 
Seat 2: Teijeiro ($85 in chips) 
Seat 3: Joesen One ($51.55 in chips) 
Seat 4: zausl ($39.80 in chips) 
Seat 5: punki_nav ($90.15 in chips) 
Seat 6: stoptop ($49.95 in chips) 
Seat 8: Piedr0 ($42.75 in chips) 
Seat 9: akaginsf ($40.75 in chips) 
stoptop: posts small blind $0.25
stefeu: is sitting out 
Piedr0: posts big blind $0.50
*** HOLE CARDS ***
Dealt to Alameda22 [3s As]
stefeu leaves the table
akaginsf: folds 
Alameda22: folds 
Teijeiro: folds 
Joesen One: folds 
zausl: folds 
punki_nav: folds 
stoptop: calls $0.25
Piedr0: checks 
*** FLOP *** [6d Tc 4h]
stoptop: bets $1.50
Piedr0: calls $1.50
*** TURN *** [6d Tc 4h] [5d]
stoptop: bets $1.50
Piedr0: raises $2.50 to $4
stoptop: calls $2.50
*** RIVER *** [6d Tc 4h 5d] [4d]
stoptop: bets $2
Piedr0: calls $2
*** SHOW DOWN ***
stoptop: shows [Td 2h] (two pair, Tens and Fours)
Piedr0: shows [8c 7d] (a straight, Four to Eight)
Piedr0 collected $15.25 from pot
*** SUMMARY ***
Total pot $16 | Rake $0.75 
Board [6d Tc 4h 5d 4d]
Seat 1: Alameda22 folded before Flop (didn't bet)
Seat 2: Teijeiro folded before Flop (didn't bet)
Seat 3: Joesen One folded before Flop (didn't bet)
Seat 4: zausl folded before Flop (didn't bet)
Seat 5: punki_nav (button) folded before Flop (didn't bet)
Seat 6: stoptop (small blind) showed [Td 2h] and lost with two pair, Tens and Fours
Seat 8: Piedr0 (big blind) showed [8c 7d] and won ($15.25) with a straight, Four to Eight
Seat 9: akaginsf folded before Flop (didn't bet)



PokerStars Game #20148602107:  Hold'em No Limit ($0.25/$0.50) - 2008/09/04 18:01:31 ET
Table 'Yabuuti III' 9-max Seat #6 is the button
Seat 1: Alameda22 ($46 in chips) 
Seat 2: Teijeiro ($85 in chips) 
Seat 3: Joesen One ($51.55 in chips) 
Seat 4: zausl ($39.80 in chips) 
Seat 5: punki_nav ($90.15 in chips) 
Seat 6: stoptop ($41.95 in chips) 
Seat 8: Piedr0 ($50 in chips) 
Seat 9: akaginsf ($40.75 in chips) 
Piedr0: posts small blind $0.25
akaginsf: posts big blind $0.50
*** HOLE CARDS ***
Dealt to Alameda22 [Ad Ts]
Alameda22: folds 
Teijeiro: folds 
Joesen One: folds 
zausl: raises $1 to $1.50
punki_nav: folds 
stoptop: calls $1.50
Piedr0: folds 
akaginsf: folds 
*** FLOP *** [7d 3s 3d]
DonLockwood joins the table at seat #7 
zausl: bets $1.50
stoptop: calls $1.50
*** TURN *** [7d 3s 3d] [Qh]
zausl: bets $3
stoptop: calls $3
*** RIVER *** [7d 3s 3d Qh] [Th]
zausl: bets $3.50
stoptop: folds 
Uncalled bet ($3.50) returned to zausl
zausl collected $12.15 from pot
*** SUMMARY ***
Total pot $12.75 | Rake $0.60 
Board [7d 3s 3d Qh Th]
Seat 1: Alameda22 folded before Flop (didn't bet)
Seat 2: Teijeiro folded before Flop (didn't bet)
Seat 3: Joesen One folded before Flop (didn't bet)
Seat 4: zausl collected ($12.15)
Seat 5: punki_nav folded before Flop (didn't bet)
Seat 6: stoptop (button) folded on the River
Seat 8: Piedr0 (small blind) folded before Flop
Seat 9: akaginsf (big blind) folded before Flop



PokerStars Game #20148627009:  Hold'em No Limit ($0.25/$0.50) - 2008/09/04 18:02:36 ET
Table 'Yabuuti III' 9-max Seat #8 is the button
Seat 1: Alameda22 ($46 in chips) 
Seat 2: Teijeiro ($85 in chips) 
Seat 3: Joesen One ($51.55 in chips) 
Seat 4: zausl ($45.95 in chips) 
Seat 5: punki_nav ($90.15 in chips) 
Seat 6: stoptop ($35.95 in chips) 
Seat 7: DonLockwood ($30 in chips) 
Seat 8: Piedr0 ($49.75 in chips) 
Seat 9: akaginsf ($40.25 in chips) 
akaginsf: posts small blind $0.25
Alameda22: posts big blind $0.50
DonLockwood: posts big blind $0.50
*** HOLE CARDS ***
Dealt to Alameda22 [7h Kh]
Teijeiro: calls $0.50
Joesen One: folds 
zausl: folds 
punki_nav: calls $0.50
stoptop: folds 
DonLockwood: checks 
Piedr0: folds 
akaginsf: folds 
Alameda22: checks 
*** FLOP *** [Ks 9s 9c]
Alameda22: checks 
Teijeiro: checks 
punki_nav: checks 
DonLockwood: checks 
*** TURN *** [Ks 9s 9c] [Ac]
Alameda22: checks 
Teijeiro: checks 
punki_nav: checks 
DonLockwood: checks 
*** RIVER *** [Ks 9s 9c Ac] [7s]
Alameda22: checks 
Teijeiro: checks 
punki_nav: checks 
DonLockwood: checks 
*** SHOW DOWN ***
Alameda22: shows [7h Kh] (two pair, Kings and Nines)
Teijeiro: mucks hand 
punki_nav: mucks hand 
DonLockwood: mucks hand 
Alameda22 collected $2.15 from pot
*** SUMMARY ***
Total pot $2.25 | Rake $0.10 
Board [Ks 9s 9c Ac 7s]
Seat 1: Alameda22 (big blind) showed [7h Kh] and won ($2.15) with two pair, Kings and Nines
Seat 2: Teijeiro mucked [6h 6s]
Seat 3: Joesen One folded before Flop (didn't bet)
Seat 4: zausl folded before Flop (didn't bet)
Seat 5: punki_nav mucked [Qs Jd]
Seat 6: stoptop folded before Flop (didn't bet)
Seat 7: DonLockwood mucked [4s 6c]
Seat 8: Piedr0 (button) folded before Flop (didn't bet)
Seat 9: akaginsf (small blind) folded before Flop



PokerStars Game #20148672896:  Hold'em No Limit ($0.25/$0.50) - 2008/09/04 18:04:34 ET
Table 'Yabuuti III' 9-max Seat #9 is the button
Seat 1: Alameda22 ($47.65 in chips) 
Seat 2: Teijeiro ($84.50 in chips) 
Seat 3: Joesen One ($51.55 in chips) 
Seat 4: zausl ($45.95 in chips) 
Seat 5: punki_nav ($89.65 in chips) 
Seat 6: stoptop ($35.95 in chips) 
Seat 7: DonLockwood ($29.50 in chips) 
Seat 8: Piedr0 ($49.75 in chips) 
Seat 9: akaginsf ($40 in chips) 
Alameda22: posts small blind $0.25
Teijeiro: posts big blind $0.50
*** HOLE CARDS ***
Dealt to Alameda22 [Js Jd]
Joesen One: folds 
zausl: folds 
punki_nav: folds 
stoptop: calls $0.50
DonLockwood: folds 
Piedr0: folds 
akaginsf: folds 
Alameda22: raises $2 to $2.50
Teijeiro: folds 
stoptop: calls $2
*** FLOP *** [2d 4s 4c]
Alameda22: bets $3.50
stoptop: folds 
Uncalled bet ($3.50) returned to Alameda22
Alameda22 collected $5.25 from pot
Alameda22: doesn't show hand 
*** SUMMARY ***
Total pot $5.50 | Rake $0.25 
Board [2d 4s 4c]
Seat 1: Alameda22 (small blind) collected ($5.25)
Seat 2: Teijeiro (big blind) folded before Flop
Seat 3: Joesen One folded before Flop (didn't bet)
Seat 4: zausl folded before Flop (didn't bet)
Seat 5: punki_nav folded before Flop (didn't bet)
Seat 6: stoptop folded on the Flop
Seat 7: DonLockwood folded before Flop (didn't bet)
Seat 8: Piedr0 folded before Flop (didn't bet)
Seat 9: akaginsf (button) folded before Flop (didn't bet)



PokerStars Game #20148697962:  Hold'em No Limit ($0.25/$0.50) - 2008/09/04 18:05:39 ET
Table 'Yabuuti III' 9-max Seat #1 is the button
Seat 1: Alameda22 ($50.40 in chips) 
Seat 2: Teijeiro ($84 in chips) 
Seat 3: Joesen One ($51.55 in chips) 
Seat 4: zausl ($45.95 in chips) 
Seat 5: punki_nav ($89.65 in chips) 
Seat 6: stoptop ($33.45 in chips) 
Seat 7: DonLockwood ($29.50 in chips) 
Seat 8: Piedr0 ($49.75 in chips) 
Seat 9: akaginsf ($40 in chips) 
Teijeiro: posts small blind $0.25
Joesen One: posts big blind $0.50
*** HOLE CARDS ***
Dealt to Alameda22 [Qh 7s]
zausl: raises $1 to $1.50
punki_nav: folds 
stoptop: calls $1.50
DonLockwood: folds 
Piedr0: calls $1.50
akaginsf: folds 
Alameda22: folds 
Teijeiro: folds 
Joesen One: folds 
*** FLOP *** [3c 4c 5d]
zausl: bets $3
stoptop: calls $3
Piedr0: folds 
*** TURN *** [3c 4c 5d] [7c]
zausl: bets $5
stoptop: calls $5
*** RIVER *** [3c 4c 5d 7c] [6c]
zausl: bets $14.50
stoptop: calls $14.50
*** SHOW DOWN ***
zausl: shows [Kd 9c] (a flush, Nine high)
stoptop: mucks hand 
zausl collected $47.80 from pot
*** SUMMARY ***
Total pot $50.25 | Rake $2.45 
Board [3c 4c 5d 7c 6c]
Seat 1: Alameda22 (button) folded before Flop (didn't bet)
Seat 2: Teijeiro (small blind) folded before Flop
Seat 3: Joesen One (big blind) folded before Flop
Seat 4: zausl showed [Kd 9c] and won ($47.80) with a flush, Nine high
Seat 5: punki_nav folded before Flop (didn't bet)
Seat 6: stoptop mucked [2h 6h]
Seat 7: DonLockwood folded before Flop (didn't bet)
Seat 8: Piedr0 folded on the Flop
Seat 9: akaginsf folded before Flop (didn't bet)



PokerStars Game #20148726321:  Hold'em No Limit ($0.25/$0.50) - 2008/09/04 18:06:52 ET
Table 'Yabuuti III' 9-max Seat #2 is the button
Seat 1: Alameda22 ($50.40 in chips) 
Seat 2: Teijeiro ($83.75 in chips) 
Seat 3: Joesen One ($51.05 in chips) 
Seat 4: zausl ($69.75 in chips) 
Seat 5: punki_nav ($89.65 in chips) 
Seat 6: stoptop ($9.45 in chips) 
Seat 7: DonLockwood ($29.50 in chips) 
Seat 8: Piedr0 ($48.25 in chips) 
Seat 9: akaginsf ($40 in chips) 
Joesen One: posts small blind $0.25
zausl: posts big blind $0.50
*** HOLE CARDS ***
Dealt to Alameda22 [8s 4h]
punki_nav: folds 
stoptop: folds 
DonLockwood: folds 
stoptop leaves the table
Piedr0: folds 
YouthNAsia joins the table at seat #6 
akaginsf: folds 
Alameda22: folds 
Teijeiro: folds 
YouthNAsia leaves the table
Joesen One: folds 
Uncalled bet ($0.25) returned to zausl
rudinho15 joins the table at seat #6 
zausl collected $0.50 from pot
*** SUMMARY ***
Total pot $0.50 | Rake $0 
Seat 1: Alameda22 folded before Flop (didn't bet)
Seat 2: Teijeiro (button) folded before Flop (didn't bet)
Seat 3: Joesen One (small blind) folded before Flop
Seat 4: zausl (big blind) collected ($0.50)
Seat 5: punki_nav folded before Flop (didn't bet)
Seat 6: stoptop folded before Flop (didn't bet)
Seat 7: DonLockwood folded before Flop (didn't bet)
Seat 8: Piedr0 folded before Flop (didn't bet)
Seat 9: akaginsf folded before Flop (didn't bet)



PokerStars Game #20148745037:  Hold'em No Limit ($0.25/$0.50) - 2008/09/04 18:07:40 ET
Table 'Yabuuti III' 9-max Seat #3 is the button
Seat 1: Alameda22 ($50.40 in chips) 
Seat 2: Teijeiro ($83.75 in chips) 
Seat 3: Joesen One ($50.80 in chips) 
Seat 4: zausl ($70 in chips) 
Seat 6: rudinho15 ($50 in chips) 
Seat 7: DonLockwood ($29.50 in chips) 
Seat 8: Piedr0 ($48.25 in chips) 
Seat 9: akaginsf ($40 in chips) 
zausl: posts small blind $0.25
punki_nav: is sitting out 
punki_nav leaves the table
rudinho15: posts big blind $0.50
*** HOLE CARDS ***
Dealt to Alameda22 [Jh 2h]
DonLockwood: folds 
Piedr0: folds 
akaginsf: folds 
Alameda22: folds 
Teijeiro: folds 
Joesen One: folds 
Nikita1233 joins the table at seat #5 
zausl: folds 
Uncalled bet ($0.25) returned to rudinho15
rudinho15 collected $0.50 from pot
rudinho15: doesn't show hand 
*** SUMMARY ***
Total pot $0.50 | Rake $0 
Seat 1: Alameda22 folded before Flop (didn't bet)
Seat 2: Teijeiro folded before Flop (didn't bet)
Seat 3: Joesen One (button) folded before Flop (didn't bet)
Seat 4: zausl (small blind) folded before Flop
Seat 6: rudinho15 (big blind) collected ($0.50)
Seat 7: DonLockwood folded before Flop (didn't bet)
Seat 8: Piedr0 folded before Flop (didn't bet)
Seat 9: akaginsf folded before Flop (didn't bet)



PokerStars Game #20148764524:  Hold'em No Limit ($0.25/$0.50) - 2008/09/04 18:08:29 ET
Table 'Yabuuti III' 9-max Seat #4 is the button
Seat 1: Alameda22 ($50.40 in chips) 
Seat 2: Teijeiro ($83.75 in chips) 
Seat 3: Joesen One ($50.80 in chips) 
Seat 4: zausl ($69.75 in chips) 
Seat 6: rudinho15 ($50.25 in chips) 
Seat 7: DonLockwood ($29.50 in chips) 
Seat 8: Piedr0 ($48.25 in chips) 
Seat 9: akaginsf ($40 in chips) 
Nikita1233 will be allowed to play after the button
rudinho15: posts small blind $0.25
DonLockwood: posts big blind $0.50
*** HOLE CARDS ***
Dealt to Alameda22 [5c 3h]
Piedr0: folds 
akaginsf: folds 
Alameda22: folds 
Teijeiro: folds 
Joesen One: folds 
zausl: raises $1.50 to $2
rudinho15: folds 
DonLockwood: calls $1.50
*** FLOP *** [2d 4d 5d]
DonLockwood: checks 
zausl: bets $2
DonLockwood: raises $5 to $7
zausl: calls $5
*** TURN *** [2d 4d 5d] [3s]
DonLockwood: bets $20.50 and is all-in
zausl: folds 
Uncalled bet ($20.50) returned to DonLockwood
DonLockwood collected $17.35 from pot
DonLockwood: doesn't show hand 
*** SUMMARY ***
Total pot $18.25 | Rake $0.90 
Board [2d 4d 5d 3s]
Seat 1: Alameda22 folded before Flop (didn't bet)
Seat 2: Teijeiro folded before Flop (didn't bet)
Seat 3: Joesen One folded before Flop (didn't bet)
Seat 4: zausl (button) folded on the Turn
Seat 6: rudinho15 (small blind) folded before Flop
Seat 7: DonLockwood (big blind) collected ($17.35)
Seat 8: Piedr0 folded before Flop (didn't bet)
Seat 9: akaginsf folded before Flop (didn't bet)



PokerStars Game #20148801284:  Hold'em No Limit ($0.25/$0.50) - 2008/09/04 18:10:04 ET
Table 'Yabuuti III' 9-max Seat #6 is the button
Seat 1: Alameda22 ($50.40 in chips) 
Seat 2: Teijeiro ($83.75 in chips) 
Seat 3: Joesen One ($50.80 in chips) 
Seat 4: zausl ($60.75 in chips) 
Seat 5: Nikita1233 ($10 in chips) 
Seat 6: rudinho15 ($50 in chips) 
Seat 7: DonLockwood ($37.85 in chips) 
Seat 8: Piedr0 ($48.25 in chips) 
Seat 9: akaginsf ($40 in chips) 
DonLockwood: posts small blind $0.25
Piedr0: posts big blind $0.50
Nikita1233: posts big blind $0.50
*** HOLE CARDS ***
Dealt to Alameda22 [4s 7h]
akaginsf: folds 
Alameda22: folds 
Teijeiro: folds 
Joesen One: folds 
zausl: folds 
zausl leaves the table
Nikita1233: checks 
SARA PEZ joins the table at seat #4 
rudinho15: folds 
DonLockwood: calls $0.25
Piedr0: checks 
*** FLOP *** [3s 8c 7c]
DonLockwood: checks 
Piedr0: bets $1
Nikita1233: folds 
DonLockwood: folds 
Uncalled bet ($1) returned to Piedr0
Piedr0 collected $1.45 from pot
Piedr0: doesn't show hand 
*** SUMMARY ***
Total pot $1.50 | Rake $0.05 
Board [3s 8c 7c]
Seat 1: Alameda22 folded before Flop (didn't bet)
Seat 2: Teijeiro folded before Flop (didn't bet)
Seat 3: Joesen One folded before Flop (didn't bet)
Seat 4: zausl folded before Flop (didn't bet)
Seat 5: Nikita1233 folded on the Flop
Seat 6: rudinho15 (button) folded before Flop (didn't bet)
Seat 7: DonLockwood (small blind) folded on the Flop
Seat 8: Piedr0 (big blind) collected ($1.45)
Seat 9: akaginsf folded before Flop (didn't bet)



PokerStars Game #20148833738:  Hold'em No Limit ($0.25/$0.50) - 2008/09/04 18:11:27 ET
Table 'Yabuuti III' 9-max Seat #7 is the button
Seat 1: Alameda22 ($50.40 in chips) 
Seat 2: Teijeiro ($83.75 in chips) 
Seat 3: Joesen One ($50.80 in chips) 
Seat 5: Nikita1233 ($9.50 in chips) 
Seat 6: rudinho15 ($50 in chips) 
Seat 7: DonLockwood ($37.35 in chips) 
Seat 8: Piedr0 ($49.20 in chips) 
Piedr0: posts small blind $0.25
akaginsf: is sitting out 
akaginsf leaves the table
Alameda22: posts big blind $0.50
playmoneyyy joins the table at seat #9 
SARA PEZ: sits out 
*** HOLE CARDS ***
Dealt to Alameda22 [4c 7c]
Teijeiro: folds 
Joesen One: folds 
Nikita1233: calls $0.50
rudinho15: raises $1.50 to $2
DonLockwood: calls $2
Piedr0: folds 
Alameda22: folds 
Nikita1233: calls $1.50
*** FLOP *** [Qs Ts 8h]
Nikita1233: checks 
rudinho15: bets $2.50
DonLockwood: folds 
Nikita1233: folds 
Uncalled bet ($2.50) returned to rudinho15
rudinho15 collected $6.45 from pot
rudinho15: doesn't show hand 
*** SUMMARY ***
Total pot $6.75 | Rake $0.30 
Board [Qs Ts 8h]
Seat 1: Alameda22 (big blind) folded before Flop
Seat 2: Teijeiro folded before Flop (didn't bet)
Seat 3: Joesen One folded before Flop (didn't bet)
Seat 5: Nikita1233 folded on the Flop
Seat 6: rudinho15 collected ($6.45)
Seat 7: DonLockwood (button) folded on the Flop
Seat 8: Piedr0 (small blind) folded before Flop



PokerStars Game #20148859630:  Hold'em No Limit ($0.25/$0.50) - 2008/09/04 18:12:35 ET
Table 'Yabuuti III' 9-max Seat #8 is the button
Seat 1: Alameda22 ($49.90 in chips) 
Seat 2: Teijeiro ($83.75 in chips) 
Seat 3: Joesen One ($50.80 in chips) 
Seat 5: Nikita1233 ($7.50 in chips) 
Seat 6: rudinho15 ($54.45 in chips) 
Seat 7: DonLockwood ($35.35 in chips) 
Seat 8: Piedr0 ($48.95 in chips) 
playmoneyyy will be allowed to play after the button
Alameda22: posts small blind $0.25
Teijeiro: posts big blind $0.50
SARA PEZ: sits out 
*** HOLE CARDS ***
Dealt to Alameda22 [8s 5d]
Joesen One: folds 
Nikita1233: calls $0.50
rudinho15: folds 
DonLockwood: folds 
Piedr0: calls $0.50
Alameda22: folds 
Teijeiro: checks 
*** FLOP *** [Ac Qh 8h]
Teijeiro: checks 
Nikita1233: bets $0.50
Piedr0: raises $1 to $1.50
Teijeiro: folds 
Nikita1233: calls $1
*** TURN *** [Ac Qh 8h] [3c]
Nikita1233: checks 
Piedr0: bets $3.50
Nikita1233: calls $3.50
*** RIVER *** [Ac Qh 8h 3c] [Qd]
Nikita1233: bets $2 and is all-in
Piedr0: calls $2
*** SHOW DOWN ***
Nikita1233: shows [6s Qc] (three of a kind, Queens)
Piedr0: mucks hand 
Nikita1233 collected $15 from pot
*** SUMMARY ***
Total pot $15.75 | Rake $0.75 
Board [Ac Qh 8h 3c Qd]
Seat 1: Alameda22 (small blind) folded before Flop
Seat 2: Teijeiro (big blind) folded on the Flop
Seat 3: Joesen One folded before Flop (didn't bet)
Seat 5: Nikita1233 showed [6s Qc] and won ($15) with three of a kind, Queens
Seat 6: rudinho15 folded before Flop (didn't bet)
Seat 7: DonLockwood folded before Flop (didn't bet)
Seat 8: Piedr0 (button) mucked [Js As]



PokerStars Game #20148883322:  Hold'em No Limit ($0.25/$0.50) - 2008/09/04 18:13:36 ET
Table 'Yabuuti III' 9-max Seat #1 is the button
Seat 1: Alameda22 ($49.65 in chips) 
Seat 2: Teijeiro ($83.25 in chips) 
Seat 3: Joesen One ($50.80 in chips) 
Seat 5: Nikita1233 ($15 in chips) 
Seat 6: rudinho15 ($54.45 in chips) 
Seat 7: DonLockwood ($35.35 in chips) 
Seat 8: Piedr0 ($41.45 in chips) 
Seat 9: playmoneyyy ($50 in chips) 
Teijeiro: posts small blind $0.25
Joesen One: posts big blind $0.50
SARA PEZ: sits out 
playmoneyyy: posts big blind $0.50
*** HOLE CARDS ***
Dealt to Alameda22 [Js Ks]
Nikita1233: calls $0.50
rudinho15: calls $0.50
DonLockwood: raises $2.50 to $3
Piedr0: folds 
playmoneyyy: folds 
Alameda22: folds 
Teijeiro: folds 
Joesen One: folds 
Nikita1233: folds 
rudinho15: folds 
Uncalled bet ($2.50) returned to DonLockwood
DonLockwood collected $2.75 from pot
DonLockwood: doesn't show hand 
*** SUMMARY ***
Total pot $2.75 | Rake $0 
Seat 1: Alameda22 (button) folded before Flop (didn't bet)
Seat 2: Teijeiro (small blind) folded before Flop
Seat 3: Joesen One (big blind) folded before Flop
Seat 5: Nikita1233 folded before Flop
Seat 6: rudinho15 folded before Flop
Seat 7: DonLockwood collected ($2.75)
Seat 8: Piedr0 folded before Flop (didn't bet)
Seat 9: playmoneyyy folded before Flop



PokerStars Game #20148902377:  Hold'em No Limit ($0.25/$0.50) - 2008/09/04 18:14:26 ET
Table 'Yabuuti III' 9-max Seat #2 is the button
Seat 1: Alameda22 ($49.65 in chips) 
Seat 2: Teijeiro ($83 in chips) 
Seat 3: Joesen One ($50.30 in chips) 
Seat 4: SARA PEZ ($50 in chips) 
Seat 5: Nikita1233 ($14.50 in chips) 
Seat 6: rudinho15 ($53.95 in chips) 
Seat 7: DonLockwood ($37.60 in chips) 
Seat 8: Piedr0 ($41.45 in chips) 
Seat 9: playmoneyyy ($49.50 in chips) 
Joesen One: posts small blind $0.25
SARA PEZ: posts big blind $0.50
*** HOLE CARDS ***
Dealt to Alameda22 [7h 3h]
Nikita1233: calls $0.50
rudinho15: folds 
DonLockwood: folds 
Piedr0: raises $1 to $1.50
playmoneyyy: raises $4 to $5.50
Alameda22: folds 
Teijeiro: folds 
Joesen One: folds 
SARA PEZ: folds 
Nikita1233: folds 
Piedr0: folds 
Uncalled bet ($4) returned to playmoneyyy
playmoneyyy collected $4.25 from pot
*** SUMMARY ***
Total pot $4.25 | Rake $0 
Seat 1: Alameda22 folded before Flop (didn't bet)
Seat 2: Teijeiro (button) folded before Flop (didn't bet)
Seat 3: Joesen One (small blind) folded before Flop
Seat 4: SARA PEZ (big blind) folded before Flop
Seat 5: Nikita1233 folded before Flop
Seat 6: rudinho15 folded before Flop (didn't bet)
Seat 7: DonLockwood folded before Flop (didn't bet)
Seat 8: Piedr0 folded before Flop
Seat 9: playmoneyyy collected ($4.25)



PokerStars Game #20148929387:  Hold'em No Limit ($0.25/$0.50) - 2008/09/04 18:15:35 ET
Table 'Yabuuti III' 9-max Seat #3 is the button
Seat 1: Alameda22 ($49.65 in chips) 
Seat 2: Teijeiro ($83 in chips) 
Seat 3: Joesen One ($50.05 in chips) 
Seat 4: SARA PEZ ($49.50 in chips) 
Seat 5: Nikita1233 ($14 in chips) 
Seat 6: rudinho15 ($53.95 in chips) 
Seat 7: DonLockwood ($37.60 in chips) 
Seat 8: Piedr0 ($39.95 in chips) 
Seat 9: playmoneyyy ($52.25 in chips) 
SARA PEZ: posts small blind $0.25
Nikita1233: posts big blind $0.50
*** HOLE CARDS ***
Dealt to Alameda22 [6d 8d]
rudinho15: folds 
DonLockwood: raises $1.50 to $2
Piedr0: folds 
playmoneyyy: folds 
Alameda22: folds 
Teijeiro: folds 
Joesen One: folds 
SARA PEZ: folds 
Nikita1233: folds 
Uncalled bet ($1.50) returned to DonLockwood
DonLockwood collected $1.25 from pot
DonLockwood: doesn't show hand 
*** SUMMARY ***
Total pot $1.25 | Rake $0 
Seat 1: Alameda22 folded before Flop (didn't bet)
Seat 2: Teijeiro folded before Flop (didn't bet)
Seat 3: Joesen One (button) folded before Flop (didn't bet)
Seat 4: SARA PEZ (small blind) folded before Flop
Seat 5: Nikita1233 (big blind) folded before Flop
Seat 6: rudinho15 folded before Flop (didn't bet)
Seat 7: DonLockwood collected ($1.25)
Seat 8: Piedr0 folded before Flop (didn't bet)
Seat 9: playmoneyyy folded before Flop (didn't bet)



PokerStars Game #20148947510:  Hold'em No Limit ($0.25/$0.50) - 2008/09/04 18:16:23 ET
Table 'Yabuuti III' 9-max Seat #4 is the button
Seat 1: Alameda22 ($49.65 in chips) 
Seat 2: Teijeiro ($83 in chips) 
Seat 3: Joesen One ($50.05 in chips) 
Seat 4: SARA PEZ ($49.25 in chips) 
Seat 5: Nikita1233 ($13.50 in chips) 
Seat 6: rudinho15 ($53.95 in chips) 
Seat 7: DonLockwood ($38.35 in chips) 
Seat 8: Piedr0 ($39.95 in chips) 
Seat 9: playmoneyyy ($52.25 in chips) 
Nikita1233: posts small blind $0.25
rudinho15: posts big blind $0.50
*** HOLE CARDS ***
Dealt to Alameda22 [3s 7d]
DonLockwood: folds 
Piedr0: folds 
playmoneyyy: folds 
Alameda22: folds 
Teijeiro: folds 
Joesen One: folds 
SARA PEZ: folds 
Nikita1233: raises $0.50 to $1
rudinho15: calls $0.50
*** FLOP *** [Kd Jc Th]
Nikita1233: checks 
rudinho15: checks 
*** TURN *** [Kd Jc Th] [Td]
Nikita1233: checks 
rudinho15: bets $1
Nikita1233: folds 
Uncalled bet ($1) returned to rudinho15
rudinho15 collected $1.90 from pot
rudinho15: doesn't show hand 
*** SUMMARY ***
Total pot $2 | Rake $0.10 
Board [Kd Jc Th Td]
Seat 1: Alameda22 folded before Flop (didn't bet)
Seat 2: Teijeiro folded before Flop (didn't bet)
Seat 3: Joesen One folded before Flop (didn't bet)
Seat 4: SARA PEZ (button) folded before Flop (didn't bet)
Seat 5: Nikita1233 (small blind) folded on the Turn
Seat 6: rudinho15 (big blind) collected ($1.90)
Seat 7: DonLockwood folded before Flop (didn't bet)
Seat 8: Piedr0 folded before Flop (didn't bet)
Seat 9: playmoneyyy folded before Flop (didn't bet)



PokerStars Game #20148973565:  Hold'em No Limit ($0.25/$0.50) - 2008/09/04 18:17:30 ET
Table 'Yabuuti III' 9-max Seat #5 is the button
Seat 1: Alameda22 ($49.65 in chips) 
Seat 2: Teijeiro ($83 in chips) 
Seat 3: Joesen One ($50.05 in chips) 
Seat 4: SARA PEZ ($49.25 in chips) 
Seat 5: Nikita1233 ($12.50 in chips) 
Seat 6: rudinho15 ($54.85 in chips) 
Seat 7: DonLockwood ($38.35 in chips) 
Seat 8: Piedr0 ($39.95 in chips) 
Seat 9: playmoneyyy ($52.25 in chips) 
rudinho15: posts small blind $0.25
DonLockwood: posts big blind $0.50
*** HOLE CARDS ***
Dealt to Alameda22 [Jc 5h]
Piedr0: folds 
playmoneyyy: folds 
Alameda22: folds 
Teijeiro: folds 
Joesen One: folds 
SARA PEZ: raises $0.75 to $1.25
Nikita1233: folds 
Nikita1233 leaves the table
rudinho15: folds 
DonLockwood: folds 
Uncalled bet ($0.75) returned to SARA PEZ
SARA PEZ collected $1.25 from pot
SARA PEZ: doesn't show hand 
*** SUMMARY ***
Total pot $1.25 | Rake $0 
Seat 1: Alameda22 folded before Flop (didn't bet)
Seat 2: Teijeiro folded before Flop (didn't bet)
Seat 3: Joesen One folded before Flop (didn't bet)
Seat 4: SARA PEZ collected ($1.25)
Seat 5: Nikita1233 (button) folded before Flop (didn't bet)
Seat 6: rudinho15 (small blind) folded before Flop
Seat 7: DonLockwood (big blind) folded before Flop
Seat 8: Piedr0 folded before Flop (didn't bet)
Seat 9: playmoneyyy folded before Flop (didn't bet)



PokerStars Game #20148986210:  Hold'em No Limit ($0.25/$0.50) - 2008/09/04 18:18:03 ET
Table 'Yabuuti III' 9-max Seat #6 is the button
Seat 1: Alameda22 ($49.65 in chips) 
Seat 2: Teijeiro ($83 in chips) 
Seat 3: Joesen One ($50.05 in chips) 
Seat 4: SARA PEZ ($50 in chips) 
Seat 6: rudinho15 ($54.60 in chips) 
Seat 7: DonLockwood ($37.85 in chips) 
Seat 8: Piedr0 ($39.95 in chips) 
Seat 9: playmoneyyy ($52.25 in chips) 
DonLockwood: posts small blind $0.25
Piedr0: posts big blind $0.50
*** HOLE CARDS ***
Dealt to Alameda22 [9h 4c]
playmoneyyy: folds 
Alameda22: folds 
Teijeiro: folds 
Joesen One: folds 
SARA PEZ: folds 
rudinho15: folds 
DonLockwood: calls $0.25
Fearsome 9 joins the table at seat #5 
Piedr0: checks 
*** FLOP *** [7h 9d 4d]
Fearsome 9 is sitting out
DonLockwood: checks 
Piedr0: checks 
*** TURN *** [7h 9d 4d] [6c]
DonLockwood: bets $0.50
Piedr0: calls $0.50
*** RIVER *** [7h 9d 4d 6c] [Js]
DonLockwood: checks 
Piedr0: checks 
*** SHOW DOWN ***
DonLockwood: shows [6s Kh] (a pair of Sixes)
Piedr0: shows [8s Jh] (a pair of Jacks)
Piedr0 collected $1.95 from pot
*** SUMMARY ***
Total pot $2 | Rake $0.05 
Board [7h 9d 4d 6c Js]
Seat 1: Alameda22 folded before Flop (didn't bet)
Seat 2: Teijeiro folded before Flop (didn't bet)
Seat 3: Joesen One folded before Flop (didn't bet)
Seat 4: SARA PEZ folded before Flop (didn't bet)
Seat 6: rudinho15 (button) folded before Flop (didn't bet)
Seat 7: DonLockwood (small blind) showed [6s Kh] and lost with a pair of Sixes
Seat 8: Piedr0 (big blind) showed [8s Jh] and won ($1.95) with a pair of Jacks
Seat 9: playmoneyyy folded before Flop (didn't bet)



PokerStars Game #20149007040:  Hold'em No Limit ($0.25/$0.50) - 2008/09/04 18:18:57 ET
Table 'Yabuuti III' 9-max Seat #7 is the button
Seat 1: Alameda22 ($49.65 in chips) 
Seat 2: Teijeiro ($83 in chips) 
Seat 3: Joesen One ($50.05 in chips) 
Seat 4: SARA PEZ ($50 in chips) 
Seat 6: rudinho15 ($54.60 in chips) 
Seat 7: DonLockwood ($36.85 in chips) 
Seat 8: Piedr0 ($40.90 in chips) 
Seat 9: playmoneyyy ($52.25 in chips) 
Piedr0: posts small blind $0.25
playmoneyyy: posts big blind $0.50
*** HOLE CARDS ***
Dealt to Alameda22 [Ac Ks]
Alameda22: raises $1.50 to $2
Teijeiro: folds 
Joesen One: folds 
SARA PEZ: folds 
rudinho15: folds 
DonLockwood: folds 
Fearsome 9 has returned
Piedr0: folds 
playmoneyyy: folds 
Uncalled bet ($1.50) returned to Alameda22
Alameda22 collected $1.25 from pot
Alameda22: doesn't show hand 
*** SUMMARY ***
Total pot $1.25 | Rake $0 
Seat 1: Alameda22 collected ($1.25)
Seat 2: Teijeiro folded before Flop (didn't bet)
Seat 3: Joesen One folded before Flop (didn't bet)
Seat 4: SARA PEZ folded before Flop (didn't bet)
Seat 6: rudinho15 folded before Flop (didn't bet)
Seat 7: DonLockwood (button) folded before Flop (didn't bet)
Seat 8: Piedr0 (small blind) folded before Flop
Seat 9: playmoneyyy (big blind) folded before Flop



PokerStars Game #20149022495:  Hold'em No Limit ($0.25/$0.50) - 2008/09/04 18:19:38 ET
Table 'Yabuuti III' 9-max Seat #8 is the button
Seat 1: Alameda22 ($50.40 in chips) 
Seat 2: Teijeiro ($83 in chips) 
Seat 3: Joesen One ($50.05 in chips) 
Seat 4: SARA PEZ ($50 in chips) 
Seat 5: Fearsome 9 ($50 in chips) 
Seat 6: rudinho15 ($54.60 in chips) 
Seat 7: DonLockwood ($36.85 in chips) 
Seat 8: Piedr0 ($40.65 in chips) 
Seat 9: playmoneyyy ($51.75 in chips) 
playmoneyyy: posts small blind $0.25
Alameda22: posts big blind $0.50
Fearsome 9: posts big blind $0.50
*** HOLE CARDS ***
Dealt to Alameda22 [Ks As]
Teijeiro: folds 
Joesen One: folds 
SARA PEZ: folds 
Fearsome 9: checks 
rudinho15: folds 
DonLockwood: folds 
Piedr0: folds 
playmoneyyy: folds 
Alameda22: raises $2 to $2.50
Fearsome 9: folds 
Uncalled bet ($2) returned to Alameda22
Alameda22 collected $1.25 from pot
Alameda22: doesn't show hand 
*** SUMMARY ***
Total pot $1.25 | Rake $0 
Seat 1: Alameda22 (big blind) collected ($1.25)
Seat 2: Teijeiro folded before Flop (didn't bet)
Seat 3: Joesen One folded before Flop (didn't bet)
Seat 4: SARA PEZ folded before Flop (didn't bet)
Seat 5: Fearsome 9 folded before Flop
Seat 6: rudinho15 folded before Flop (didn't bet)
Seat 7: DonLockwood folded before Flop (didn't bet)
Seat 8: Piedr0 (button) folded before Flop (didn't bet)
Seat 9: playmoneyyy (small blind) folded before Flop



PokerStars Game #20149047815:  Hold'em No Limit ($0.25/$0.50) - 2008/09/04 18:20:44 ET
Table 'Yabuuti III' 9-max Seat #9 is the button
Seat 1: Alameda22 ($51.15 in chips) 
Seat 3: Joesen One ($50.05 in chips) 
Seat 4: SARA PEZ ($50 in chips) 
Seat 5: Fearsome 9 ($49.50 in chips) 
Seat 6: rudinho15 ($54.60 in chips) 
Seat 7: DonLockwood ($36.85 in chips) 
Seat 8: Piedr0 ($40.65 in chips) 
Seat 9: playmoneyyy ($51.50 in chips) 
Alameda22: posts small blind $0.25
Teijeiro: is sitting out 
Joesen One: posts big blind $0.50
*** HOLE CARDS ***
Dealt to Alameda22 [4c 8c]
Teijeiro leaves the table
SARA PEZ: folds 
Fearsome 9: calls $0.50
Faraon777 joins the table at seat #2 
rudinho15: folds 
DonLockwood: folds 
Piedr0: calls $0.50
playmoneyyy: folds 
Alameda22: folds 
Joesen One: checks 
*** FLOP *** [3d Ks Ah]
Joesen One: checks 
Fearsome 9: checks 
Piedr0: bets $1.50
Joesen One: folds 
Fearsome 9: folds 
Uncalled bet ($1.50) returned to Piedr0
Piedr0 collected $1.70 from pot
Piedr0: doesn't show hand 
*** SUMMARY ***
Total pot $1.75 | Rake $0.05 
Board [3d Ks Ah]
Seat 1: Alameda22 (small blind) folded before Flop
Seat 3: Joesen One (big blind) folded on the Flop
Seat 4: SARA PEZ folded before Flop (didn't bet)
Seat 5: Fearsome 9 folded on the Flop
Seat 6: rudinho15 folded before Flop (didn't bet)
Seat 7: DonLockwood folded before Flop (didn't bet)
Seat 8: Piedr0 collected ($1.70)
Seat 9: playmoneyyy (button) folded before Flop (didn't bet)



PokerStars Game #20149075448:  Hold'em No Limit ($0.25/$0.50) - 2008/09/04 18:21:56 ET
Table 'Yabuuti III' 9-max Seat #1 is the button
Seat 1: Alameda22 ($50.90 in chips) 
Seat 3: Joesen One ($49.55 in chips) 
Seat 4: SARA PEZ ($50 in chips) 
Seat 5: Fearsome 9 ($49 in chips) 
Seat 6: rudinho15 ($54.60 in chips) 
Seat 7: DonLockwood ($36.85 in chips) 
Seat 8: Piedr0 ($41.85 in chips) 
Seat 9: playmoneyyy ($51.50 in chips) 
Faraon777 will be allowed to play after the button
Joesen One: posts small blind $0.25
SARA PEZ: posts big blind $0.50
*** HOLE CARDS ***
Dealt to Alameda22 [9c 5s]
Fearsome 9: folds 
rudinho15: folds 
DonLockwood: folds 
Fearsome 9 leaves the table
Piedr0: folds 
playmoneyyy: folds 
Alameda22: folds 
Joesen One: folds 
Uncalled bet ($0.25) returned to SARA PEZ
SARA PEZ collected $0.50 from pot
SARA PEZ: doesn't show hand 
*** SUMMARY ***
Total pot $0.50 | Rake $0 
Seat 1: Alameda22 (button) folded before Flop (didn't bet)
Seat 3: Joesen One (small blind) folded before Flop
Seat 4: SARA PEZ (big blind) collected ($0.50)
Seat 5: Fearsome 9 folded before Flop (didn't bet)
Seat 6: rudinho15 folded before Flop (didn't bet)
Seat 7: DonLockwood folded before Flop (didn't bet)
Seat 8: Piedr0 folded before Flop (didn't bet)
Seat 9: playmoneyyy folded before Flop (didn't bet)



PokerStars Game #20149084918:  Hold'em No Limit ($0.25/$0.50) - 2008/09/04 18:22:21 ET
Table 'Yabuuti III' 9-max Seat #3 is the button
Seat 1: Alameda22 ($50.90 in chips) 
Seat 3: Joesen One ($49.30 in chips) 
Seat 4: SARA PEZ ($50.25 in chips) 
Seat 6: rudinho15 ($54.60 in chips) 
Seat 7: DonLockwood ($36.85 in chips) 
Seat 8: Piedr0 ($41.85 in chips) 
Seat 9: playmoneyyy ($51.50 in chips) 
SARA PEZ: posts small blind $0.25
rudinho15: posts big blind $0.50
Faraon777: sits out 
*** HOLE CARDS ***
Dealt to Alameda22 [7s Ks]
DonLockwood: folds 
Piedr0: folds 
playmoneyyy: folds 
Alameda22: folds 
Mokuscuna joins the table at seat #5 
Joesen One: calls $0.50
SARA PEZ: folds 
rudinho15: checks 
*** FLOP *** [9h 2d 7c]
rudinho15: checks 
Joesen One: checks 
*** TURN *** [9h 2d 7c] [2c]
rudinho15: bets $0.50
Joesen One: folds 
Uncalled bet ($0.50) returned to rudinho15
rudinho15 collected $1.20 from pot
rudinho15: doesn't show hand 
*** SUMMARY ***
Total pot $1.25 | Rake $0.05 
Board [9h 2d 7c 2c]
Seat 1: Alameda22 folded before Flop (didn't bet)
Seat 3: Joesen One (button) folded on the Turn
Seat 4: SARA PEZ (small blind) folded before Flop
Seat 6: rudinho15 (big blind) collected ($1.20)
Seat 7: DonLockwood folded before Flop (didn't bet)
Seat 8: Piedr0 folded before Flop (didn't bet)
Seat 9: playmoneyyy folded before Flop (didn't bet)



PokerStars Game #20149115963:  Hold'em No Limit ($0.25/$0.50) - 2008/09/04 18:23:43 ET
Table 'Yabuuti III' 9-max Seat #4 is the button
Seat 1: Alameda22 ($50.90 in chips) 
Seat 3: Joesen One ($48.80 in chips) 
Seat 4: SARA PEZ ($50 in chips) 
Seat 6: rudinho15 ($55.30 in chips) 
Seat 7: DonLockwood ($36.85 in chips) 
Seat 8: Piedr0 ($41.85 in chips) 
Seat 9: playmoneyyy ($51.50 in chips) 
Mokuscuna will be allowed to play after the button
rudinho15: posts small blind $0.25
DonLockwood: posts big blind $0.50
Faraon777: sits out 
*** HOLE CARDS ***
Dealt to Alameda22 [Jh 4d]
Piedr0: folds 
playmoneyyy: folds 
Alameda22: folds 
Joesen One: folds 
SARA PEZ: raises $0.75 to $1.25
rudinho15: folds 
DonLockwood: calls $0.75
*** FLOP *** [4h Kh 2s]
DonLockwood: checks 
SARA PEZ: bets $1.50
DonLockwood: folds 
Uncalled bet ($1.50) returned to SARA PEZ
SARA PEZ collected $2.65 from pot
SARA PEZ: doesn't show hand 
*** SUMMARY ***
Total pot $2.75 | Rake $0.10 
Board [4h Kh 2s]
Seat 1: Alameda22 folded before Flop (didn't bet)
Seat 3: Joesen One folded before Flop (didn't bet)
Seat 4: SARA PEZ (button) collected ($2.65)
Seat 6: rudinho15 (small blind) folded before Flop
Seat 7: DonLockwood (big blind) folded on the Flop
Seat 8: Piedr0 folded before Flop (didn't bet)
Seat 9: playmoneyyy folded before Flop (didn't bet)



PokerStars Game #20149141088:  Hold'em No Limit ($0.25/$0.50) - 2008/09/04 18:24:49 ET
Table 'Yabuuti III' 9-max Seat #6 is the button
Seat 1: Alameda22 ($50.90 in chips) 
Seat 3: Joesen One ($48.80 in chips) 
Seat 4: SARA PEZ ($51.40 in chips) 
Seat 5: Mokuscuna ($50 in chips) 
Seat 6: rudinho15 ($55.05 in chips) 
Seat 7: DonLockwood ($35.60 in chips) 
Seat 8: Piedr0 ($41.85 in chips) 
Seat 9: playmoneyyy ($51.50 in chips) 
DonLockwood: posts small blind $0.25
Piedr0: posts big blind $0.50
Faraon777: sits out 
Mokuscuna: posts big blind $0.50
*** HOLE CARDS ***
Dealt to Alameda22 [7d Qd]
playmoneyyy: folds 
Alameda22: folds 
Joesen One: folds 
SARA PEZ: folds 
Mokuscuna: raises $1.50 to $2
rudinho15: folds 
DonLockwood: folds 
Piedr0: calls $1.50
*** FLOP *** [Ks Ac Td]
Piedr0: checks 
Mokuscuna: bets $3
Piedr0: calls $3
*** TURN *** [Ks Ac Td] [2s]
Piedr0: checks 
Mokuscuna: bets $8
Piedr0: calls $8
*** RIVER *** [Ks Ac Td 2s] [6s]
Piedr0: checks 
Mokuscuna: bets $29
Piedr0: calls $28.85 and is all-in
Uncalled bet ($0.15) returned to Mokuscuna
*** SHOW DOWN ***
Mokuscuna: shows [Kc As] (two pair, Aces and Kings)
Piedr0: mucks hand 
Mokuscuna collected $80.95 from pot
*** SUMMARY ***
Total pot $83.95 | Rake $3 
Board [Ks Ac Td 2s 6s]
Seat 1: Alameda22 folded before Flop (didn't bet)
Seat 3: Joesen One folded before Flop (didn't bet)
Seat 4: SARA PEZ folded before Flop (didn't bet)
Seat 5: Mokuscuna showed [Kc As] and won ($80.95) with two pair, Aces and Kings
Seat 6: rudinho15 (button) folded before Flop (didn't bet)
Seat 7: DonLockwood (small blind) folded before Flop
Seat 8: Piedr0 (big blind) mucked [Ad 4s]
Seat 9: playmoneyyy folded before Flop (didn't bet)



PokerStars Game #20149182021:  Hold'em No Limit ($0.25/$0.50) - 2008/09/04 18:26:37 ET
Table 'Yabuuti III' 9-max Seat #7 is the button
Seat 1: Alameda22 ($50.90 in chips) 
Seat 3: Joesen One ($48.80 in chips) 
Seat 4: SARA PEZ ($51.40 in chips) 
Seat 5: Mokuscuna ($89.10 in chips) 
Seat 6: rudinho15 ($55.05 in chips) 
Seat 7: DonLockwood ($35.35 in chips) 
Seat 9: playmoneyyy ($51.50 in chips) 
playmoneyyy: posts small blind $0.25
Alameda22: posts big blind $0.50
Faraon777: sits out 
*** HOLE CARDS ***
Dealt to Alameda22 [5h Jh]
Joesen One: folds 
Piedr0 leaves the table
SARA PEZ: folds 
Mokuscuna: folds 
rudinho15: folds 
DonLockwood: raises $1.50 to $2
playmoneyyy: folds 
Alameda22: folds 
Uncalled bet ($1.50) returned to DonLockwood
DonLockwood collected $1.25 from pot
*** SUMMARY ***
Total pot $1.25 | Rake $0 
Seat 1: Alameda22 (big blind) folded before Flop
Seat 3: Joesen One folded before Flop (didn't bet)
Seat 4: SARA PEZ folded before Flop (didn't bet)
Seat 5: Mokuscuna folded before Flop (didn't bet)
Seat 6: rudinho15 folded before Flop (didn't bet)
Seat 7: DonLockwood (button) collected ($1.25)
Seat 9: playmoneyyy (small blind) folded before Flop



PokerStars Game #20149200720:  Hold'em No Limit ($0.25/$0.50) - 2008/09/04 18:27:27 ET
Table 'Yabuuti III' 9-max Seat #9 is the button
Seat 1: Alameda22 ($50.40 in chips) 
Seat 2: Faraon777 ($50 in chips) 
Seat 3: Joesen One ($48.80 in chips) 
Seat 4: SARA PEZ ($51.40 in chips) 
Seat 5: Mokuscuna ($89.10 in chips) 
Seat 6: rudinho15 ($55.05 in chips) 
Seat 7: DonLockwood ($36.10 in chips) 
Seat 9: playmoneyyy ($51.25 in chips) 
Alameda22: posts small blind $0.25
Faraon777: posts big blind $0.50
*** HOLE CARDS ***
Dealt to Alameda22 [Jd 8d]
Joesen One: folds 
SARA PEZ: folds 
Mokuscuna: raises $1.50 to $2
rudinho15: folds 
DonLockwood: folds 
playmoneyyy: folds 
Alameda22: folds 
Faraon777: folds 
Uncalled bet ($1.50) returned to Mokuscuna
Mokuscuna collected $1.25 from pot
Mokuscuna: doesn't show hand 
*** SUMMARY ***
Total pot $1.25 | Rake $0 
Seat 1: Alameda22 (small blind) folded before Flop
Seat 2: Faraon777 (big blind) folded before Flop
Seat 3: Joesen One folded before Flop (didn't bet)
Seat 4: SARA PEZ folded before Flop (didn't bet)
Seat 5: Mokuscuna collected ($1.25)
Seat 6: rudinho15 folded before Flop (didn't bet)
Seat 7: DonLockwood folded before Flop (didn't bet)
Seat 9: playmoneyyy (button) folded before Flop (didn't bet)



PokerStars Game #20149222414:  Hold'em No Limit ($0.25/$0.50) - 2008/09/04 18:28:24 ET
Table 'Yabuuti III' 9-max Seat #1 is the button
Seat 1: Alameda22 ($50.15 in chips) 
Seat 2: Faraon777 ($50 in chips) 
Seat 3: Joesen One ($48.80 in chips) 
Seat 4: SARA PEZ ($51.40 in chips) 
Seat 5: Mokuscuna ($89.85 in chips) 
Seat 6: rudinho15 ($55.05 in chips) 
Seat 7: DonLockwood ($36.10 in chips) 
Seat 9: playmoneyyy ($51.25 in chips) 
Faraon777: posts small blind $0.25
Joesen One: posts big blind $0.50
*** HOLE CARDS ***
Dealt to Alameda22 [Th As]
SARA PEZ: folds 
Mokuscuna: folds 
rudinho15: raises $1 to $1.50
DonLockwood: folds 
playmoneyyy: folds 
Alameda22: folds 
aristocrat72 joins the table at seat #8 
Faraon777: folds 
Joesen One: folds 
Uncalled bet ($1) returned to rudinho15
rudinho15 collected $1.25 from pot
rudinho15: doesn't show hand 
*** SUMMARY ***
Total pot $1.25 | Rake $0 
Seat 1: Alameda22 (button) folded before Flop (didn't bet)
Seat 2: Faraon777 (small blind) folded before Flop
Seat 3: Joesen One (big blind) folded before Flop
Seat 4: SARA PEZ folded before Flop (didn't bet)
Seat 5: Mokuscuna folded before Flop (didn't bet)
Seat 6: rudinho15 collected ($1.25)
Seat 7: DonLockwood folded before Flop (didn't bet)
Seat 9: playmoneyyy folded before Flop (didn't bet)



PokerStars Game #20149244454:  Hold'em No Limit ($0.25/$0.50) - 2008/09/04 18:29:23 ET
Table 'Yabuuti III' 9-max Seat #2 is the button
Seat 1: Alameda22 ($50.15 in chips) 
Seat 2: Faraon777 ($50 in chips) 
Seat 3: Joesen One ($48.30 in chips) 
Seat 4: SARA PEZ ($51.40 in chips) 
Seat 5: Mokuscuna ($89.85 in chips) 
Seat 6: rudinho15 ($55.80 in chips) 
Seat 7: DonLockwood ($36.10 in chips) 
Seat 8: aristocrat72 ($25 in chips) 
Seat 9: playmoneyyy ($51.25 in chips) 
Joesen One: posts small blind $0.25
SARA PEZ: posts big blind $0.50
aristocrat72: posts big blind $0.50
*** HOLE CARDS ***
Dealt to Alameda22 [4d 8h]
Mokuscuna: folds 
rudinho15: folds 
DonLockwood: raises $1.50 to $2
aristocrat72: folds 
playmoneyyy: folds 
Alameda22: folds 
Faraon777: folds 
Joesen One: folds 
SARA PEZ: folds 
Uncalled bet ($1.50) returned to DonLockwood
DonLockwood collected $1.75 from pot
DonLockwood: doesn't show hand 
*** SUMMARY ***
Total pot $1.75 | Rake $0 
Seat 1: Alameda22 folded before Flop (didn't bet)
Seat 2: Faraon777 (button) folded before Flop (didn't bet)
Seat 3: Joesen One (small blind) folded before Flop
Seat 4: SARA PEZ (big blind) folded before Flop
Seat 5: Mokuscuna folded before Flop (didn't bet)
Seat 6: rudinho15 folded before Flop (didn't bet)
Seat 7: DonLockwood collected ($1.75)
Seat 8: aristocrat72 folded before Flop
Seat 9: playmoneyyy folded before Flop (didn't bet)



PokerStars Game #20149263870:  Hold'em No Limit ($0.25/$0.50) - 2008/09/04 18:30:14 ET
Table 'Yabuuti III' 9-max Seat #3 is the button
Seat 1: Alameda22 ($50.15 in chips) 
Seat 2: Faraon777 ($50 in chips) 
Seat 3: Joesen One ($48.05 in chips) 
Seat 4: SARA PEZ ($50.90 in chips) 
Seat 5: Mokuscuna ($89.85 in chips) 
Seat 6: rudinho15 ($55.80 in chips) 
Seat 7: DonLockwood ($37.35 in chips) 
Seat 8: aristocrat72 ($24.50 in chips) 
Seat 9: playmoneyyy ($51.25 in chips) 
SARA PEZ: posts small blind $0.25
Mokuscuna: posts big blind $0.50
*** HOLE CARDS ***
Dealt to Alameda22 [Js 3s]
rudinho15: folds 
DonLockwood: folds 
aristocrat72: folds 
playmoneyyy: folds 
Alameda22: folds 
Faraon777: folds 
Joesen One: raises $1.50 to $2
SARA PEZ: folds 
Mokuscuna: folds 
Uncalled bet ($1.50) returned to Joesen One
Joesen One collected $1.25 from pot
Joesen One: doesn't show hand 
*** SUMMARY ***
Total pot $1.25 | Rake $0 
Seat 1: Alameda22 folded before Flop (didn't bet)
Seat 2: Faraon777 folded before Flop (didn't bet)
Seat 3: Joesen One (button) collected ($1.25)
Seat 4: SARA PEZ (small blind) folded before Flop
Seat 5: Mokuscuna (big blind) folded before Flop
Seat 6: rudinho15 folded before Flop (didn't bet)
Seat 7: DonLockwood folded before Flop (didn't bet)
Seat 8: aristocrat72 folded before Flop (didn't bet)
Seat 9: playmoneyyy folded before Flop (didn't bet)



PokerStars Game #20149282407:  Hold'em No Limit ($0.25/$0.50) - 2008/09/04 18:31:04 ET
Table 'Yabuuti III' 9-max Seat #4 is the button
Seat 1: Alameda22 ($50.15 in chips) 
Seat 2: Faraon777 ($50 in chips) 
Seat 3: Joesen One ($48.80 in chips) 
Seat 4: SARA PEZ ($50.65 in chips) 
Seat 5: Mokuscuna ($89.35 in chips) 
Seat 6: rudinho15 ($55.80 in chips) 
Seat 7: DonLockwood ($37.35 in chips) 
Seat 8: aristocrat72 ($24.50 in chips) 
Seat 9: playmoneyyy ($51.25 in chips) 
Mokuscuna: posts small blind $0.25
rudinho15: posts big blind $0.50
*** HOLE CARDS ***
Dealt to Alameda22 [5d 4s]
DonLockwood: calls $0.50
aristocrat72: folds 
playmoneyyy: folds 
Alameda22: folds 
Faraon777: folds 
Joesen One: folds 
SARA PEZ: folds 
Mokuscuna: calls $0.25
rudinho15: checks 
*** FLOP *** [8c Qc 3h]
Mokuscuna: checks 
rudinho15: bets $1
DonLockwood: raises $1.75 to $2.75
Mokuscuna: folds 
rudinho15: folds 
Uncalled bet ($1.75) returned to DonLockwood
DonLockwood collected $3.35 from pot
DonLockwood: doesn't show hand 
*** SUMMARY ***
Total pot $3.50 | Rake $0.15 
Board [8c Qc 3h]
Seat 1: Alameda22 folded before Flop (didn't bet)
Seat 2: Faraon777 folded before Flop (didn't bet)
Seat 3: Joesen One folded before Flop (didn't bet)
Seat 4: SARA PEZ (button) folded before Flop (didn't bet)
Seat 5: Mokuscuna (small blind) folded on the Flop
Seat 6: rudinho15 (big blind) folded on the Flop
Seat 7: DonLockwood collected ($3.35)
Seat 8: aristocrat72 folded before Flop (didn't bet)
Seat 9: playmoneyyy folded before Flop (didn't bet)



PokerStars Game #20149317478:  Hold'em No Limit ($0.25/$0.50) - 2008/09/04 18:32:38 ET
Table 'Yabuuti III' 9-max Seat #5 is the button
Seat 1: Alameda22 ($50.15 in chips) 
Seat 2: Faraon777 ($50 in chips) 
Seat 3: Joesen One ($48.80 in chips) 
Seat 4: SARA PEZ ($50.65 in chips) 
Seat 5: Mokuscuna ($88.85 in chips) 
Seat 6: rudinho15 ($54.30 in chips) 
Seat 8: aristocrat72 ($24.50 in chips) 
Seat 9: playmoneyyy ($51.25 in chips) 
rudinho15: posts small blind $0.25
DonLockwood: is sitting out 
DonLockwood leaves the table
aristocrat72: posts big blind $0.50
*** HOLE CARDS ***
Dealt to Alameda22 [Tc 8d]
playmoneyyy: raises $1 to $1.50
Alameda22: folds 
Faraon777: folds 
Joesen One: folds 
Mairman joins the table at seat #7 
SARA PEZ: folds 
Mokuscuna: calls $1.50
rudinho15: folds 
aristocrat72: folds 
*** FLOP *** [4s Ad Td]
playmoneyyy: checks 
Mokuscuna: bets $2
playmoneyyy: folds 
Uncalled bet ($2) returned to Mokuscuna
Mokuscuna collected $3.60 from pot
Mokuscuna: doesn't show hand 
*** SUMMARY ***
Total pot $3.75 | Rake $0.15 
Board [4s Ad Td]
Seat 1: Alameda22 folded before Flop (didn't bet)
Seat 2: Faraon777 folded before Flop (didn't bet)
Seat 3: Joesen One folded before Flop (didn't bet)
Seat 4: SARA PEZ folded before Flop (didn't bet)
Seat 5: Mokuscuna (button) collected ($3.60)
Seat 6: rudinho15 (small blind) folded before Flop
Seat 8: aristocrat72 (big blind) folded before Flop
Seat 9: playmoneyyy folded on the Flop



PokerStars Game #20149342725:  Hold'em No Limit ($0.25/$0.50) - 2008/09/04 18:33:46 ET
Table 'Yabuuti III' 9-max Seat #6 is the button
Seat 1: Alameda22 ($50.15 in chips) 
Seat 2: Faraon777 ($50 in chips) 
Seat 3: Joesen One ($48.80 in chips) 
Seat 4: SARA PEZ ($50.65 in chips) 
Seat 5: Mokuscuna ($90.95 in chips) 
Seat 6: rudinho15 ($54.05 in chips) 
Seat 8: aristocrat72 ($24 in chips) 
Seat 9: playmoneyyy ($49.75 in chips) 
Mairman will be allowed to play after the button
aristocrat72: posts small blind $0.25
playmoneyyy: posts big blind $0.50
*** HOLE CARDS ***
Dealt to Alameda22 [8c Qs]
Alameda22: folds 
Faraon777: folds 
Joesen One: folds 
SARA PEZ: raises $0.75 to $1.25
Mokuscuna: folds 
rudinho15: calls $1.25
aristocrat72: folds 
playmoneyyy: folds 
*** FLOP *** [Qc Jd Ts]
SARA PEZ: bets $1.50
rudinho15: calls $1.50
*** TURN *** [Qc Jd Ts] [6d]
SARA PEZ: checks 
rudinho15: checks 
*** RIVER *** [Qc Jd Ts 6d] [2h]
SARA PEZ: bets $5
rudinho15: calls $5
*** SHOW DOWN ***
SARA PEZ: shows [Kc Ah] (a straight, Ten to Ace)
rudinho15: mucks hand 
SARA PEZ collected $15.50 from pot
*** SUMMARY ***
Total pot $16.25 | Rake $0.75 
Board [Qc Jd Ts 6d 2h]
Seat 1: Alameda22 folded before Flop (didn't bet)
Seat 2: Faraon777 folded before Flop (didn't bet)
Seat 3: Joesen One folded before Flop (didn't bet)
Seat 4: SARA PEZ showed [Kc Ah] and won ($15.50) with a straight, Ten to Ace
Seat 5: Mokuscuna folded before Flop (didn't bet)
Seat 6: rudinho15 (button) mucked [Jc Kd]
Seat 8: aristocrat72 (small blind) folded before Flop
Seat 9: playmoneyyy (big blind) folded before Flop



PokerStars Game #20149399063:  Hold'em No Limit ($0.25/$0.50) - 2008/09/04 18:36:18 ET
Table 'Yabuuti III' 9-max Seat #8 is the button
Seat 1: Alameda22 ($50.15 in chips) 
Seat 2: Faraon777 ($50 in chips) 
Seat 3: Joesen One ($48.80 in chips) 
Seat 4: SARA PEZ ($58.40 in chips) 
Seat 5: Mokuscuna ($90.95 in chips) 
Seat 6: rudinho15 ($46.30 in chips) 
Seat 7: Mairman ($50 in chips) 
Seat 8: aristocrat72 ($23.75 in chips) 
Seat 9: playmoneyyy ($49.25 in chips) 
playmoneyyy: posts small blind $0.25
Alameda22: posts big blind $0.50
Mairman: posts big blind $0.50
*** HOLE CARDS ***
Dealt to Alameda22 [3c Kh]
Faraon777: raises $1.50 to $2
Joesen One: folds 
SARA PEZ: folds 
Mokuscuna: folds 
rudinho15: folds 
Mairman: folds 
aristocrat72: folds 
playmoneyyy: folds 
Alameda22: folds 
Uncalled bet ($1.50) returned to Faraon777
Faraon777 collected $1.75 from pot
Faraon777: doesn't show hand 
*** SUMMARY ***
Total pot $1.75 | Rake $0 
Seat 1: Alameda22 (big blind) folded before Flop
Seat 2: Faraon777 collected ($1.75)
Seat 3: Joesen One folded before Flop (didn't bet)
Seat 4: SARA PEZ folded before Flop (didn't bet)
Seat 5: Mokuscuna folded before Flop (didn't bet)
Seat 6: rudinho15 folded before Flop (didn't bet)
Seat 7: Mairman folded before Flop
Seat 8: aristocrat72 (button) folded before Flop (didn't bet)
Seat 9: playmoneyyy (small blind) folded before Flop



PokerStars Game #20149415163:  Hold'em No Limit ($0.25/$0.50) - 2008/09/04 18:37:01 ET
Table 'Yabuuti III' 9-max Seat #9 is the button
Seat 1: Alameda22 ($49.65 in chips) 
Seat 2: Faraon777 ($51.25 in chips) 
Seat 3: Joesen One ($48.80 in chips) 
Seat 4: SARA PEZ ($58.40 in chips) 
Seat 5: Mokuscuna ($90.95 in chips) 
Seat 6: rudinho15 ($46.30 in chips) 
Seat 7: Mairman ($49.50 in chips) 
Seat 8: aristocrat72 ($23.75 in chips) 
Seat 9: playmoneyyy ($49 in chips) 
Alameda22: posts small blind $0.25
Faraon777: posts big blind $0.50
*** HOLE CARDS ***
Dealt to Alameda22 [Jd 9c]
Joesen One: folds 
SARA PEZ: folds 
Mokuscuna: folds 
rudinho15: folds 
Mairman: folds 
aristocrat72: raises $1 to $1.50
playmoneyyy: folds 
Alameda22: folds 
Faraon777: folds 
Uncalled bet ($1) returned to aristocrat72
aristocrat72 collected $1.25 from pot
*** SUMMARY ***
Total pot $1.25 | Rake $0 
Seat 1: Alameda22 (small blind) folded before Flop
Seat 2: Faraon777 (big blind) folded before Flop
Seat 3: Joesen One folded before Flop (didn't bet)
Seat 4: SARA PEZ folded before Flop (didn't bet)
Seat 5: Mokuscuna folded before Flop (didn't bet)
Seat 6: rudinho15 folded before Flop (didn't bet)
Seat 7: Mairman folded before Flop (didn't bet)
Seat 8: aristocrat72 collected ($1.25)
Seat 9: playmoneyyy (button) folded before Flop (didn't bet)



PokerStars Game #20149430997:  Hold'em No Limit ($0.25/$0.50) - 2008/09/04 18:37:44 ET
Table 'Yabuuti III' 9-max Seat #1 is the button
Seat 1: Alameda22 ($49.40 in chips) 
Seat 2: Faraon777 ($50.75 in chips) 
Seat 3: Joesen One ($48.80 in chips) 
Seat 4: SARA PEZ ($58.40 in chips) 
Seat 5: Mokuscuna ($90.95 in chips) 
Seat 6: rudinho15 ($46.30 in chips) 
Seat 7: Mairman ($49.50 in chips) 
Seat 8: aristocrat72 ($24.50 in chips) 
Seat 9: playmoneyyy ($49 in chips) 
Faraon777: posts small blind $0.25
Joesen One: posts big blind $0.50
*** HOLE CARDS ***
Dealt to Alameda22 [Jh Th]
SARA PEZ: folds 
Mokuscuna: folds 
rudinho15: folds 
Mairman: folds 
aristocrat72: calls $0.50
playmoneyyy: folds 
Alameda22: calls $0.50
Faraon777: folds 
Joesen One: checks 
*** FLOP *** [3h Ks Kc]
Joesen One: checks 
aristocrat72: checks 
Alameda22: bets $1
Joesen One: folds 
aristocrat72: folds 
Uncalled bet ($1) returned to Alameda22
Alameda22 collected $1.70 from pot
Alameda22: doesn't show hand 
*** SUMMARY ***
Total pot $1.75 | Rake $0.05 
Board [3h Ks Kc]
Seat 1: Alameda22 (button) collected ($1.70)
Seat 2: Faraon777 (small blind) folded before Flop
Seat 3: Joesen One (big blind) folded on the Flop
Seat 4: SARA PEZ folded before Flop (didn't bet)
Seat 5: Mokuscuna folded before Flop (didn't bet)
Seat 6: rudinho15 folded before Flop (didn't bet)
Seat 7: Mairman folded before Flop (didn't bet)
Seat 8: aristocrat72 folded on the Flop
Seat 9: playmoneyyy folded before Flop (didn't bet)



PokerStars Game #20149460505:  Hold'em No Limit ($0.25/$0.50) - 2008/09/04 18:39:02 ET
Table 'Yabuuti III' 9-max Seat #2 is the button
Seat 1: Alameda22 ($50.60 in chips) 
Seat 2: Faraon777 ($50.50 in chips) 
Seat 3: Joesen One ($48.30 in chips) 
Seat 4: SARA PEZ ($58.40 in chips) 
Seat 5: Mokuscuna ($90.95 in chips) 
Seat 6: rudinho15 ($46.30 in chips) 
Seat 7: Mairman ($49.50 in chips) 
Seat 8: aristocrat72 ($24 in chips) 
Seat 9: playmoneyyy ($49 in chips) 
Joesen One: posts small blind $0.25
SARA PEZ: posts big blind $0.50
*** HOLE CARDS ***
Dealt to Alameda22 [2c 8d]
Mokuscuna: folds 
rudinho15: folds 
Mairman: folds 
aristocrat72: folds 
playmoneyyy: folds 
Alameda22: folds 
Faraon777: folds 
Joesen One: folds 
Uncalled bet ($0.25) returned to SARA PEZ
SARA PEZ collected $0.50 from pot
SARA PEZ: doesn't show hand 
*** SUMMARY ***
Total pot $0.50 | Rake $0 
Seat 1: Alameda22 folded before Flop (didn't bet)
Seat 2: Faraon777 (button) folded before Flop (didn't bet)
Seat 3: Joesen One (small blind) folded before Flop
Seat 4: SARA PEZ (big blind) collected ($0.50)
Seat 5: Mokuscuna folded before Flop (didn't bet)
Seat 6: rudinho15 folded before Flop (didn't bet)
Seat 7: Mairman folded before Flop (didn't bet)
Seat 8: aristocrat72 folded before Flop (didn't bet)
Seat 9: playmoneyyy folded before Flop (didn't bet)



PokerStars Game #20149470888:  Hold'em No Limit ($0.25/$0.50) - 2008/09/04 18:39:30 ET
Table 'Yabuuti III' 9-max Seat #3 is the button
Seat 1: Alameda22 ($50.60 in chips) 
Seat 2: Faraon777 ($50.50 in chips) 
Seat 3: Joesen One ($48.05 in chips) 
Seat 4: SARA PEZ ($58.65 in chips) 
Seat 5: Mokuscuna ($90.95 in chips) 
Seat 6: rudinho15 ($46.30 in chips) 
Seat 7: Mairman ($49.50 in chips) 
Seat 8: aristocrat72 ($24 in chips) 
Seat 9: playmoneyyy ($49 in chips) 
SARA PEZ: posts small blind $0.25
Mokuscuna: posts big blind $0.50
*** HOLE CARDS ***
Dealt to Alameda22 [9h Qs]
rudinho15: folds 
Mairman: folds 
aristocrat72: calls $0.50
playmoneyyy: raises $2 to $2.50
Alameda22: folds 
Faraon777: folds 
Joesen One: folds 
SARA PEZ: folds 
Mokuscuna: folds 
aristocrat72: calls $2
*** FLOP *** [4h Ah 5d]
aristocrat72: checks 
playmoneyyy: bets $4
aristocrat72: folds 
Uncalled bet ($4) returned to playmoneyyy
playmoneyyy collected $5.50 from pot
playmoneyyy: doesn't show hand 
*** SUMMARY ***
Total pot $5.75 | Rake $0.25 
Board [4h Ah 5d]
Seat 1: Alameda22 folded before Flop (didn't bet)
Seat 2: Faraon777 folded before Flop (didn't bet)
Seat 3: Joesen One (button) folded before Flop (didn't bet)
Seat 4: SARA PEZ (small blind) folded before Flop
Seat 5: Mokuscuna (big blind) folded before Flop
Seat 6: rudinho15 folded before Flop (didn't bet)
Seat 7: Mairman folded before Flop (didn't bet)
Seat 8: aristocrat72 folded on the Flop
Seat 9: playmoneyyy collected ($5.50)



PokerStars Game #20149502959:  Hold'em No Limit ($0.25/$0.50) - 2008/09/04 18:40:56 ET
Table 'Yabuuti III' 9-max Seat #4 is the button
Seat 1: Alameda22 ($50.60 in chips) 
Seat 2: Faraon777 ($50.50 in chips) 
Seat 3: Joesen One ($48.05 in chips) 
Seat 4: SARA PEZ ($58.40 in chips) 
Seat 5: Mokuscuna ($90.45 in chips) 
Seat 6: rudinho15 ($46.30 in chips) 
Seat 7: Mairman ($49.50 in chips) 
Seat 8: aristocrat72 ($21.50 in chips) 
Seat 9: playmoneyyy ($52 in chips) 
Mokuscuna: posts small blind $0.25
rudinho15: posts big blind $0.50
*** HOLE CARDS ***
Dealt to Alameda22 [Ad Ac]
Mairman: folds 
aristocrat72: calls $0.50
playmoneyyy: folds 
Alameda22: raises $2 to $2.50
Faraon777: calls $2.50
Joesen One: folds 
SARA PEZ: folds 
Mokuscuna: folds 
rudinho15: folds 
aristocrat72: calls $2
*** FLOP *** [Ts Jc 4h]
aristocrat72: checks 
Alameda22: bets $5.50
Faraon777: folds 
aristocrat72: folds 
Uncalled bet ($5.50) returned to Alameda22
Alameda22 collected $7.85 from pot
Alameda22: doesn't show hand 
*** SUMMARY ***
Total pot $8.25 | Rake $0.40 
Board [Ts Jc 4h]
Seat 1: Alameda22 collected ($7.85)
Seat 2: Faraon777 folded on the Flop
Seat 3: Joesen One folded before Flop (didn't bet)
Seat 4: SARA PEZ (button) folded before Flop (didn't bet)
Seat 5: Mokuscuna (small blind) folded before Flop
Seat 6: rudinho15 (big blind) folded before Flop
Seat 7: Mairman folded before Flop (didn't bet)
Seat 8: aristocrat72 folded on the Flop
Seat 9: playmoneyyy folded before Flop (didn't bet)



PokerStars Game #20149538237:  Hold'em No Limit ($0.25/$0.50) - 2008/09/04 18:42:32 ET
Table 'Yabuuti III' 9-max Seat #5 is the button
Seat 1: Alameda22 ($55.95 in chips) 
Seat 2: Faraon777 ($50 in chips) 
Seat 3: Joesen One ($48.05 in chips) 
Seat 4: SARA PEZ ($58.40 in chips) 
Seat 5: Mokuscuna ($90.20 in chips) 
Seat 6: rudinho15 ($45.80 in chips) 
Seat 7: Mairman ($49.50 in chips) 
Seat 8: aristocrat72 ($19 in chips) 
Seat 9: playmoneyyy ($52 in chips) 
rudinho15: posts small blind $0.25
Mairman: posts big blind $0.50
*** HOLE CARDS ***
Dealt to Alameda22 [Qh 8c]
aristocrat72: folds 
playmoneyyy: folds 
Alameda22: folds 
Faraon777: folds 
Joesen One: folds 
SARA PEZ: folds 
Mokuscuna: folds 
rudinho15: folds 
Uncalled bet ($0.25) returned to Mairman
Mairman collected $0.50 from pot
Mairman: doesn't show hand 
*** SUMMARY ***
Total pot $0.50 | Rake $0 
Seat 1: Alameda22 folded before Flop (didn't bet)
Seat 2: Faraon777 folded before Flop (didn't bet)
Seat 3: Joesen One folded before Flop (didn't bet)
Seat 4: SARA PEZ folded before Flop (didn't bet)
Seat 5: Mokuscuna (button) folded before Flop (didn't bet)
Seat 6: rudinho15 (small blind) folded before Flop
Seat 7: Mairman (big blind) collected ($0.50)
Seat 8: aristocrat72 folded before Flop (didn't bet)
Seat 9: playmoneyyy folded before Flop (didn't bet)



PokerStars Game #20149556023:  Hold'em No Limit ($0.25/$0.50) - 2008/09/04 18:43:21 ET
Table 'Yabuuti III' 9-max Seat #6 is the button
Seat 1: Alameda22 ($55.95 in chips) 
Seat 2: Faraon777 ($50 in chips) 
Seat 3: Joesen One ($48.05 in chips) 
Seat 4: SARA PEZ ($58.40 in chips) 
Seat 5: Mokuscuna ($90.20 in chips) 
Seat 6: rudinho15 ($45.55 in chips) 
Seat 7: Mairman ($49.75 in chips) 
Seat 8: aristocrat72 ($19 in chips) 
Seat 9: playmoneyyy ($52 in chips) 
Mairman: posts small blind $0.25
aristocrat72: posts big blind $0.50
*** HOLE CARDS ***
Dealt to Alameda22 [Qd Ts]
playmoneyyy: folds 
Alameda22: folds 
Faraon777: folds 
Joesen One: folds 
SARA PEZ: folds 
Mokuscuna: raises $1.50 to $2
rudinho15: folds 
Mairman: folds 
aristocrat72: raises $1.50 to $3.50
Mokuscuna: calls $1.50
*** FLOP *** [2d 6h 7h]
aristocrat72: bets $3
Mokuscuna: folds 
Uncalled bet ($3) returned to aristocrat72
aristocrat72 collected $6.90 from pot
*** SUMMARY ***
Total pot $7.25 | Rake $0.35 
Board [2d 6h 7h]
Seat 1: Alameda22 folded before Flop (didn't bet)
Seat 2: Faraon777 folded before Flop (didn't bet)
Seat 3: Joesen One folded before Flop (didn't bet)
Seat 4: SARA PEZ folded before Flop (didn't bet)
Seat 5: Mokuscuna folded on the Flop
Seat 6: rudinho15 (button) folded before Flop (didn't bet)
Seat 7: Mairman (small blind) folded before Flop
Seat 8: aristocrat72 (big blind) collected ($6.90)
Seat 9: playmoneyyy folded before Flop (didn't bet)



PokerStars Game #20149583625:  Hold'em No Limit ($0.25/$0.50) - 2008/09/04 18:44:36 ET
Table 'Yabuuti III' 9-max Seat #7 is the button
Seat 1: Alameda22 ($55.95 in chips) 
Seat 2: Faraon777 ($50 in chips) 
Seat 3: Joesen One ($48.05 in chips) 
Seat 4: SARA PEZ ($58.40 in chips) 
Seat 5: Mokuscuna ($86.70 in chips) 
Seat 6: rudinho15 ($45.55 in chips) 
Seat 7: Mairman ($49.50 in chips) 
Seat 8: aristocrat72 ($22.40 in chips) 
Seat 9: playmoneyyy ($52 in chips) 
aristocrat72: posts small blind $0.25
playmoneyyy: posts big blind $0.50
*** HOLE CARDS ***
Dealt to Alameda22 [7d 6d]
Alameda22: folds 
Faraon777: folds 
Joesen One: folds 
SARA PEZ: raises $0.75 to $1.25
Mokuscuna: folds 
rudinho15: folds 
Mairman: folds 
aristocrat72: folds 
playmoneyyy: folds 
Uncalled bet ($0.75) returned to SARA PEZ
SARA PEZ collected $1.25 from pot
SARA PEZ: doesn't show hand 
*** SUMMARY ***
Total pot $1.25 | Rake $0 
Seat 1: Alameda22 folded before Flop (didn't bet)
Seat 2: Faraon777 folded before Flop (didn't bet)
Seat 3: Joesen One folded before Flop (didn't bet)
Seat 4: SARA PEZ collected ($1.25)
Seat 5: Mokuscuna folded before Flop (didn't bet)
Seat 6: rudinho15 folded before Flop (didn't bet)
Seat 7: Mairman (button) folded before Flop (didn't bet)
Seat 8: aristocrat72 (small blind) folded before Flop
Seat 9: playmoneyyy (big blind) folded before Flop



PokerStars Game #20149599882:  Hold'em No Limit ($0.25/$0.50) - 2008/09/04 18:45:20 ET
Table 'Yabuuti III' 9-max Seat #8 is the button
Seat 1: Alameda22 ($55.95 in chips) 
Seat 2: Faraon777 ($50 in chips) 
Seat 3: Joesen One ($48.05 in chips) 
Seat 4: SARA PEZ ($59.15 in chips) 
Seat 5: Mokuscuna ($86.70 in chips) 
Seat 6: rudinho15 ($45.55 in chips) 
Seat 7: Mairman ($49.50 in chips) 
Seat 8: aristocrat72 ($22.15 in chips) 
Seat 9: playmoneyyy ($51.50 in chips) 
playmoneyyy: posts small blind $0.25
Alameda22: posts big blind $0.50
*** HOLE CARDS ***
Dealt to Alameda22 [Ad Jd]
Faraon777: folds 
Joesen One: folds 
SARA PEZ: raises $0.75 to $1.25
Mokuscuna: folds 
rudinho15: folds 
Mairman: folds 
aristocrat72: folds 
playmoneyyy: folds 
Alameda22: calls $0.75
*** FLOP *** [4c 3c Jh]
Alameda22: bets $2
SARA PEZ: folds 
Uncalled bet ($2) returned to Alameda22
Alameda22 collected $2.65 from pot
Alameda22: doesn't show hand 
*** SUMMARY ***
Total pot $2.75 | Rake $0.10 
Board [4c 3c Jh]
Seat 1: Alameda22 (big blind) collected ($2.65)
Seat 2: Faraon777 folded before Flop (didn't bet)
Seat 3: Joesen One folded before Flop (didn't bet)
Seat 4: SARA PEZ folded on the Flop
Seat 5: Mokuscuna folded before Flop (didn't bet)
Seat 6: rudinho15 folded before Flop (didn't bet)
Seat 7: Mairman folded before Flop (didn't bet)
Seat 8: aristocrat72 (button) folded before Flop (didn't bet)
Seat 9: playmoneyyy (small blind) folded before Flop



PokerStars Game #20149635501:  Hold'em No Limit ($0.25/$0.50) - 2008/09/04 18:46:57 ET
Table 'Yabuuti III' 9-max Seat #9 is the button
Seat 1: Alameda22 ($57.35 in chips) 
Seat 2: Faraon777 ($50 in chips) 
Seat 3: Joesen One ($48.05 in chips) 
Seat 4: SARA PEZ ($57.90 in chips) 
Seat 5: Mokuscuna ($86.70 in chips) 
Seat 6: rudinho15 ($45.55 in chips) 
Seat 7: Mairman ($49.50 in chips) 
Seat 8: aristocrat72 ($22.15 in chips) 
Seat 9: playmoneyyy ($51.25 in chips) 
Alameda22: posts small blind $0.25
Faraon777: posts big blind $0.50
*** HOLE CARDS ***
Dealt to Alameda22 [9d Kd]
Joesen One: folds 
SARA PEZ: folds 
Mokuscuna: folds 
rudinho15: folds 
Mairman: folds 
aristocrat72: folds 
playmoneyyy: folds 
Alameda22: folds 
Uncalled bet ($0.25) returned to Faraon777
Faraon777 collected $0.50 from pot
Faraon777: doesn't show hand 
*** SUMMARY ***
Total pot $0.50 | Rake $0 
Seat 1: Alameda22 (small blind) folded before Flop
Seat 2: Faraon777 (big blind) collected ($0.50)
Seat 3: Joesen One folded before Flop (didn't bet)
Seat 4: SARA PEZ folded before Flop (didn't bet)
Seat 5: Mokuscuna folded before Flop (didn't bet)
Seat 6: rudinho15 folded before Flop (didn't bet)
Seat 7: Mairman folded before Flop (didn't bet)
Seat 8: aristocrat72 folded before Flop (didn't bet)
Seat 9: playmoneyyy (button) folded before Flop (didn't bet)



PokerStars Game #20149654273:  Hold'em No Limit ($0.25/$0.50) - 2008/09/04 18:47:47 ET
Table 'Yabuuti III' 9-max Seat #1 is the button
Seat 1: Alameda22 ($57.10 in chips) 
Seat 2: Faraon777 ($50.25 in chips) 
Seat 3: Joesen One ($48.05 in chips) 
Seat 4: SARA PEZ ($57.90 in chips) 
Seat 5: Mokuscuna ($86.70 in chips) 
Seat 6: rudinho15 ($50 in chips) 
Seat 7: Mairman ($49.50 in chips) 
Seat 8: aristocrat72 ($22.15 in chips) 
Seat 9: playmoneyyy ($51.25 in chips) 
Faraon777: posts small blind $0.25
Joesen One: posts big blind $0.50
*** HOLE CARDS ***
Dealt to Alameda22 [3c 7s]
SARA PEZ: folds 
Mokuscuna: folds 
rudinho15: folds 
Mairman: folds 
aristocrat72: folds 
playmoneyyy: folds 
Alameda22: folds 
Faraon777: folds 
Uncalled bet ($0.25) returned to Joesen One
Joesen One collected $0.50 from pot
Joesen One: doesn't show hand 
*** SUMMARY ***
Total pot $0.50 | Rake $0 
Seat 1: Alameda22 (button) folded before Flop (didn't bet)
Seat 2: Faraon777 (small blind) folded before Flop
Seat 3: Joesen One (big blind) collected ($0.50)
Seat 4: SARA PEZ folded before Flop (didn't bet)
Seat 5: Mokuscuna folded before Flop (didn't bet)
Seat 6: rudinho15 folded before Flop (didn't bet)
Seat 7: Mairman folded before Flop (didn't bet)
Seat 8: aristocrat72 folded before Flop (didn't bet)
Seat 9: playmoneyyy folded before Flop (didn't bet)



PokerStars Game #20149668654:  Hold'em No Limit ($0.25/$0.50) - 2008/09/04 18:48:26 ET
Table 'Yabuuti III' 9-max Seat #2 is the button
Seat 1: Alameda22 ($57.10 in chips) 
Seat 2: Faraon777 ($50 in chips) 
Seat 3: Joesen One ($48.30 in chips) 
Seat 4: SARA PEZ ($57.90 in chips) 
Seat 5: Mokuscuna ($86.70 in chips) 
Seat 6: rudinho15 ($50 in chips) 
Seat 7: Mairman ($49.50 in chips) 
Seat 8: aristocrat72 ($22.15 in chips) 
Seat 9: playmoneyyy ($51.25 in chips) 
Joesen One: posts small blind $0.25
SARA PEZ: posts big blind $0.50
*** HOLE CARDS ***
Dealt to Alameda22 [8c Qc]
Mokuscuna: folds 
rudinho15: folds 
Mairman: folds 
aristocrat72: calls $0.50
playmoneyyy: folds 
Alameda22: folds 
Faraon777: folds 
Joesen One: folds 
SARA PEZ: checks 
*** FLOP *** [8d 5s Td]
SARA PEZ: bets $0.50
aristocrat72: folds 
Uncalled bet ($0.50) returned to SARA PEZ
SARA PEZ collected $1.20 from pot
SARA PEZ: doesn't show hand 
*** SUMMARY ***
Total pot $1.25 | Rake $0.05 
Board [8d 5s Td]
Seat 1: Alameda22 folded before Flop (didn't bet)
Seat 2: Faraon777 (button) folded before Flop (didn't bet)
Seat 3: Joesen One (small blind) folded before Flop
Seat 4: SARA PEZ (big blind) collected ($1.20)
Seat 5: Mokuscuna folded before Flop (didn't bet)
Seat 6: rudinho15 folded before Flop (didn't bet)
Seat 7: Mairman folded before Flop (didn't bet)
Seat 8: aristocrat72 folded on the Flop
Seat 9: playmoneyyy folded before Flop (didn't bet)



PokerStars Game #20149705166:  Hold'em No Limit ($0.25/$0.50) - 2008/09/04 18:50:06 ET
Table 'Yabuuti III' 9-max Seat #3 is the button
Seat 1: Alameda22 ($57.10 in chips) 
Seat 2: Faraon777 ($50 in chips) 
Seat 3: Joesen One ($48.05 in chips) 
Seat 4: SARA PEZ ($58.60 in chips) 
Seat 5: Mokuscuna ($86.70 in chips) 
Seat 6: rudinho15 ($50 in chips) 
Seat 7: Mairman ($49.50 in chips) 
Seat 8: aristocrat72 ($21.65 in chips) 
Seat 9: playmoneyyy ($51.25 in chips) 
SARA PEZ: posts small blind $0.25
Mokuscuna: posts big blind $0.50
*** HOLE CARDS ***
Dealt to Alameda22 [9c 9h]
rudinho15: folds 
Mairman: folds 
aristocrat72: folds 
playmoneyyy: folds 
Alameda22: folds 
Faraon777: folds 
Joesen One: calls $0.50
SARA PEZ: folds 
Mokuscuna: checks 
*** FLOP *** [Th Js 2c]
Mokuscuna: checks 
Joesen One: checks 
*** TURN *** [Th Js 2c] [Ah]
Mokuscuna: checks 
Joesen One: checks 
*** RIVER *** [Th Js 2c Ah] [3s]
Mokuscuna: checks 
Joesen One: checks 
*** SHOW DOWN ***
Mokuscuna: shows [Tc Kh] (a pair of Tens)
Joesen One: mucks hand 
Mokuscuna collected $1.20 from pot
*** SUMMARY ***
Total pot $1.25 | Rake $0.05 
Board [Th Js 2c Ah 3s]
Seat 1: Alameda22 folded before Flop (didn't bet)
Seat 2: Faraon777 folded before Flop (didn't bet)
Seat 3: Joesen One (button) mucked [6d 6h]
Seat 4: SARA PEZ (small blind) folded before Flop
Seat 5: Mokuscuna (big blind) showed [Tc Kh] and won ($1.20) with a pair of Tens
Seat 6: rudinho15 folded before Flop (didn't bet)
Seat 7: Mairman folded before Flop (didn't bet)
Seat 8: aristocrat72 folded before Flop (didn't bet)
Seat 9: playmoneyyy folded before Flop (didn't bet)



PokerStars Game #20149737996:  Hold'em No Limit ($0.25/$0.50) - 2008/09/04 18:51:35 ET
Table 'Yabuuti III' 9-max Seat #4 is the button
Seat 1: Alameda22 ($57.10 in chips) 
Seat 2: Faraon777 ($50 in chips) 
Seat 3: Joesen One ($47.55 in chips) 
Seat 4: SARA PEZ ($58.35 in chips) 
Seat 5: Mokuscuna ($87.40 in chips) 
Seat 6: rudinho15 ($50 in chips) 
Seat 7: Mairman ($49.50 in chips) 
Seat 8: aristocrat72 ($21.65 in chips) 
Seat 9: playmoneyyy ($51.25 in chips) 
Mokuscuna: posts small blind $0.25
rudinho15: posts big blind $0.50
*** HOLE CARDS ***
Dealt to Alameda22 [4h 3d]
Mairman: raises $1 to $1.50
aristocrat72: folds 
playmoneyyy: folds 
Alameda22: folds 
Faraon777: folds 
Joesen One: folds 
SARA PEZ: folds 
Mokuscuna: folds 
rudinho15: folds 
Uncalled bet ($1) returned to Mairman
Mairman collected $1.25 from pot
Mairman: doesn't show hand 
*** SUMMARY ***
Total pot $1.25 | Rake $0 
Seat 1: Alameda22 folded before Flop (didn't bet)
Seat 2: Faraon777 folded before Flop (didn't bet)
Seat 3: Joesen One folded before Flop (didn't bet)
Seat 4: SARA PEZ (button) folded before Flop (didn't bet)
Seat 5: Mokuscuna (small blind) folded before Flop
Seat 6: rudinho15 (big blind) folded before Flop
Seat 7: Mairman collected ($1.25)
Seat 8: aristocrat72 folded before Flop (didn't bet)
Seat 9: playmoneyyy folded before Flop (didn't bet)



PokerStars Game #20149754113:  Hold'em No Limit ($0.25/$0.50) - 2008/09/04 18:52:19 ET
Table 'Yabuuti III' 9-max Seat #5 is the button
Seat 1: Alameda22 ($57.10 in chips) 
Seat 2: Faraon777 ($50 in chips) 
Seat 3: Joesen One ($47.55 in chips) 
Seat 4: SARA PEZ ($58.35 in chips) 
Seat 5: Mokuscuna ($87.15 in chips) 
Seat 6: rudinho15 ($49.50 in chips) 
Seat 7: Mairman ($50.25 in chips) 
Seat 8: aristocrat72 ($21.65 in chips) 
Seat 9: playmoneyyy ($51.25 in chips) 
rudinho15: posts small blind $0.25
Mairman: posts big blind $0.50
*** HOLE CARDS ***
Dealt to Alameda22 [5c Qh]
aristocrat72: calls $0.50
playmoneyyy: folds 
Alameda22: folds 
Faraon777: folds 
Joesen One: folds 
SARA PEZ: folds 
Mokuscuna: raises $2 to $2.50
rudinho15: folds 
Mairman: folds 
aristocrat72: raises $4.50 to $7
Mokuscuna: folds 
Uncalled bet ($4.50) returned to aristocrat72
aristocrat72 collected $5.75 from pot
*** SUMMARY ***
Total pot $5.75 | Rake $0 
Seat 1: Alameda22 folded before Flop (didn't bet)
Seat 2: Faraon777 folded before Flop (didn't bet)
Seat 3: Joesen One folded before Flop (didn't bet)
Seat 4: SARA PEZ folded before Flop (didn't bet)
Seat 5: Mokuscuna (button) folded before Flop
Seat 6: rudinho15 (small blind) folded before Flop
Seat 7: Mairman (big blind) folded before Flop
Seat 8: aristocrat72 collected ($5.75)
Seat 9: playmoneyyy folded before Flop (didn't bet)



PokerStars Game #20149784634:  Hold'em No Limit ($0.25/$0.50) - 2008/09/04 18:53:42 ET
Table 'Yabuuti III' 9-max Seat #6 is the button
Seat 1: Alameda22 ($57.10 in chips) 
Seat 2: Faraon777 ($50 in chips) 
Seat 3: Joesen One ($47.55 in chips) 
Seat 4: SARA PEZ ($58.35 in chips) 
Seat 5: Mokuscuna ($84.65 in chips) 
Seat 6: rudinho15 ($49.25 in chips) 
Seat 7: Mairman ($49.75 in chips) 
Seat 8: aristocrat72 ($24.90 in chips) 
Seat 9: playmoneyyy ($51.25 in chips) 
Mairman: posts small blind $0.25
aristocrat72: posts big blind $0.50
*** HOLE CARDS ***
Dealt to Alameda22 [As Ad]
playmoneyyy: folds 
Alameda22: raises $1.50 to $2
Faraon777: folds 
Joesen One: folds 
SARA PEZ: folds 
Mokuscuna: folds 
rudinho15: folds 
Mairman: folds 
aristocrat72: folds 
Uncalled bet ($1.50) returned to Alameda22
Alameda22 collected $1.25 from pot
Alameda22: doesn't show hand 
*** SUMMARY ***
Total pot $1.25 | Rake $0 
Seat 1: Alameda22 collected ($1.25)
Seat 2: Faraon777 folded before Flop (didn't bet)
Seat 3: Joesen One folded before Flop (didn't bet)
Seat 4: SARA PEZ folded before Flop (didn't bet)
Seat 5: Mokuscuna folded before Flop (didn't bet)
Seat 6: rudinho15 (button) folded before Flop (didn't bet)
Seat 7: Mairman (small blind) folded before Flop
Seat 8: aristocrat72 (big blind) folded before Flop
Seat 9: playmoneyyy folded before Flop (didn't bet)



PokerStars Game #20149805332:  Hold'em No Limit ($0.25/$0.50) - 2008/09/04 18:54:39 ET
Table 'Yabuuti III' 9-max Seat #7 is the button
Seat 1: Alameda22 ($57.85 in chips) 
Seat 2: Faraon777 ($50 in chips) 
Seat 3: Joesen One ($47.55 in chips) 
Seat 4: SARA PEZ ($58.35 in chips) 
Seat 5: Mokuscuna ($84.65 in chips) 
Seat 6: rudinho15 ($49.25 in chips) 
Seat 7: Mairman ($49.50 in chips) 
Seat 8: aristocrat72 ($24.40 in chips) 
Seat 9: playmoneyyy ($51.25 in chips) 
aristocrat72: posts small blind $0.25
playmoneyyy: posts big blind $0.50
*** HOLE CARDS ***
Dealt to Alameda22 [5s Ac]
Alameda22: folds 
Faraon777: folds 
Joesen One: folds 
SARA PEZ: folds 
Mokuscuna: folds 
rudinho15: folds 
Mairman: folds 
aristocrat72: raises $1 to $1.50
playmoneyyy: folds 
Uncalled bet ($1) returned to aristocrat72
aristocrat72 collected $1 from pot
*** SUMMARY ***
Total pot $1 | Rake $0 
Seat 1: Alameda22 folded before Flop (didn't bet)
Seat 2: Faraon777 folded before Flop (didn't bet)
Seat 3: Joesen One folded before Flop (didn't bet)
Seat 4: SARA PEZ folded before Flop (didn't bet)
Seat 5: Mokuscuna folded before Flop (didn't bet)
Seat 6: rudinho15 folded before Flop (didn't bet)
Seat 7: Mairman (button) folded before Flop (didn't bet)
Seat 8: aristocrat72 (small blind) collected ($1)
Seat 9: playmoneyyy (big blind) folded before Flop



