PokerStars Game #19923922091:  Hold'em No Limit ($0.10/$0.25) - 2008/08/26 - 20:02:17 (ET)
Table 'Russia II' 9-max Seat #4 is the button
Seat 1: Alameda22 ($25 in chips) 
Seat 4: Smokin DaveK ($54.60 in chips) 
Seat 5: littlecake11 ($19.45 in chips) 
Seat 6: Valezius ($5 in chips) 
Seat 7: rastyrasty ($9.75 in chips) 
Seat 8: jaydubya ($18.75 in chips) 
littlecake11: posts small blind $0.10
Valezius: posts big blind $0.25
Alameda22: posts big blind $0.25
skip821: sits out 
*** HOLE CARDS ***
Dealt to Alameda22 [Qc 5s]
rastyrasty: folds 
Vegaskid71 has returned
jaydubya: folds 
Alameda22: checks 
Smokin DaveK: raises $0.25 to $0.50
littlecake11: folds 
Valezius: folds 
Alameda22: folds 
Uncalled bet ($0.25) returned to Smokin DaveK
Smokin DaveK collected $0.85 from pot
*** SUMMARY ***
Total pot $0.85 | Rake $0 
Seat 1: Alameda22 folded before Flop
Seat 4: Smokin DaveK (button) collected ($0.85)
Seat 5: littlecake11 (small blind) folded before Flop
Seat 6: Valezius (big blind) folded before Flop
Seat 7: rastyrasty folded before Flop (didn't bet)
Seat 8: jaydubya folded before Flop (didn't bet)



PokerStars Game #19923935667:  Hold'em No Limit ($0.10/$0.25) - 2008/08/26 - 20:02:53 (ET)
Table 'Russia II' 9-max Seat #5 is the button
Seat 1: Alameda22 ($24.75 in chips) 
Seat 4: Smokin DaveK ($55.20 in chips) 
Seat 5: littlecake11 ($19.35 in chips) 
Seat 6: Valezius ($4.75 in chips) 
Seat 7: rastyrasty ($9.75 in chips) 
Seat 8: jaydubya ($18.75 in chips) 
Valezius: posts small blind $0.10
rastyrasty: posts big blind $0.25
skip821: sits out 
Vegaskid71: sits out 
*** HOLE CARDS ***
Dealt to Alameda22 [7s 2h]
jaydubya: raises $0.50 to $0.75
Alameda22: folds 
Smokin DaveK: calls $0.75
littlecake11: folds 
Valezius: folds 
rastyrasty: calls $0.50
*** FLOP *** [4d 8h Ac]
rastyrasty: checks 
jaydubya: bets $1
Smokin DaveK: folds 
rastyrasty: folds 
Uncalled bet ($1) returned to jaydubya
jaydubya collected $2.25 from pot
*** SUMMARY ***
Total pot $2.35 | Rake $0.10 
Board [4d 8h Ac]
Seat 1: Alameda22 folded before Flop (didn't bet)
Seat 4: Smokin DaveK folded on the Flop
Seat 5: littlecake11 (button) folded before Flop (didn't bet)
Seat 6: Valezius (small blind) folded before Flop
Seat 7: rastyrasty (big blind) folded on the Flop
Seat 8: jaydubya collected ($2.25)



PokerStars Game #19923953915:  Hold'em No Limit ($0.10/$0.25) - 2008/08/26 - 20:03:41 (ET)
Table 'Russia II' 9-max Seat #6 is the button
Seat 1: Alameda22 ($24.75 in chips) 
Seat 4: Smokin DaveK ($54.45 in chips) 
Seat 5: littlecake11 ($19.35 in chips) 
Seat 6: Valezius ($4.65 in chips) 
Seat 8: jaydubya ($20.25 in chips) 
rastyrasty: is sitting out 
jaydubya: posts small blind $0.10
Alameda22: posts big blind $0.25
skip821: sits out 
Vegaskid71: sits out 
*** HOLE CARDS ***
Dealt to Alameda22 [9s Kc]
Smokin DaveK: folds 
littlecake11: calls $0.25
Valezius: folds 
jaydubya: folds 
Alameda22: checks 
*** FLOP *** [2s Ts Ks]
Alameda22: bets $0.50
littlecake11: folds 
Uncalled bet ($0.50) returned to Alameda22
Alameda22 collected $0.60 from pot
Alameda22: doesn't show hand 
*** SUMMARY ***
Total pot $0.60 | Rake $0 
Board [2s Ts Ks]
Seat 1: Alameda22 (big blind) collected ($0.60)
Seat 4: Smokin DaveK folded before Flop (didn't bet)
Seat 5: littlecake11 folded on the Flop
Seat 6: Valezius (button) folded before Flop (didn't bet)
Seat 8: jaydubya (small blind) folded before Flop



PokerStars Game #19923965340:  Hold'em No Limit ($0.10/$0.25) - 2008/08/26 - 20:04:11 (ET)
Table 'Russia II' 9-max Seat #8 is the button
Seat 1: Alameda22 ($25.10 in chips) 
Seat 2: skip821 ($25 in chips) 
Seat 4: Smokin DaveK ($54.45 in chips) 
Seat 5: littlecake11 ($19.10 in chips) 
Seat 6: Valezius ($4.65 in chips) 
Seat 8: jaydubya ($20.15 in chips) 
Alameda22: posts small blind $0.10
skip821: posts big blind $0.25
Vegaskid71: sits out 
*** HOLE CARDS ***
Dealt to Alameda22 [Jh Jc]
Smokin DaveK: folds 
littlecake11: folds 
Valezius: folds 
jaydubya: folds 
Alameda22: raises $0.50 to $0.75
skip821: raises $2.75 to $3.50
Alameda22: raises $6 to $9.50
skip821: folds 
Uncalled bet ($6) returned to Alameda22
Alameda22 collected $7 from pot
Alameda22: doesn't show hand 
*** SUMMARY ***
Total pot $7 | Rake $0 
Seat 1: Alameda22 (small blind) collected ($7)
Seat 2: skip821 (big blind) folded before Flop
Seat 4: Smokin DaveK folded before Flop (didn't bet)
Seat 5: littlecake11 folded before Flop (didn't bet)
Seat 6: Valezius folded before Flop (didn't bet)
Seat 8: jaydubya (button) folded before Flop (didn't bet)



PokerStars Game #19923990023:  Hold'em No Limit ($0.10/$0.25) - 2008/08/26 - 20:05:18 (ET)
Table 'Russia II' 9-max Seat #1 is the button
Seat 1: Alameda22 ($28.60 in chips) 
Seat 2: skip821 ($25 in chips) 
Seat 3: Vegaskid71 ($14.50 in chips) 
Seat 4: Smokin DaveK ($54.45 in chips) 
Seat 5: littlecake11 ($19.10 in chips) 
Seat 6: Valezius ($4.65 in chips) 
Seat 8: jaydubya ($20.15 in chips) 
skip821: posts small blind $0.10
Vegaskid71: posts big blind $0.25
*** HOLE CARDS ***
Dealt to Alameda22 [4c 7h]
Smokin DaveK: folds 
littlecake11: calls $0.25
Valezius: raises $1 to $1.25
jaydubya: folds 
Alameda22: folds 
skip821: folds 
Vegaskid71: folds 
littlecake11: folds 
Uncalled bet ($1) returned to Valezius
Valezius collected $0.85 from pot
Valezius: doesn't show hand 
*** SUMMARY ***
Total pot $0.85 | Rake $0 
Seat 1: Alameda22 (button) folded before Flop (didn't bet)
Seat 2: skip821 (small blind) folded before Flop
Seat 3: Vegaskid71 (big blind) folded before Flop
Seat 4: Smokin DaveK folded before Flop (didn't bet)
Seat 5: littlecake11 folded before Flop
Seat 6: Valezius collected ($0.85)
Seat 8: jaydubya folded before Flop (didn't bet)



PokerStars Game #19924001618:  Hold'em No Limit ($0.10/$0.25) - 2008/08/26 - 20:05:49 (ET)
Table 'Russia II' 9-max Seat #2 is the button
Seat 1: Alameda22 ($28.60 in chips) 
Seat 2: skip821 ($24.90 in chips) 
Seat 3: Vegaskid71 ($14.25 in chips) 
Seat 4: Smokin DaveK ($54.45 in chips) 
Seat 5: littlecake11 ($18.85 in chips) 
Seat 6: Valezius ($5.25 in chips) 
Seat 8: jaydubya ($20.15 in chips) 
Vegaskid71: posts small blind $0.10
Smokin DaveK: posts big blind $0.25
*** HOLE CARDS ***
Dealt to Alameda22 [8s 6s]
littlecake11: folds 
Valezius: folds 
jaydubya: folds 
Alameda22: folds 
skip821: raises $0.75 to $1
Vegaskid71: folds 
Smokin DaveK: folds 
Uncalled bet ($0.75) returned to skip821
skip821 collected $0.60 from pot
*** SUMMARY ***
Total pot $0.60 | Rake $0 
Seat 1: Alameda22 folded before Flop (didn't bet)
Seat 2: skip821 (button) collected ($0.60)
Seat 3: Vegaskid71 (small blind) folded before Flop
Seat 4: Smokin DaveK (big blind) folded before Flop
Seat 5: littlecake11 folded before Flop (didn't bet)
Seat 6: Valezius folded before Flop (didn't bet)
Seat 8: jaydubya folded before Flop (didn't bet)



PokerStars Game #19924023495:  Hold'em No Limit ($0.10/$0.25) - 2008/08/26 - 20:06:47 (ET)
Table 'Russia II' 9-max Seat #3 is the button
Seat 1: Alameda22 ($28.60 in chips) 
Seat 2: skip821 ($25.25 in chips) 
Seat 3: Vegaskid71 ($14.15 in chips) 
Seat 4: Smokin DaveK ($54.20 in chips) 
Seat 5: littlecake11 ($18.85 in chips) 
Seat 6: Valezius ($5.25 in chips) 
Seat 8: jaydubya ($20.15 in chips) 
Smokin DaveK: posts small blind $0.10
littlecake11: posts big blind $0.25
*** HOLE CARDS ***
Dealt to Alameda22 [Ts 3c]
Valezius: folds 
jaydubya: folds 
Alameda22: folds 
skip821: folds 
Vegaskid71: folds 
Smokin DaveK: calls $0.15
littlecake11: checks 
*** FLOP *** [Kd Js 3s]
Smokin DaveK: checks 
littlecake11: checks 
*** TURN *** [Kd Js 3s] [5d]
Smokin DaveK: checks 
littlecake11: bets $0.50
Smokin DaveK: calls $0.50
*** RIVER *** [Kd Js 3s 5d] [Qh]
Smokin DaveK: checks 
littlecake11: bets $1
Smokin DaveK: folds 
Uncalled bet ($1) returned to littlecake11
littlecake11 collected $1.45 from pot
littlecake11: doesn't show hand 
*** SUMMARY ***
Total pot $1.50 | Rake $0.05 
Board [Kd Js 3s 5d Qh]
Seat 1: Alameda22 folded before Flop (didn't bet)
Seat 2: skip821 folded before Flop (didn't bet)
Seat 3: Vegaskid71 (button) folded before Flop (didn't bet)
Seat 4: Smokin DaveK (small blind) folded on the River
Seat 5: littlecake11 (big blind) collected ($1.45)
Seat 6: Valezius folded before Flop (didn't bet)
Seat 8: jaydubya folded before Flop (didn't bet)



PokerStars Game #19924043324:  Hold'em No Limit ($0.10/$0.25) - 2008/08/26 - 20:07:40 (ET)
Table 'Russia II' 9-max Seat #4 is the button
Seat 1: Alameda22 ($28.60 in chips) 
Seat 2: skip821 ($25.25 in chips) 
Seat 3: Vegaskid71 ($14.15 in chips) 
Seat 4: Smokin DaveK ($53.45 in chips) 
Seat 5: littlecake11 ($19.55 in chips) 
Seat 6: Valezius ($5.25 in chips) 
Seat 8: jaydubya ($20.15 in chips) 
littlecake11: posts small blind $0.10
Valezius: posts big blind $0.25
*** HOLE CARDS ***
Dealt to Alameda22 [Jd Ts]
jaydubya: folds 
Alameda22: folds 
skip821: folds 
Vegaskid71: folds 
Smokin DaveK: folds 
littlecake11: folds 
Uncalled bet ($0.15) returned to Valezius
Valezius collected $0.20 from pot
Valezius: doesn't show hand 
*** SUMMARY ***
Total pot $0.20 | Rake $0 
Seat 1: Alameda22 folded before Flop (didn't bet)
Seat 2: skip821 folded before Flop (didn't bet)
Seat 3: Vegaskid71 folded before Flop (didn't bet)
Seat 4: Smokin DaveK (button) folded before Flop (didn't bet)
Seat 5: littlecake11 (small blind) folded before Flop
Seat 6: Valezius (big blind) collected ($0.20)
Seat 8: jaydubya folded before Flop (didn't bet)



PokerStars Game #19924060471:  Hold'em No Limit ($0.10/$0.25) - 2008/08/26 - 20:08:26 (ET)
Table 'Russia II' 9-max Seat #5 is the button
Seat 1: Alameda22 ($28.60 in chips) 
Seat 2: skip821 ($25.25 in chips) 
Seat 3: Vegaskid71 ($14.15 in chips) 
Seat 4: Smokin DaveK ($53.45 in chips) 
Seat 5: littlecake11 ($19.45 in chips) 
Seat 6: Valezius ($5.35 in chips) 
Seat 8: jaydubya ($20.15 in chips) 
Valezius: posts small blind $0.10
jaydubya: posts big blind $0.25
*** HOLE CARDS ***
Dealt to Alameda22 [9h 5d]
Alameda22: folds 
skip821: folds 
Vegaskid71: folds 
Smokin DaveK: folds 
littlecake11: calls $0.25
Valezius: folds 
jaydubya: checks 
*** FLOP *** [6h 9s Ah]
jaydubya: checks 
littlecake11: checks 
*** TURN *** [6h 9s Ah] [6s]
jaydubya: checks 
littlecake11: checks 
*** RIVER *** [6h 9s Ah 6s] [Tc]
jaydubya: bets $3.50
littlecake11: folds 
Uncalled bet ($3.50) returned to jaydubya
jaydubya collected $0.60 from pot
jaydubya: doesn't show hand 
*** SUMMARY ***
Total pot $0.60 | Rake $0 
Board [6h 9s Ah 6s Tc]
Seat 1: Alameda22 folded before Flop (didn't bet)
Seat 2: skip821 folded before Flop (didn't bet)
Seat 3: Vegaskid71 folded before Flop (didn't bet)
Seat 4: Smokin DaveK folded before Flop (didn't bet)
Seat 5: littlecake11 (button) folded on the River
Seat 6: Valezius (small blind) folded before Flop
Seat 8: jaydubya (big blind) collected ($0.60)



PokerStars Game #19924084350:  Hold'em No Limit ($0.10/$0.25) - 2008/08/26 - 20:09:31 (ET)
Table 'Russia II' 9-max Seat #6 is the button
Seat 1: Alameda22 ($28.60 in chips) 
Seat 2: skip821 ($25.25 in chips) 
Seat 3: Vegaskid71 ($14.15 in chips) 
Seat 4: Smokin DaveK ($53.45 in chips) 
Seat 5: littlecake11 ($19.20 in chips) 
Seat 6: Valezius ($5.25 in chips) 
Seat 8: jaydubya ($20.50 in chips) 
jaydubya: posts small blind $0.10
Alameda22: posts big blind $0.25
*** HOLE CARDS ***
Dealt to Alameda22 [9d 6h]
skip821: folds 
Vegaskid71: folds 
Smokin DaveK: raises $0.50 to $0.75
littlecake11: folds 
Valezius: folds 
jaydubya: folds 
Alameda22: folds 
Uncalled bet ($0.50) returned to Smokin DaveK
Smokin DaveK collected $0.60 from pot
b jordan515 has returned
*** SUMMARY ***
Total pot $0.60 | Rake $0 
Seat 1: Alameda22 (big blind) folded before Flop
Seat 2: skip821 folded before Flop (didn't bet)
Seat 3: Vegaskid71 folded before Flop (didn't bet)
Seat 4: Smokin DaveK collected ($0.60)
Seat 5: littlecake11 folded before Flop (didn't bet)
Seat 6: Valezius (button) folded before Flop (didn't bet)
Seat 8: jaydubya (small blind) folded before Flop



PokerStars Game #19924093005:  Hold'em No Limit ($0.10/$0.25) - 2008/08/26 - 20:09:54 (ET)
Table 'Russia II' 9-max Seat #8 is the button
Seat 1: Alameda22 ($28.35 in chips) 
Seat 2: skip821 ($25.25 in chips) 
Seat 3: Vegaskid71 ($14.15 in chips) 
Seat 4: Smokin DaveK ($53.80 in chips) 
Seat 5: littlecake11 ($19.20 in chips) 
Seat 6: Valezius ($5.25 in chips) 
Seat 8: jaydubya ($20.40 in chips) 
b jordan515 will be allowed to play after the button
Alameda22: posts small blind $0.10
skip821: posts big blind $0.25
*** HOLE CARDS ***
Dealt to Alameda22 [3h 8h]
Vegaskid71: folds 
Smokin DaveK: calls $0.25
littlecake11: folds 
Valezius: folds 
jaydubya: folds 
Alameda22: folds 
skip821: checks 
*** FLOP *** [As 5s Ts]
skip821: checks 
Smokin DaveK: bets $0.50
skip821: folds 
Uncalled bet ($0.50) returned to Smokin DaveK
Smokin DaveK collected $0.60 from pot
*** SUMMARY ***
Total pot $0.60 | Rake $0 
Board [As 5s Ts]
Seat 1: Alameda22 (small blind) folded before Flop
Seat 2: skip821 (big blind) folded on the Flop
Seat 3: Vegaskid71 folded before Flop (didn't bet)
Seat 4: Smokin DaveK collected ($0.60)
Seat 5: littlecake11 folded before Flop (didn't bet)
Seat 6: Valezius folded before Flop (didn't bet)
Seat 8: jaydubya (button) folded before Flop (didn't bet)



PokerStars Game #19924106836:  Hold'em No Limit ($0.10/$0.25) - 2008/08/26 - 20:10:31 (ET)
Table 'Russia II' 9-max Seat #1 is the button
Seat 1: Alameda22 ($28.25 in chips) 
Seat 2: skip821 ($25 in chips) 
Seat 3: Vegaskid71 ($14.15 in chips) 
Seat 4: Smokin DaveK ($54.15 in chips) 
Seat 5: littlecake11 ($19.20 in chips) 
Seat 6: Valezius ($5.25 in chips) 
Seat 8: jaydubya ($20.40 in chips) 
Seat 9: b jordan515 ($28.05 in chips) 
skip821: posts small blind $0.10
Vegaskid71: posts big blind $0.25
b jordan515: posts small & big blinds $0.35
*** HOLE CARDS ***
Dealt to Alameda22 [Kc Qc]
Smokin DaveK: folds 
littlecake11: folds 
Valezius: folds 
jaydubya: folds 
b jordan515: checks 
Alameda22: raises $0.75 to $1
skip821: folds 
Vegaskid71: folds 
b jordan515: folds 
Uncalled bet ($0.75) returned to Alameda22
Alameda22 collected $0.95 from pot
Alameda22: doesn't show hand 
*** SUMMARY ***
Total pot $0.95 | Rake $0 
Seat 1: Alameda22 (button) collected ($0.95)
Seat 2: skip821 (small blind) folded before Flop
Seat 3: Vegaskid71 (big blind) folded before Flop
Seat 4: Smokin DaveK folded before Flop (didn't bet)
Seat 5: littlecake11 folded before Flop (didn't bet)
Seat 6: Valezius folded before Flop (didn't bet)
Seat 8: jaydubya folded before Flop (didn't bet)
Seat 9: b jordan515 folded before Flop



PokerStars Game #19924119417:  Hold'em No Limit ($0.10/$0.25) - 2008/08/26 - 20:11:05 (ET)
Table 'Russia II' 9-max Seat #2 is the button
Seat 1: Alameda22 ($28.95 in chips) 
Seat 2: skip821 ($24.90 in chips) 
Seat 3: Vegaskid71 ($13.90 in chips) 
Seat 4: Smokin DaveK ($54.15 in chips) 
Seat 5: littlecake11 ($19.20 in chips) 
Seat 6: Valezius ($5.25 in chips) 
Seat 8: jaydubya ($20.40 in chips) 
Seat 9: b jordan515 ($27.70 in chips) 
Vegaskid71: posts small blind $0.10
Smokin DaveK: posts big blind $0.25
*** HOLE CARDS ***
Dealt to Alameda22 [Jc Ac]
littlecake11: folds 
Valezius: folds 
jaydubya: folds 
b jordan515: calls $0.25
Alameda22: raises $0.75 to $1
skip821: folds 
Vegaskid71: folds 
Smokin DaveK: folds 
b jordan515: folds 
Uncalled bet ($0.75) returned to Alameda22
Alameda22 collected $0.85 from pot
Alameda22: doesn't show hand 
*** SUMMARY ***
Total pot $0.85 | Rake $0 
Seat 1: Alameda22 collected ($0.85)
Seat 2: skip821 (button) folded before Flop (didn't bet)
Seat 3: Vegaskid71 (small blind) folded before Flop
Seat 4: Smokin DaveK (big blind) folded before Flop
Seat 5: littlecake11 folded before Flop (didn't bet)
Seat 6: Valezius folded before Flop (didn't bet)
Seat 8: jaydubya folded before Flop (didn't bet)
Seat 9: b jordan515 folded before Flop



PokerStars Game #19924143107:  Hold'em No Limit ($0.10/$0.25) - 2008/08/26 - 20:12:08 (ET)
Table 'Russia II' 9-max Seat #3 is the button
Seat 1: Alameda22 ($29.55 in chips) 
Seat 2: skip821 ($24.90 in chips) 
Seat 3: Vegaskid71 ($13.80 in chips) 
Seat 4: Smokin DaveK ($53.90 in chips) 
Seat 5: littlecake11 ($19.20 in chips) 
Seat 6: Valezius ($5.25 in chips) 
Seat 8: jaydubya ($20.40 in chips) 
Seat 9: b jordan515 ($27.45 in chips) 
Smokin DaveK: posts small blind $0.10
littlecake11: posts big blind $0.25
*** HOLE CARDS ***
Dealt to Alameda22 [Qs 9s]
Valezius: folds 
jaydubya: folds 
b jordan515: folds 
Alameda22: folds 
skip821: folds 
Vegaskid71: folds 
Smokin DaveK: folds 
Uncalled bet ($0.15) returned to littlecake11
littlecake11 collected $0.20 from pot
littlecake11: doesn't show hand 
*** SUMMARY ***
Total pot $0.20 | Rake $0 
Seat 1: Alameda22 folded before Flop (didn't bet)
Seat 2: skip821 folded before Flop (didn't bet)
Seat 3: Vegaskid71 (button) folded before Flop (didn't bet)
Seat 4: Smokin DaveK (small blind) folded before Flop
Seat 5: littlecake11 (big blind) collected ($0.20)
Seat 6: Valezius folded before Flop (didn't bet)
Seat 8: jaydubya folded before Flop (didn't bet)
Seat 9: b jordan515 folded before Flop (didn't bet)



PokerStars Game #19924162758:  Hold'em No Limit ($0.10/$0.25) - 2008/08/26 - 20:13:01 (ET)
Table 'Russia II' 9-max Seat #4 is the button
Seat 1: Alameda22 ($29.55 in chips) 
Seat 2: skip821 ($24.90 in chips) 
Seat 3: Vegaskid71 ($13.80 in chips) 
Seat 4: Smokin DaveK ($53.80 in chips) 
Seat 5: littlecake11 ($19.30 in chips) 
Seat 6: Valezius ($5.25 in chips) 
Seat 8: jaydubya ($20.40 in chips) 
Seat 9: b jordan515 ($27.45 in chips) 
littlecake11: posts small blind $0.10
Valezius: posts big blind $0.25
*** HOLE CARDS ***
Dealt to Alameda22 [Qs Kh]
jaydubya: folds 
b jordan515: folds 
Alameda22: folds 
skip821: folds 
Vegaskid71: folds 
Smokin DaveK: calls $0.25
littlecake11: calls $0.15
Valezius: checks 
*** FLOP *** [3s 3d 5s]
littlecake11: bets $0.50
Valezius: folds 
Smokin DaveK: folds 
Uncalled bet ($0.50) returned to littlecake11
littlecake11 collected $0.75 from pot
littlecake11: doesn't show hand 
*** SUMMARY ***
Total pot $0.75 | Rake $0 
Board [3s 3d 5s]
Seat 1: Alameda22 folded before Flop (didn't bet)
Seat 2: skip821 folded before Flop (didn't bet)
Seat 3: Vegaskid71 folded before Flop (didn't bet)
Seat 4: Smokin DaveK (button) folded on the Flop
Seat 5: littlecake11 (small blind) collected ($0.75)
Seat 6: Valezius (big blind) folded on the Flop
Seat 8: jaydubya folded before Flop (didn't bet)
Seat 9: b jordan515 folded before Flop (didn't bet)



PokerStars Game #19924185150:  Hold'em No Limit ($0.10/$0.25) - 2008/08/26 - 20:14:02 (ET)
Table 'Russia II' 9-max Seat #5 is the button
Seat 1: Alameda22 ($29.55 in chips) 
Seat 2: skip821 ($24.90 in chips) 
Seat 3: Vegaskid71 ($13.80 in chips) 
Seat 4: Smokin DaveK ($53.55 in chips) 
Seat 5: littlecake11 ($19.80 in chips) 
Seat 6: Valezius ($5 in chips) 
Seat 8: jaydubya ($20.40 in chips) 
Seat 9: b jordan515 ($27.45 in chips) 
Valezius: posts small blind $0.10
jaydubya: posts big blind $0.25
*** HOLE CARDS ***
Dealt to Alameda22 [Tc Js]
b jordan515: folds 
Alameda22: folds 
skip821: folds 
Vegaskid71: folds 
Smokin DaveK: folds 
littlecake11: calls $0.25
Valezius: folds 
jaydubya: checks 
*** FLOP *** [6d Qd 6c]
jaydubya: checks 
littlecake11: checks 
*** TURN *** [6d Qd 6c] [3h]
jaydubya: checks 
littlecake11: bets $0.50
jaydubya: folds 
Uncalled bet ($0.50) returned to littlecake11
littlecake11 collected $0.60 from pot
littlecake11: doesn't show hand 
*** SUMMARY ***
Total pot $0.60 | Rake $0 
Board [6d Qd 6c 3h]
Seat 1: Alameda22 folded before Flop (didn't bet)
Seat 2: skip821 folded before Flop (didn't bet)
Seat 3: Vegaskid71 folded before Flop (didn't bet)
Seat 4: Smokin DaveK folded before Flop (didn't bet)
Seat 5: littlecake11 (button) collected ($0.60)
Seat 6: Valezius (small blind) folded before Flop
Seat 8: jaydubya (big blind) folded on the Turn
Seat 9: b jordan515 folded before Flop (didn't bet)



PokerStars Game #19924210665:  Hold'em No Limit ($0.10/$0.25) - 2008/08/26 - 20:15:09 (ET)
Table 'Russia II' 9-max Seat #6 is the button
Seat 1: Alameda22 ($29.55 in chips) 
Seat 2: skip821 ($24.90 in chips) 
Seat 3: Vegaskid71 ($13.80 in chips) 
Seat 4: Smokin DaveK ($53.55 in chips) 
Seat 5: littlecake11 ($20.15 in chips) 
Seat 6: Valezius ($4.90 in chips) 
Seat 8: jaydubya ($20.15 in chips) 
Seat 9: b jordan515 ($27.45 in chips) 
jaydubya: posts small blind $0.10
b jordan515: posts big blind $0.25
*** HOLE CARDS ***
Dealt to Alameda22 [2d 2h]
Alameda22: folds 
skip821: folds 
Vegaskid71: folds 
Smokin DaveK: folds 
littlecake11: folds 
Valezius: folds 
jaydubya: folds 
Uncalled bet ($0.15) returned to b jordan515
b jordan515 collected $0.20 from pot
b jordan515: doesn't show hand 
*** SUMMARY ***
Total pot $0.20 | Rake $0 
Seat 1: Alameda22 folded before Flop (didn't bet)
Seat 2: skip821 folded before Flop (didn't bet)
Seat 3: Vegaskid71 folded before Flop (didn't bet)
Seat 4: Smokin DaveK folded before Flop (didn't bet)
Seat 5: littlecake11 folded before Flop (didn't bet)
Seat 6: Valezius (button) folded before Flop (didn't bet)
Seat 8: jaydubya (small blind) folded before Flop
Seat 9: b jordan515 (big blind) collected ($0.20)



PokerStars Game #19924220239:  Hold'em No Limit ($0.10/$0.25) - 2008/08/26 - 20:15:35 (ET)
Table 'Russia II' 9-max Seat #8 is the button
Seat 1: Alameda22 ($29.55 in chips) 
Seat 2: skip821 ($24.90 in chips) 
Seat 3: Vegaskid71 ($13.80 in chips) 
Seat 4: Smokin DaveK ($53.55 in chips) 
Seat 5: littlecake11 ($20.15 in chips) 
Seat 6: Valezius ($4.90 in chips) 
Seat 8: jaydubya ($20.05 in chips) 
Seat 9: b jordan515 ($27.55 in chips) 
b jordan515: posts small blind $0.10
Alameda22: posts big blind $0.25
*** HOLE CARDS ***
Dealt to Alameda22 [Jc 6s]
skip821: folds 
Vegaskid71: folds 
Smokin DaveK: calls $0.25
littlecake11: folds 
Valezius: folds 
jaydubya: folds 
b jordan515: calls $0.15
Alameda22: checks 
*** FLOP *** [2c Jh 6h]
b jordan515: checks 
Alameda22: bets $0.50
Smokin DaveK: folds 
b jordan515: calls $0.50
*** TURN *** [2c Jh 6h] [7h]
b jordan515: checks 
Alameda22: bets $1
b jordan515: calls $1
*** RIVER *** [2c Jh 6h 7h] [Kc]
b jordan515: checks 
Alameda22: bets $2
b jordan515: calls $2
*** SHOW DOWN ***
Alameda22: shows [Jc 6s] (two pair, Jacks and Sixes)
b jordan515: mucks hand 
Alameda22 collected $7.40 from pot
*** SUMMARY ***
Total pot $7.75 | Rake $0.35 
Board [2c Jh 6h 7h Kc]
Seat 1: Alameda22 (big blind) showed [Jc 6s] and won ($7.40) with two pair, Jacks and Sixes
Seat 2: skip821 folded before Flop (didn't bet)
Seat 3: Vegaskid71 folded before Flop (didn't bet)
Seat 4: Smokin DaveK folded on the Flop
Seat 5: littlecake11 folded before Flop (didn't bet)
Seat 6: Valezius folded before Flop (didn't bet)
Seat 8: jaydubya (button) folded before Flop (didn't bet)
Seat 9: b jordan515 (small blind) mucked [Kd Qh]



PokerStars Game #19924248414:  Hold'em No Limit ($0.10/$0.25) - 2008/08/26 - 20:16:48 (ET)
Table 'Russia II' 9-max Seat #9 is the button
Seat 1: Alameda22 ($33.20 in chips) 
Seat 2: skip821 ($24.90 in chips) 
Seat 3: Vegaskid71 ($13.80 in chips) 
Seat 4: Smokin DaveK ($53.30 in chips) 
Seat 5: littlecake11 ($20.15 in chips) 
Seat 6: Valezius ($4.90 in chips) 
Seat 8: jaydubya ($20.05 in chips) 
Seat 9: b jordan515 ($23.80 in chips) 
Alameda22: posts small blind $0.10
skip821: posts big blind $0.25
*** HOLE CARDS ***
Dealt to Alameda22 [Ts 9c]
Vegaskid71: folds 
Smokin DaveK: folds 
littlecake11: calls $0.25
Valezius: folds 
jaydubya: folds 
b jordan515: folds 
Alameda22: folds 
skip821: checks 
*** FLOP *** [6d 7s Qd]
skip821: checks 
littlecake11: bets $0.50
skip821: folds 
Uncalled bet ($0.50) returned to littlecake11
littlecake11 collected $0.60 from pot
littlecake11: doesn't show hand 
*** SUMMARY ***
Total pot $0.60 | Rake $0 
Board [6d 7s Qd]
Seat 1: Alameda22 (small blind) folded before Flop
Seat 2: skip821 (big blind) folded on the Flop
Seat 3: Vegaskid71 folded before Flop (didn't bet)
Seat 4: Smokin DaveK folded before Flop (didn't bet)
Seat 5: littlecake11 collected ($0.60)
Seat 6: Valezius folded before Flop (didn't bet)
Seat 8: jaydubya folded before Flop (didn't bet)
Seat 9: b jordan515 (button) folded before Flop (didn't bet)



PokerStars Game #19924269366:  Hold'em No Limit ($0.10/$0.25) - 2008/08/26 - 20:17:43 (ET)
Table 'Russia II' 9-max Seat #1 is the button
Seat 1: Alameda22 ($33.10 in chips) 
Seat 2: skip821 ($24.65 in chips) 
Seat 3: Vegaskid71 ($13.80 in chips) 
Seat 4: Smokin DaveK ($53.30 in chips) 
Seat 5: littlecake11 ($20.50 in chips) 
Seat 6: Valezius ($4.90 in chips) 
Seat 8: jaydubya ($20.05 in chips) 
Seat 9: b jordan515 ($23.80 in chips) 
skip821: posts small blind $0.10
Vegaskid71: posts big blind $0.25
*** HOLE CARDS ***
Dealt to Alameda22 [Jc As]
Smokin DaveK: folds 
littlecake11: folds 
Valezius: folds 
jaydubya: calls $0.25
b jordan515: folds 
Alameda22: raises $0.75 to $1
skip821: folds 
Vegaskid71: folds 
jaydubya: calls $0.75
*** FLOP *** [8d Td Qs]
jaydubya: checks 
Alameda22: bets $1.50
jaydubya: folds 
Uncalled bet ($1.50) returned to Alameda22
Alameda22 collected $2.25 from pot
Alameda22: doesn't show hand 
*** SUMMARY ***
Total pot $2.35 | Rake $0.10 
Board [8d Td Qs]
Seat 1: Alameda22 (button) collected ($2.25)
Seat 2: skip821 (small blind) folded before Flop
Seat 3: Vegaskid71 (big blind) folded before Flop
Seat 4: Smokin DaveK folded before Flop (didn't bet)
Seat 5: littlecake11 folded before Flop (didn't bet)
Seat 6: Valezius folded before Flop (didn't bet)
Seat 8: jaydubya folded on the Flop
Seat 9: b jordan515 folded before Flop (didn't bet)



PokerStars Game #19924287712:  Hold'em No Limit ($0.10/$0.25) - 2008/08/26 - 20:18:31 (ET)
Table 'Russia II' 9-max Seat #2 is the button
Seat 1: Alameda22 ($34.35 in chips) 
Seat 2: skip821 ($24.55 in chips) 
Seat 3: Vegaskid71 ($13.55 in chips) 
Seat 4: Smokin DaveK ($53.30 in chips) 
Seat 5: littlecake11 ($20.50 in chips) 
Seat 6: Valezius ($4.90 in chips) 
Seat 8: jaydubya ($19.05 in chips) 
Seat 9: b jordan515 ($23.80 in chips) 
Vegaskid71: posts small blind $0.10
Smokin DaveK: posts big blind $0.25
*** HOLE CARDS ***
Dealt to Alameda22 [4s Jc]
littlecake11: folds 
Valezius: folds 
jaydubya: calls $0.25
b jordan515: folds 
Alameda22: folds 
skip821: folds 
Vegaskid71: folds 
Smokin DaveK: checks 
*** FLOP *** [Ks 5c Kd]
rastyrasty leaves the table
Smokin DaveK: checks 
jaydubya: checks 
*** TURN *** [Ks 5c Kd] [Qc]
Smokin DaveK: bets $0.50
jaydubya: calls $0.50
*** RIVER *** [Ks 5c Kd Qc] [8h]
Smokin DaveK: bets $0.75
jaydubya: raises $4 to $4.75
Smokin DaveK: calls $4
*** SHOW DOWN ***
jaydubya: shows [Kh Jd] (three of a kind, Kings)
Smokin DaveK: mucks hand 
jaydubya collected $10.55 from pot
*** SUMMARY ***
Total pot $11.10 | Rake $0.55 
Board [Ks 5c Kd Qc 8h]
Seat 1: Alameda22 folded before Flop (didn't bet)
Seat 2: skip821 (button) folded before Flop (didn't bet)
Seat 3: Vegaskid71 (small blind) folded before Flop
Seat 4: Smokin DaveK (big blind) mucked [5h 3h]
Seat 5: littlecake11 folded before Flop (didn't bet)
Seat 6: Valezius folded before Flop (didn't bet)
Seat 8: jaydubya showed [Kh Jd] and won ($10.55) with three of a kind, Kings
Seat 9: b jordan515 folded before Flop (didn't bet)



PokerStars Game #19924310930:  Hold'em No Limit ($0.10/$0.25) - 2008/08/26 - 20:19:32 (ET)
Table 'Russia II' 9-max Seat #3 is the button
Seat 1: Alameda22 ($34.35 in chips) 
Seat 2: skip821 ($24.55 in chips) 
Seat 3: Vegaskid71 ($13.45 in chips) 
Seat 4: Smokin DaveK ($47.80 in chips) 
Seat 5: littlecake11 ($20.50 in chips) 
Seat 6: Valezius ($4.90 in chips) 
Seat 8: jaydubya ($24.10 in chips) 
Seat 9: b jordan515 ($23.80 in chips) 
Smokin DaveK: posts small blind $0.10
littlecake11: posts big blind $0.25
*** HOLE CARDS ***
Dealt to Alameda22 [6h Qh]
Valezius: folds 
jaydubya: folds 
b jordan515: folds 
Alameda22: folds 
skip821: raises $0.75 to $1
Vegaskid71: folds 
Smokin DaveK: folds 
littlecake11: folds 
Uncalled bet ($0.75) returned to skip821
skip821 collected $0.60 from pot
*** SUMMARY ***
Total pot $0.60 | Rake $0 
Seat 1: Alameda22 folded before Flop (didn't bet)
Seat 2: skip821 collected ($0.60)
Seat 3: Vegaskid71 (button) folded before Flop (didn't bet)
Seat 4: Smokin DaveK (small blind) folded before Flop
Seat 5: littlecake11 (big blind) folded before Flop
Seat 6: Valezius folded before Flop (didn't bet)
Seat 8: jaydubya folded before Flop (didn't bet)
Seat 9: b jordan515 folded before Flop (didn't bet)



PokerStars Game #19924327285:  Hold'em No Limit ($0.10/$0.25) - 2008/08/26 - 20:20:15 (ET)
Table 'Russia II' 9-max Seat #4 is the button
Seat 1: Alameda22 ($34.35 in chips) 
Seat 2: skip821 ($24.90 in chips) 
Seat 3: Vegaskid71 ($13.45 in chips) 
Seat 4: Smokin DaveK ($47.70 in chips) 
Seat 5: littlecake11 ($20.25 in chips) 
Seat 6: Valezius ($4.90 in chips) 
Seat 8: jaydubya ($24.10 in chips) 
Seat 9: b jordan515 ($23.80 in chips) 
littlecake11: posts small blind $0.10
Valezius: posts big blind $0.25
*** HOLE CARDS ***
Dealt to Alameda22 [9c As]
jaydubya: folds 
b jordan515: folds 
Alameda22: folds 
skip821: folds 
Vegaskid71: folds 
Smokin DaveK: folds 
littlecake11: calls $0.15
Valezius: raises $1 to $1.25
littlecake11: raises $1 to $2.25
Valezius: raises $2.65 to $4.90 and is all-in
littlecake11: calls $2.65
*** FLOP *** [Ah Qs Ts]
*** TURN *** [Ah Qs Ts] [Tc]
*** RIVER *** [Ah Qs Ts Tc] [9h]
*** SHOW DOWN ***
littlecake11: shows [Ks Kh] (two pair, Kings and Tens)
Valezius: shows [Jc Ac] (two pair, Aces and Tens)
Valezius collected $9.35 from pot
*** SUMMARY ***
Total pot $9.80 | Rake $0.45 
Board [Ah Qs Ts Tc 9h]
Seat 1: Alameda22 folded before Flop (didn't bet)
Seat 2: skip821 folded before Flop (didn't bet)
Seat 3: Vegaskid71 folded before Flop (didn't bet)
Seat 4: Smokin DaveK (button) folded before Flop (didn't bet)
Seat 5: littlecake11 (small blind) showed [Ks Kh] and lost with two pair, Kings and Tens
Seat 6: Valezius (big blind) showed [Jc Ac] and won ($9.35) with two pair, Aces and Tens
Seat 8: jaydubya folded before Flop (didn't bet)
Seat 9: b jordan515 folded before Flop (didn't bet)



PokerStars Game #19924345639:  Hold'em No Limit ($0.10/$0.25) - 2008/08/26 - 20:21:03 (ET)
Table 'Russia II' 9-max Seat #5 is the button
Seat 1: Alameda22 ($34.35 in chips) 
Seat 2: skip821 ($24.90 in chips) 
Seat 3: Vegaskid71 ($13.45 in chips) 
Seat 4: Smokin DaveK ($47.70 in chips) 
Seat 5: littlecake11 ($15.35 in chips) 
Seat 6: Valezius ($9.35 in chips) 
Seat 8: jaydubya ($24.10 in chips) 
Seat 9: b jordan515 ($23.80 in chips) 
Valezius: posts small blind $0.10
jaydubya: posts big blind $0.25
*** HOLE CARDS ***
Dealt to Alameda22 [Jd 5h]
b jordan515: folds 
Alameda22: folds 
skip821: folds 
Vegaskid71: folds 
Smokin DaveK: folds 
littlecake11: folds 
Valezius: folds 
Uncalled bet ($0.15) returned to jaydubya
jaydubya collected $0.20 from pot
jaydubya: shows [2c As] (high card Ace)
*** SUMMARY ***
Total pot $0.20 | Rake $0 
Seat 1: Alameda22 folded before Flop (didn't bet)
Seat 2: skip821 folded before Flop (didn't bet)
Seat 3: Vegaskid71 folded before Flop (didn't bet)
Seat 4: Smokin DaveK folded before Flop (didn't bet)
Seat 5: littlecake11 (button) folded before Flop (didn't bet)
Seat 6: Valezius (small blind) folded before Flop
Seat 8: jaydubya (big blind) collected ($0.20)
Seat 9: b jordan515 folded before Flop (didn't bet)



PokerStars Game #19924360794:  Hold'em No Limit ($0.10/$0.25) - 2008/08/26 - 20:21:43 (ET)
Table 'Russia II' 9-max Seat #6 is the button
Seat 1: Alameda22 ($34.35 in chips) 
Seat 2: skip821 ($24.90 in chips) 
Seat 3: Vegaskid71 ($13.45 in chips) 
Seat 4: Smokin DaveK ($47.70 in chips) 
Seat 5: littlecake11 ($15.35 in chips) 
Seat 6: Valezius ($9.25 in chips) 
Seat 8: jaydubya ($24.20 in chips) 
Seat 9: b jordan515 ($23.80 in chips) 
jaydubya: posts small blind $0.10
b jordan515: posts big blind $0.25
*** HOLE CARDS ***
Dealt to Alameda22 [Jh Td]
Alameda22: folds 
skip821: folds 
Vegaskid71: folds 
Smokin DaveK: calls $0.25
littlecake11: folds 
Valezius: folds 
jaydubya: calls $0.15
b jordan515: checks 
*** FLOP *** [7s As 3d]
jaydubya: checks 
b jordan515: checks 
Smokin DaveK: checks 
*** TURN *** [7s As 3d] [8c]
jaydubya: checks 
b jordan515: bets $0.25
Smokin DaveK: calls $0.25
jaydubya: folds 
*** RIVER *** [7s As 3d 8c] [4d]
b jordan515: checks 
Smokin DaveK: checks 
*** SHOW DOWN ***
b jordan515: shows [3h 2c] (a pair of Threes)
Smokin DaveK: shows [Th 8h] (a pair of Eights)
Smokin DaveK collected $1.20 from pot
*** SUMMARY ***
Total pot $1.25 | Rake $0.05 
Board [7s As 3d 8c 4d]
Seat 1: Alameda22 folded before Flop (didn't bet)
Seat 2: skip821 folded before Flop (didn't bet)
Seat 3: Vegaskid71 folded before Flop (didn't bet)
Seat 4: Smokin DaveK showed [Th 8h] and won ($1.20) with a pair of Eights
Seat 5: littlecake11 folded before Flop (didn't bet)
Seat 6: Valezius (button) folded before Flop (didn't bet)
Seat 8: jaydubya (small blind) folded on the Turn
Seat 9: b jordan515 (big blind) showed [3h 2c] and lost with a pair of Threes



PokerStars Game #19924384946:  Hold'em No Limit ($0.10/$0.25) - 2008/08/26 - 20:22:47 (ET)
Table 'Russia II' 9-max Seat #8 is the button
Seat 1: Alameda22 ($34.35 in chips) 
Seat 2: skip821 ($24.90 in chips) 
Seat 3: Vegaskid71 ($13.45 in chips) 
Seat 4: Smokin DaveK ($48.40 in chips) 
Seat 5: littlecake11 ($15.35 in chips) 
Seat 6: Valezius ($9.25 in chips) 
Seat 8: jaydubya ($23.95 in chips) 
Seat 9: b jordan515 ($23.30 in chips) 
b jordan515: posts small blind $0.10
Alameda22: posts big blind $0.25
*** HOLE CARDS ***
Dealt to Alameda22 [3c 2d]
skip821: raises $0.75 to $1
Vegaskid71: folds 
Smokin DaveK: folds 
littlecake11: folds 
Valezius: folds 
jaydubya: folds 
b jordan515: folds 
Alameda22: folds 
Uncalled bet ($0.75) returned to skip821
skip821 collected $0.60 from pot
*** SUMMARY ***
Total pot $0.60 | Rake $0 
Seat 1: Alameda22 (big blind) folded before Flop
Seat 2: skip821 collected ($0.60)
Seat 3: Vegaskid71 folded before Flop (didn't bet)
Seat 4: Smokin DaveK folded before Flop (didn't bet)
Seat 5: littlecake11 folded before Flop (didn't bet)
Seat 6: Valezius folded before Flop (didn't bet)
Seat 8: jaydubya (button) folded before Flop (didn't bet)
Seat 9: b jordan515 (small blind) folded before Flop



PokerStars Game #19924400917:  Hold'em No Limit ($0.10/$0.25) - 2008/08/26 - 20:23:29 (ET)
Table 'Russia II' 9-max Seat #9 is the button
Seat 1: Alameda22 ($34.10 in chips) 
Seat 2: skip821 ($25.25 in chips) 
Seat 3: Vegaskid71 ($13.45 in chips) 
Seat 4: Smokin DaveK ($48.40 in chips) 
Seat 5: littlecake11 ($15.35 in chips) 
Seat 6: Valezius ($9.25 in chips) 
Seat 8: jaydubya ($23.95 in chips) 
Seat 9: b jordan515 ($23.20 in chips) 
Alameda22: posts small blind $0.10
skip821: posts big blind $0.25
*** HOLE CARDS ***
Dealt to Alameda22 [6d 3s]
Vegaskid71: folds 
Smokin DaveK: calls $0.25
littlecake11: folds 
Valezius: raises $1 to $1.25
jaydubya: folds 
b jordan515: folds 
Alameda22: folds 
skip821: folds 
Smokin DaveK: calls $1
*** FLOP *** [8c Ts Jh]
Smokin DaveK: checks 
Valezius: bets $1.70
Smokin DaveK: raises $3.30 to $5
Valezius: raises $3 to $8 and is all-in
Smokin DaveK: calls $3
*** TURN *** [8c Ts Jh] [8s]
*** RIVER *** [8c Ts Jh 8s] [4d]
*** SHOW DOWN ***
Smokin DaveK: shows [9d 7d] (a straight, Seven to Jack)
Valezius: mucks hand 
Smokin DaveK collected $17.95 from pot
*** SUMMARY ***
Total pot $18.85 | Rake $0.90 
Board [8c Ts Jh 8s 4d]
Seat 1: Alameda22 (small blind) folded before Flop
Seat 2: skip821 (big blind) folded before Flop
Seat 3: Vegaskid71 folded before Flop (didn't bet)
Seat 4: Smokin DaveK showed [9d 7d] and won ($17.95) with a straight, Seven to Jack
Seat 5: littlecake11 folded before Flop (didn't bet)
Seat 6: Valezius mucked [Kc Kh]
Seat 8: jaydubya folded before Flop (didn't bet)
Seat 9: b jordan515 (button) folded before Flop (didn't bet)



PokerStars Game #19924431579:  Hold'em No Limit ($0.10/$0.25) - 2008/08/26 - 20:24:49 (ET)
Table 'Russia II' 9-max Seat #1 is the button
Seat 1: Alameda22 ($34 in chips) 
Seat 2: skip821 ($25 in chips) 
Seat 3: Vegaskid71 ($13.45 in chips) 
Seat 4: Smokin DaveK ($57.10 in chips) 
Seat 5: littlecake11 ($15.35 in chips) 
Seat 8: jaydubya ($23.95 in chips) 
Seat 9: b jordan515 ($23.20 in chips) 
skip821: posts small blind $0.10
Vegaskid71: posts big blind $0.25
*** HOLE CARDS ***
Dealt to Alameda22 [9h 6c]
Valezius has returned
Smokin DaveK: calls $0.25
littlecake11: folds 
jaydubya: raises $1 to $1.25
b jordan515: folds 
b jordan515 leaves the table
Alameda22: folds 
skip821: folds 
Vegaskid71: folds 
Smokin DaveK: calls $1
*** FLOP *** [6h 3s 4s]
Smokin DaveK: checks 
jaydubya: bets $1
Smokin DaveK: folds 
Uncalled bet ($1) returned to jaydubya
jaydubya collected $2.75 from pot
jaydubya: doesn't show hand 
*** SUMMARY ***
Total pot $2.85 | Rake $0.10 
Board [6h 3s 4s]
Seat 1: Alameda22 (button) folded before Flop (didn't bet)
Seat 2: skip821 (small blind) folded before Flop
Seat 3: Vegaskid71 (big blind) folded before Flop
Seat 4: Smokin DaveK folded on the Flop
Seat 5: littlecake11 folded before Flop (didn't bet)
Seat 8: jaydubya collected ($2.75)
Seat 9: b jordan515 folded before Flop (didn't bet)



PokerStars Game #19924450696:  Hold'em No Limit ($0.10/$0.25) - 2008/08/26 - 20:25:40 (ET)
Table 'Russia II' 9-max Seat #2 is the button
Seat 1: Alameda22 ($34 in chips) 
Seat 2: skip821 ($24.90 in chips) 
Seat 3: Vegaskid71 ($13.20 in chips) 
Seat 4: Smokin DaveK ($55.85 in chips) 
Seat 5: littlecake11 ($15.35 in chips) 
Seat 6: Valezius ($5 in chips) 
Seat 8: jaydubya ($25.45 in chips) 
Vegaskid71: posts small blind $0.10
Smokin DaveK: posts big blind $0.25
*** HOLE CARDS ***
Dealt to Alameda22 [5d Qh]
littlecake11: calls $0.25
Valezius: raises $1 to $1.25
jaydubya: folds 
Alameda22: folds 
skip821: folds 
Vegaskid71: folds 
Smokin DaveK: calls $1
littlecake11: folds 
*** FLOP *** [Td 6h 5s]
Smokin DaveK: checks 
Valezius: bets $1.50
Smokin DaveK: calls $1.50
*** TURN *** [Td 6h 5s] [Kc]
Smokin DaveK: checks 
Valezius: checks 
*** RIVER *** [Td 6h 5s Kc] [4s]
Smokin DaveK: checks 
Valezius: checks 
*** SHOW DOWN ***
Smokin DaveK: shows [7s 6s] (a pair of Sixes)
Valezius: mucks hand 
Smokin DaveK collected $5.60 from pot
*** SUMMARY ***
Total pot $5.85 | Rake $0.25 
Board [Td 6h 5s Kc 4s]
Seat 1: Alameda22 folded before Flop (didn't bet)
Seat 2: skip821 (button) folded before Flop (didn't bet)
Seat 3: Vegaskid71 (small blind) folded before Flop
Seat 4: Smokin DaveK (big blind) showed [7s 6s] and won ($5.60) with a pair of Sixes
Seat 5: littlecake11 folded before Flop
Seat 6: Valezius mucked [As Qd]
Seat 8: jaydubya folded before Flop (didn't bet)



PokerStars Game #19924474519:  Hold'em No Limit ($0.10/$0.25) - 2008/08/26 - 20:26:43 (ET)
Table 'Russia II' 9-max Seat #3 is the button
Seat 1: Alameda22 ($34 in chips) 
Seat 2: skip821 ($24.90 in chips) 
Seat 3: Vegaskid71 ($13.10 in chips) 
Seat 4: Smokin DaveK ($58.70 in chips) 
Seat 5: littlecake11 ($15.10 in chips) 
Seat 6: Valezius ($2.25 in chips) 
Seat 8: jaydubya ($25.45 in chips) 
Smokin DaveK: posts small blind $0.10
littlecake11: posts big blind $0.25
*** HOLE CARDS ***
Dealt to Alameda22 [7h 7c]
Valezius: folds 
jaydubya: folds 
Alameda22: folds 
skip821: folds 
Vegaskid71: folds 
Smokin DaveK: folds 
Uncalled bet ($0.15) returned to littlecake11
littlecake11 collected $0.20 from pot
littlecake11: doesn't show hand 
*** SUMMARY ***
Total pot $0.20 | Rake $0 
Seat 1: Alameda22 folded before Flop (didn't bet)
Seat 2: skip821 folded before Flop (didn't bet)
Seat 3: Vegaskid71 (button) folded before Flop (didn't bet)
Seat 4: Smokin DaveK (small blind) folded before Flop
Seat 5: littlecake11 (big blind) collected ($0.20)
Seat 6: Valezius folded before Flop (didn't bet)
Seat 8: jaydubya folded before Flop (didn't bet)



PokerStars Game #19924486341:  Hold'em No Limit ($0.10/$0.25) - 2008/08/26 - 20:27:14 (ET)
Table 'Russia II' 9-max Seat #4 is the button
Seat 1: Alameda22 ($34 in chips) 
Seat 2: skip821 ($24.90 in chips) 
Seat 3: Vegaskid71 ($13.10 in chips) 
Seat 4: Smokin DaveK ($58.60 in chips) 
Seat 5: littlecake11 ($15.20 in chips) 
littlecake11: posts small blind $0.10
Valezius: is sitting out 
Valezius leaves the table
jaydubya: is sitting out 
Alameda22: posts big blind $0.25
*** HOLE CARDS ***
Dealt to Alameda22 [5s 7s]
jaydubya leaves the table
skip821: folds 
skip821 leaves the table
Vegaskid71: calls $0.25
Smokin DaveK: calls $0.25
littlecake11: calls $0.15
Alameda22: checks 
*** FLOP *** [Tc 2c 4c]
littlecake11: checks 
Alameda22: checks 
Vegaskid71: checks 
Smokin DaveK: checks 
*** TURN *** [Tc 2c 4c] [2h]
littlecake11: checks 
Alameda22: checks 
Vegaskid71: checks 
Smokin DaveK: checks 
*** RIVER *** [Tc 2c 4c 2h] [7c]
littlecake11: checks 
Alameda22: checks 
Vegaskid71: checks 
Smokin DaveK: checks 
*** SHOW DOWN ***
littlecake11: shows [Kh Qs] (a pair of Deuces)
Alameda22: shows [5s 7s] (two pair, Sevens and Deuces)
Vegaskid71: shows [8d 8c] (a flush, Ten high)
Smokin DaveK: mucks hand 
LakeElly joins the table at seat #6 
Vegaskid71 collected $0.95 from pot
*** SUMMARY ***
Total pot $1 | Rake $0.05 
Board [Tc 2c 4c 2h 7c]
Seat 1: Alameda22 (big blind) showed [5s 7s] and lost with two pair, Sevens and Deuces
Seat 2: skip821 folded before Flop (didn't bet)
Seat 3: Vegaskid71 showed [8d 8c] and won ($0.95) with a flush, Ten high
Seat 4: Smokin DaveK (button) mucked [Ah 9d]
Seat 5: littlecake11 (small blind) showed [Kh Qs] and lost with a pair of Deuces



PokerStars Game #19924511951:  Hold'em No Limit ($0.10/$0.25) - 2008/08/26 - 20:28:22 (ET)
Table 'Russia II' 9-max Seat #5 is the button
Seat 1: Alameda22 ($33.75 in chips) 
Seat 4: Smokin DaveK ($58.35 in chips) 
Seat 5: littlecake11 ($14.95 in chips) 
LakeElly will be allowed to play after the button
Alameda22: posts small blind $0.10
Vegaskid71: is sitting out 
Smokin DaveK: posts big blind $0.25
*** HOLE CARDS ***
Dealt to Alameda22 [6h Js]
Vegaskid71 leaves the table
littlecake11: calls $0.25
Alameda22: folds 
Smokin DaveK: checks 
*** FLOP *** [Ad 3h 7d]
turnbullm14 joins the table at seat #8 
Smokin DaveK: checks 
littlecake11: checks 
*** TURN *** [Ad 3h 7d] [Kd]
Smokin DaveK: bets $0.50
littlecake11: calls $0.50
*** RIVER *** [Ad 3h 7d Kd] [Qd]
Smokin DaveK: bets $0.50
littlecake11: folds 
Uncalled bet ($0.50) returned to Smokin DaveK
Smokin DaveK collected $1.55 from pot
*** SUMMARY ***
Total pot $1.60 | Rake $0.05 
Board [Ad 3h 7d Kd Qd]
Seat 1: Alameda22 (small blind) folded before Flop
Seat 4: Smokin DaveK (big blind) collected ($1.55)
Seat 5: littlecake11 (button) folded on the River



PokerStars Game #19924534540:  Hold'em No Limit ($0.10/$0.25) - 2008/08/26 - 20:29:21 (ET)
Table 'Russia II' 9-max Seat #1 is the button
Seat 1: Alameda22 ($33.65 in chips) 
Seat 4: Smokin DaveK ($59.15 in chips) 
Seat 5: littlecake11 ($14.20 in chips) 
Seat 6: LakeElly ($10 in chips) 
Seat 8: turnbullm14 ($5 in chips) 
Smokin DaveK: posts small blind $0.10
littlecake11: posts big blind $0.25
LakeElly: posts big blind $0.25
turnbullm14: posts big blind $0.25
*** HOLE CARDS ***
Dealt to Alameda22 [6d Qc]
moneyluv509 joins the table at seat #2 
LakeElly: checks 
turnbullm14: checks 
Alameda22: folds 
Smokin DaveK: calls $0.15
littlecake11: checks 
*** FLOP *** [Ks 2h 3h]
Smokin DaveK: checks 
littlecake11: checks 
LakeElly: checks 
turnbullm14: checks 
*** TURN *** [Ks 2h 3h] [2c]
Smokin DaveK: checks 
littlecake11: checks 
back2party joins the table at seat #7 
LakeElly: checks 
turnbullm14: checks 
*** RIVER *** [Ks 2h 3h 2c] [8d]
Smokin DaveK: bets $0.50
littlecake11: folds 
sid_3333 joins the table at seat #3 
LakeElly: calls $0.50
turnbullm14: folds 
*** SHOW DOWN ***
Smokin DaveK: shows [8h 9h] (two pair, Eights and Deuces)
LakeElly: shows [Qh 8s] (two pair, Eights and Deuces)
Smokin DaveK collected $1 from pot
LakeElly collected $0.95 from pot
turnbullm14 leaves the table
*** SUMMARY ***
Total pot $2 | Rake $0.05 
Board [Ks 2h 3h 2c 8d]
Seat 1: Alameda22 (button) folded before Flop (didn't bet)
Seat 4: Smokin DaveK (small blind) showed [8h 9h] and won ($1) with two pair, Eights and Deuces
Seat 5: littlecake11 (big blind) folded on the River
Seat 6: LakeElly showed [Qh 8s] and won ($0.95) with two pair, Eights and Deuces
Seat 8: turnbullm14 folded on the River



PokerStars Game #19924563540:  Hold'em No Limit ($0.10/$0.25) - 2008/08/26 - 20:30:39 (ET)
Table 'Russia II' 9-max Seat #4 is the button
Seat 1: Alameda22 ($33.65 in chips) 
Seat 2: moneyluv509 ($7 in chips) 
Seat 3: sid_3333 ($15 in chips) 
Seat 4: Smokin DaveK ($59.40 in chips) 
Seat 5: littlecake11 ($13.95 in chips) 
Seat 6: LakeElly ($10.20 in chips) 
Seat 7: back2party ($10 in chips) 
littlecake11: posts small blind $0.10
LakeElly: posts big blind $0.25
back2party: posts big blind $0.25
moneyluv509: posts big blind $0.25
sid_3333: posts big blind $0.25
*** HOLE CARDS ***
Dealt to Alameda22 [Qc Qs]
back2party: checks 
Alameda22: raises $1 to $1.25
moneyluv509: folds 
sid_3333: folds 
Smokin DaveK: calls $1.25
littlecake11: folds 
LakeElly: folds 
back2party: calls $1
*** FLOP *** [Ks Td 5h]
LakeElly leaves the table
back2party: bets $2
Alameda22: calls $2
Smokin DaveK: raises $2 to $4
back2party: raises $2 to $6
Alameda22: folds 
Smokin DaveK: calls $2
*** TURN *** [Ks Td 5h] [6c]
back2party: bets $2.75 and is all-in
Smokin DaveK: calls $2.75
*** RIVER *** [Ks Td 5h 6c] [8d]
*** SHOW DOWN ***
back2party: shows [Kc Ts] (two pair, Kings and Tens)
Smokin DaveK: mucks hand 
back2party collected $22.95 from pot
*** SUMMARY ***
Total pot $24.10 | Rake $1.15 
Board [Ks Td 5h 6c 8d]
Seat 1: Alameda22 folded on the Flop
Seat 2: moneyluv509 folded before Flop
Seat 3: sid_3333 folded before Flop
Seat 4: Smokin DaveK (button) mucked [Jh Kd]
Seat 5: littlecake11 (small blind) folded before Flop
Seat 6: LakeElly (big blind) folded before Flop
Seat 7: back2party showed [Kc Ts] and won ($22.95) with two pair, Kings and Tens



PokerStars Game #19924598338:  Hold'em No Limit ($0.10/$0.25) - 2008/08/26 - 20:32:08 (ET)
Table 'Russia II' 9-max Seat #5 is the button
Seat 1: Alameda22 ($30.40 in chips) 
Seat 2: moneyluv509 ($6.75 in chips) 
Seat 3: sid_3333 ($14.75 in chips) 
Seat 4: Smokin DaveK ($49.40 in chips) 
Seat 5: littlecake11 ($13.85 in chips) 
Seat 7: back2party ($22.95 in chips) 
back2party: posts small blind $0.10
Alameda22: posts big blind $0.25
*** HOLE CARDS ***
Dealt to Alameda22 [Td 4h]
moneyluv509: folds 
sid_3333: folds 
Smokin DaveK: folds 
littlecake11: folds 
back2party: calls $0.15
Alameda22: checks 
*** FLOP *** [2d Ah Ac]
back2party: bets $0.25
Alameda22: folds 
Uncalled bet ($0.25) returned to back2party
back2party collected $0.50 from pot
back2party: shows [Ts 2h] (two pair, Aces and Deuces)
back2party is sitting out
*** SUMMARY ***
Total pot $0.50 | Rake $0 
Board [2d Ah Ac]
Seat 1: Alameda22 (big blind) folded on the Flop
Seat 2: moneyluv509 folded before Flop (didn't bet)
Seat 3: sid_3333 folded before Flop (didn't bet)
Seat 4: Smokin DaveK folded before Flop (didn't bet)
Seat 5: littlecake11 (button) folded before Flop (didn't bet)
Seat 7: back2party (small blind) collected ($0.50)



PokerStars Game #19924612632:  Hold'em No Limit ($0.10/$0.25) - 2008/08/26 - 20:32:44 (ET)
Table 'Russia II' 9-max Seat #1 is the button
Seat 1: Alameda22 ($30.15 in chips) 
Seat 2: moneyluv509 ($6.75 in chips) 
Seat 3: sid_3333 ($14.75 in chips) 
Seat 4: Smokin DaveK ($49.40 in chips) 
Seat 5: littlecake11 ($13.85 in chips) 
moneyluv509: posts small blind $0.10
back2party leaves the table
sid_3333: posts big blind $0.25
*** HOLE CARDS ***
Dealt to Alameda22 [Qh As]
Smokin DaveK: calls $0.25
littlecake11: folds 
Alameda22: raises $0.75 to $1
moneyluv509: calls $0.90
sid_3333: folds 
Smokin DaveK: raises $0.75 to $1.75
Alameda22: calls $0.75
moneyluv509: calls $0.75
*** FLOP *** [6d 4h 3d]
moneyluv509: checks 
Smokin DaveK: checks 
Alameda22: checks 
*** TURN *** [6d 4h 3d] [9h]
moneyluv509: checks 
Smokin DaveK: checks 
Alameda22: checks 
*** RIVER *** [6d 4h 3d 9h] [Js]
moneyluv509: checks 
Smokin DaveK: checks 
Alameda22: checks 
*** SHOW DOWN ***
moneyluv509: shows [2s Ad] (high card Ace)
Smokin DaveK: shows [Ks Ac] (high card Ace - King kicker)
Alameda22: mucks hand 
Smokin DaveK collected $5.25 from pot
*** SUMMARY ***
Total pot $5.50 | Rake $0.25 
Board [6d 4h 3d 9h Js]
Seat 1: Alameda22 (button) mucked [Qh As]
Seat 2: moneyluv509 (small blind) showed [2s Ad] and lost with high card Ace
Seat 3: sid_3333 (big blind) folded before Flop
Seat 4: Smokin DaveK showed [Ks Ac] and won ($5.25) with high card Ace
Seat 5: littlecake11 folded before Flop (didn't bet)



