PokerStars Game #20082123750:  Hold'em No Limit ($0.10/$0.25) - 2008/09/01 - 23:35:47 (ET)
Table 'Lugduna' 9-max Seat #4 is the button
Seat 2: FARPCOL ($25.75 in chips) 
Seat 3: bamabacker ($17.60 in chips) 
Seat 4: gbmskk ($14.50 in chips) 
Seat 5: Law_man_Luke ($31.80 in chips) 
Seat 6: Alameda22 ($25 in chips) 
Seat 7: bluecuracao2 ($26.35 in chips) 
Seat 9: checkvan ($10.65 in chips) 
Law_man_Luke: posts small blind $0.10
Alameda22: posts big blind $0.25
*** HOLE CARDS ***
Dealt to Alameda22 [7s 9d]
bluecuracao2: folds 
checkvan: folds 
checkvan leaves the table
FARPCOL: folds 
bamabacker: folds 
gbmskk: folds 
Law_man_Luke: calls $0.15
mg021 has returned
Alameda22: checks 
*** FLOP *** [Ad Qh 8s]
Law_man_Luke: bets $0.50
Alameda22: folds 
Uncalled bet ($0.50) returned to Law_man_Luke
Dankgrundle joins the table at seat #9 
Law_man_Luke collected $0.50 from pot
Law_man_Luke: doesn't show hand 
*** SUMMARY ***
Total pot $0.50 | Rake $0 
Board [Ad Qh 8s]
Seat 2: FARPCOL folded before Flop (didn't bet)
Seat 3: bamabacker folded before Flop (didn't bet)
Seat 4: gbmskk (button) folded before Flop (didn't bet)
Seat 5: Law_man_Luke (small blind) collected ($0.50)
Seat 6: Alameda22 (big blind) folded on the Flop
Seat 7: bluecuracao2 folded before Flop (didn't bet)
Seat 9: checkvan folded before Flop (didn't bet)



PokerStars Game #20082142829:  Hold'em No Limit ($0.10/$0.25) - 2008/09/01 - 23:36:47 (ET)
Table 'Lugduna' 9-max Seat #5 is the button
Seat 1: mg021 ($13.45 in chips) 
Seat 2: FARPCOL ($25.75 in chips) 
Seat 3: bamabacker ($17.60 in chips) 
Seat 4: gbmskk ($14.50 in chips) 
Seat 5: Law_man_Luke ($32.05 in chips) 
Seat 6: Alameda22 ($24.75 in chips) 
Seat 7: bluecuracao2 ($26.35 in chips) 
Alameda22: posts small blind $0.10
bluecuracao2: posts big blind $0.25
Dankgrundle: sits out 
*** HOLE CARDS ***
Dealt to Alameda22 [Ks 5h]
mg021: calls $0.25
FARPCOL: folds 
bamabacker: folds 
gbmskk: folds 
Law_man_Luke: folds 
Alameda22: folds 
bluecuracao2: checks 
*** FLOP *** [Jh 3s 6h]
bluecuracao2: checks 
mg021: checks 
*** TURN *** [Jh 3s 6h] [2s]
bluecuracao2: bets $0.50
mg021: folds 
Uncalled bet ($0.50) returned to bluecuracao2
lindsaygirl has returned
bluecuracao2 collected $0.60 from pot
bluecuracao2: doesn't show hand 
*** SUMMARY ***
Total pot $0.60 | Rake $0 
Board [Jh 3s 6h 2s]
Seat 1: mg021 folded on the Turn
Seat 2: FARPCOL folded before Flop (didn't bet)
Seat 3: bamabacker folded before Flop (didn't bet)
Seat 4: gbmskk folded before Flop (didn't bet)
Seat 5: Law_man_Luke (button) folded before Flop (didn't bet)
Seat 6: Alameda22 (small blind) folded before Flop
Seat 7: bluecuracao2 (big blind) collected ($0.60)



PokerStars Game #20082157283:  Hold'em No Limit ($0.10/$0.25) - 2008/09/01 - 23:37:33 (ET)
Table 'Lugduna' 9-max Seat #6 is the button
Seat 1: mg021 ($13.20 in chips) 
Seat 2: FARPCOL ($25.75 in chips) 
Seat 3: bamabacker ($17.60 in chips) 
Seat 4: gbmskk ($14.50 in chips) 
Seat 5: Law_man_Luke ($32.05 in chips) 
Seat 6: Alameda22 ($24.65 in chips) 
Seat 7: bluecuracao2 ($26.70 in chips) 
Seat 8: lindsaygirl ($20.90 in chips) 
bluecuracao2: posts small blind $0.10
lindsaygirl: posts big blind $0.25
Dankgrundle: sits out 
*** HOLE CARDS ***
Dealt to Alameda22 [8d 9h]
mg021: folds 
FARPCOL: folds 
bamabacker: raises $0.75 to $1
gbmskk: calls $1
Law_man_Luke: folds 
Alameda22: folds 
bluecuracao2: folds 
lindsaygirl: calls $0.75
*** FLOP *** [Jc 8s Tc]
lindsaygirl: bets $2
bamabacker: calls $2
gbmskk: folds 
*** TURN *** [Jc 8s Tc] [2d]
lindsaygirl: bets $6.25
bamabacker: calls $6.25
*** RIVER *** [Jc 8s Tc 2d] [3h]
lindsaygirl: bets $9.75
bamabacker: calls $8.35 and is all-in
Uncalled bet ($1.40) returned to lindsaygirl
*** SHOW DOWN ***
lindsaygirl: shows [Th Jd] (two pair, Jacks and Tens)
bamabacker: mucks hand 
lindsaygirl collected $34.55 from pot
*** SUMMARY ***
Total pot $36.30 | Rake $1.75 
Board [Jc 8s Tc 2d 3h]
Seat 1: mg021 folded before Flop (didn't bet)
Seat 2: FARPCOL folded before Flop (didn't bet)
Seat 3: bamabacker mucked [Ah Ac]
Seat 4: gbmskk folded on the Flop
Seat 5: Law_man_Luke folded before Flop (didn't bet)
Seat 6: Alameda22 (button) folded before Flop (didn't bet)
Seat 7: bluecuracao2 (small blind) folded before Flop
Seat 8: lindsaygirl (big blind) showed [Th Jd] and won ($34.55) with two pair, Jacks and Tens



PokerStars Game #20082178650:  Hold'em No Limit ($0.10/$0.25) - 2008/09/01 - 23:38:41 (ET)
Table 'Lugduna' 9-max Seat #7 is the button
Seat 1: mg021 ($13.20 in chips) 
Seat 2: FARPCOL ($25.75 in chips) 
Seat 3: bamabacker ($5 in chips) 
Seat 4: gbmskk ($13.50 in chips) 
Seat 5: Law_man_Luke ($32.05 in chips) 
Seat 6: Alameda22 ($24.65 in chips) 
Seat 7: bluecuracao2 ($26.60 in chips) 
Seat 8: lindsaygirl ($37.85 in chips) 
Seat 9: Dankgrundle ($25 in chips) 
lindsaygirl: posts small blind $0.10
Dankgrundle: posts big blind $0.25
*** HOLE CARDS ***
Dealt to Alameda22 [8s 5d]
mg021: folds 
FARPCOL: folds 
bamabacker: folds 
bamabacker leaves the table
gbmskk: folds 
Law_man_Luke: folds 
Alameda22: folds 
bluecuracao2: folds 
lindsaygirl: calls $0.15
Dankgrundle: checks 
*** FLOP *** [Js Kd 9s]
lindsaygirl: checks 
Dankgrundle: checks 
*** TURN *** [Js Kd 9s] [Jd]
lindsaygirl: checks 
Dankgrundle: checks 
*** RIVER *** [Js Kd 9s Jd] [6s]
lindsaygirl: checks 
Dankgrundle: checks 
*** SHOW DOWN ***
lindsaygirl: shows [5c As] (a pair of Jacks)
Dankgrundle: shows [8c Ah] (a pair of Jacks)
lindsaygirl collected $0.25 from pot
Dankgrundle collected $0.25 from pot
*** SUMMARY ***
Total pot $0.50 | Rake $0 
Board [Js Kd 9s Jd 6s]
Seat 1: mg021 folded before Flop (didn't bet)
Seat 2: FARPCOL folded before Flop (didn't bet)
Seat 3: bamabacker folded before Flop (didn't bet)
Seat 4: gbmskk folded before Flop (didn't bet)
Seat 5: Law_man_Luke folded before Flop (didn't bet)
Seat 6: Alameda22 folded before Flop (didn't bet)
Seat 7: bluecuracao2 (button) folded before Flop (didn't bet)
Seat 8: lindsaygirl (small blind) showed [5c As] and won ($0.25) with a pair of Jacks
Seat 9: Dankgrundle (big blind) showed [8c Ah] and won ($0.25) with a pair of Jacks



PokerStars Game #20082206317:  Hold'em No Limit ($0.10/$0.25) - 2008/09/01 - 23:40:09 (ET)
Table 'Lugduna' 9-max Seat #8 is the button
Seat 1: mg021 ($13.20 in chips) 
Seat 2: FARPCOL ($25.75 in chips) 
Seat 4: gbmskk ($13.50 in chips) 
Seat 5: Law_man_Luke ($32.05 in chips) 
Seat 6: Alameda22 ($24.65 in chips) 
Seat 7: bluecuracao2 ($26.60 in chips) 
Seat 8: lindsaygirl ($37.85 in chips) 
Seat 9: Dankgrundle ($25 in chips) 
Dankgrundle: posts small blind $0.10
mg021: posts big blind $0.25
*** HOLE CARDS ***
Dealt to Alameda22 [3c Qs]
FARPCOL: folds 
gbmskk: raises $0.50 to $0.75
szil79 joins the table at seat #3 
Law_man_Luke: calls $0.75
Alameda22: folds 
bluecuracao2: folds 
lindsaygirl: folds 
Dankgrundle: calls $0.65
mg021: folds 
*** FLOP *** [9h 3d Ts]
Dankgrundle: checks 
gbmskk: bets $1.25
Law_man_Luke: calls $1.25
Dankgrundle: folds 
*** TURN *** [9h 3d Ts] [7d]
gbmskk: bets $3.50
Law_man_Luke: calls $3.50
*** RIVER *** [9h 3d Ts 7d] [Kc]
gbmskk: bets $8 and is all-in
Law_man_Luke: calls $8
*** SHOW DOWN ***
gbmskk: shows [Kh Ks] (three of a kind, Kings)
Law_man_Luke: mucks hand 
gbmskk collected $26.65 from pot
*** SUMMARY ***
Total pot $28 | Rake $1.35 
Board [9h 3d Ts 7d Kc]
Seat 1: mg021 (big blind) folded before Flop
Seat 2: FARPCOL folded before Flop (didn't bet)
Seat 4: gbmskk showed [Kh Ks] and won ($26.65) with three of a kind, Kings
Seat 5: Law_man_Luke mucked [Tc Qd]
Seat 6: Alameda22 folded before Flop (didn't bet)
Seat 7: bluecuracao2 folded before Flop (didn't bet)
Seat 8: lindsaygirl (button) folded before Flop (didn't bet)
Seat 9: Dankgrundle (small blind) folded on the Flop



PokerStars Game #20082228895:  Hold'em No Limit ($0.10/$0.25) - 2008/09/01 - 23:41:22 (ET)
Table 'Lugduna' 9-max Seat #9 is the button
Seat 1: mg021 ($12.95 in chips) 
Seat 2: FARPCOL ($25.75 in chips) 
Seat 4: gbmskk ($26.65 in chips) 
Seat 5: Law_man_Luke ($18.55 in chips) 
Seat 6: Alameda22 ($24.65 in chips) 
Seat 7: bluecuracao2 ($26.60 in chips) 
Seat 8: lindsaygirl ($37.85 in chips) 
Seat 9: Dankgrundle ($24.25 in chips) 
mg021: posts small blind $0.10
FARPCOL: posts big blind $0.25
szil79: sits out 
*** HOLE CARDS ***
Dealt to Alameda22 [Qd 7h]
gbmskk: folds 
Law_man_Luke: calls $0.25
Alameda22: folds 
bluecuracao2: folds 
lindsaygirl: folds 
Dankgrundle: folds 
mg021: folds 
FARPCOL: checks 
*** FLOP *** [5s Td 3s]
FARPCOL: checks 
Law_man_Luke: bets $0.25
FARPCOL: calls $0.25
*** TURN *** [5s Td 3s] [4s]
FARPCOL: checks 
Law_man_Luke: checks 
*** RIVER *** [5s Td 3s 4s] [5c]
FARPCOL: bets $1
Law_man_Luke: raises $2 to $3
FARPCOL: calls $2
*** SHOW DOWN ***
Law_man_Luke: shows [As 6s] (a flush, Ace high)
FARPCOL: mucks hand 
Law_man_Luke collected $6.75 from pot
*** SUMMARY ***
Total pot $7.10 | Rake $0.35 
Board [5s Td 3s 4s 5c]
Seat 1: mg021 (small blind) folded before Flop
Seat 2: FARPCOL (big blind) mucked [Ks 9s]
Seat 4: gbmskk folded before Flop (didn't bet)
Seat 5: Law_man_Luke showed [As 6s] and won ($6.75) with a flush, Ace high
Seat 6: Alameda22 folded before Flop (didn't bet)
Seat 7: bluecuracao2 folded before Flop (didn't bet)
Seat 8: lindsaygirl folded before Flop (didn't bet)
Seat 9: Dankgrundle (button) folded before Flop (didn't bet)



PokerStars Game #20082255829:  Hold'em No Limit ($0.10/$0.25) - 2008/09/01 - 23:42:49 (ET)
Table 'Lugduna' 9-max Seat #1 is the button
Seat 1: mg021 ($12.85 in chips) 
Seat 2: FARPCOL ($25 in chips) 
Seat 3: szil79 ($25 in chips) 
Seat 4: gbmskk ($26.65 in chips) 
Seat 5: Law_man_Luke ($21.80 in chips) 
Seat 6: Alameda22 ($24.65 in chips) 
Seat 7: bluecuracao2 ($26.60 in chips) 
Seat 8: lindsaygirl ($37.85 in chips) 
Seat 9: Dankgrundle ($24.25 in chips) 
FARPCOL: posts small blind $0.10
szil79: posts big blind $0.25
*** HOLE CARDS ***
Dealt to Alameda22 [2s 9d]
gbmskk: folds 
Law_man_Luke: calls $0.25
Alameda22: folds 
bluecuracao2: folds 
lindsaygirl: folds 
Dankgrundle: folds 
mg021: folds 
FARPCOL: folds 
szil79: raises $1 to $1.25
Law_man_Luke: folds 
Uncalled bet ($1) returned to szil79
szil79 collected $0.60 from pot
szil79: doesn't show hand 
*** SUMMARY ***
Total pot $0.60 | Rake $0 
Seat 1: mg021 (button) folded before Flop (didn't bet)
Seat 2: FARPCOL (small blind) folded before Flop
Seat 3: szil79 (big blind) collected ($0.60)
Seat 4: gbmskk folded before Flop (didn't bet)
Seat 5: Law_man_Luke folded before Flop
Seat 6: Alameda22 folded before Flop (didn't bet)
Seat 7: bluecuracao2 folded before Flop (didn't bet)
Seat 8: lindsaygirl folded before Flop (didn't bet)
Seat 9: Dankgrundle folded before Flop (didn't bet)



PokerStars Game #20082273758:  Hold'em No Limit ($0.10/$0.25) - 2008/09/01 - 23:43:47 (ET)
Table 'Lugduna' 9-max Seat #2 is the button
Seat 1: mg021 ($12.85 in chips) 
Seat 2: FARPCOL ($24.90 in chips) 
Seat 3: szil79 ($25.35 in chips) 
Seat 4: gbmskk ($26.65 in chips) 
Seat 5: Law_man_Luke ($21.55 in chips) 
Seat 6: Alameda22 ($24.65 in chips) 
Seat 7: bluecuracao2 ($26.60 in chips) 
Seat 8: lindsaygirl ($37.85 in chips) 
Seat 9: Dankgrundle ($24.25 in chips) 
szil79: posts small blind $0.10
gbmskk: posts big blind $0.25
*** HOLE CARDS ***
Dealt to Alameda22 [3c 6s]
Law_man_Luke: folds 
Alameda22: folds 
bluecuracao2: folds 
lindsaygirl: folds 
Dankgrundle: folds 
mg021: folds 
FARPCOL: folds 
szil79: raises $0.75 to $1
gbmskk: folds 
Uncalled bet ($0.75) returned to szil79
szil79 collected $0.50 from pot
szil79: doesn't show hand 
*** SUMMARY ***
Total pot $0.50 | Rake $0 
Seat 1: mg021 folded before Flop (didn't bet)
Seat 2: FARPCOL (button) folded before Flop (didn't bet)
Seat 3: szil79 (small blind) collected ($0.50)
Seat 4: gbmskk (big blind) folded before Flop
Seat 5: Law_man_Luke folded before Flop (didn't bet)
Seat 6: Alameda22 folded before Flop (didn't bet)
Seat 7: bluecuracao2 folded before Flop (didn't bet)
Seat 8: lindsaygirl folded before Flop (didn't bet)
Seat 9: Dankgrundle folded before Flop (didn't bet)



PokerStars Game #20082292455:  Hold'em No Limit ($0.10/$0.25) - 2008/09/01 - 23:44:49 (ET)
Table 'Lugduna' 9-max Seat #3 is the button
Seat 1: mg021 ($12.85 in chips) 
Seat 2: FARPCOL ($24.90 in chips) 
Seat 3: szil79 ($25.60 in chips) 
Seat 4: gbmskk ($26.40 in chips) 
Seat 5: Law_man_Luke ($21.55 in chips) 
Seat 6: Alameda22 ($24.65 in chips) 
Seat 7: bluecuracao2 ($26.60 in chips) 
Seat 8: lindsaygirl ($37.85 in chips) 
Seat 9: Dankgrundle ($24.25 in chips) 
gbmskk: posts small blind $0.10
Law_man_Luke: posts big blind $0.25
*** HOLE CARDS ***
Dealt to Alameda22 [4d Ah]
Alameda22: folds 
bluecuracao2: folds 
lindsaygirl: folds 
Dankgrundle: folds 
mg021: folds 
FARPCOL: raises $0.75 to $1
szil79: folds 
gbmskk: folds 
Law_man_Luke: calls $0.75
*** FLOP *** [2h 8h Kd]
Law_man_Luke: checks 
FARPCOL: bets $1.75
Law_man_Luke: folds 
Uncalled bet ($1.75) returned to FARPCOL
FARPCOL collected $2 from pot
FARPCOL: doesn't show hand 
*** SUMMARY ***
Total pot $2.10 | Rake $0.10 
Board [2h 8h Kd]
Seat 1: mg021 folded before Flop (didn't bet)
Seat 2: FARPCOL collected ($2)
Seat 3: szil79 (button) folded before Flop (didn't bet)
Seat 4: gbmskk (small blind) folded before Flop
Seat 5: Law_man_Luke (big blind) folded on the Flop
Seat 6: Alameda22 folded before Flop (didn't bet)
Seat 7: bluecuracao2 folded before Flop (didn't bet)
Seat 8: lindsaygirl folded before Flop (didn't bet)
Seat 9: Dankgrundle folded before Flop (didn't bet)



PokerStars Game #20082302988:  Hold'em No Limit ($0.10/$0.25) - 2008/09/01 - 23:45:24 (ET)
Table 'Lugduna' 9-max Seat #4 is the button
Seat 1: mg021 ($12.85 in chips) 
Seat 2: FARPCOL ($25.90 in chips) 
Seat 3: szil79 ($25.60 in chips) 
Seat 4: gbmskk ($26.30 in chips) 
Seat 5: Law_man_Luke ($20.55 in chips) 
Seat 6: Alameda22 ($24.65 in chips) 
Seat 7: bluecuracao2 ($26.60 in chips) 
Seat 8: lindsaygirl ($37.85 in chips) 
Seat 9: Dankgrundle ($24.25 in chips) 
Law_man_Luke: posts small blind $0.10
Alameda22: posts big blind $0.25
*** HOLE CARDS ***
Dealt to Alameda22 [7d 5d]
bluecuracao2: folds 
lindsaygirl: folds 
Dankgrundle: raises $0.75 to $1
mg021: folds 
FARPCOL: folds 
szil79: folds 
gbmskk: folds 
Law_man_Luke: folds 
Alameda22: folds 
Uncalled bet ($0.75) returned to Dankgrundle
Dankgrundle collected $0.60 from pot
*** SUMMARY ***
Total pot $0.60 | Rake $0 
Seat 1: mg021 folded before Flop (didn't bet)
Seat 2: FARPCOL folded before Flop (didn't bet)
Seat 3: szil79 folded before Flop (didn't bet)
Seat 4: gbmskk (button) folded before Flop (didn't bet)
Seat 5: Law_man_Luke (small blind) folded before Flop
Seat 6: Alameda22 (big blind) folded before Flop
Seat 7: bluecuracao2 folded before Flop (didn't bet)
Seat 8: lindsaygirl folded before Flop (didn't bet)
Seat 9: Dankgrundle collected ($0.60)



PokerStars Game #20082314508:  Hold'em No Limit ($0.10/$0.25) - 2008/09/01 - 23:46:02 (ET)
Table 'Lugduna' 9-max Seat #5 is the button
Seat 1: mg021 ($12.85 in chips) 
Seat 2: FARPCOL ($25.90 in chips) 
Seat 3: szil79 ($25.60 in chips) 
Seat 4: gbmskk ($26.30 in chips) 
Seat 5: Law_man_Luke ($20.45 in chips) 
Seat 6: Alameda22 ($24.40 in chips) 
Seat 7: bluecuracao2 ($26.60 in chips) 
Seat 8: lindsaygirl ($37.85 in chips) 
Seat 9: Dankgrundle ($24.60 in chips) 
Alameda22: posts small blind $0.10
bluecuracao2: posts big blind $0.25
*** HOLE CARDS ***
Dealt to Alameda22 [Qs 5c]
lindsaygirl: raises $0.75 to $1
Dankgrundle: folds 
mg021: folds 
FARPCOL: folds 
szil79: folds 
gbmskk: folds 
Law_man_Luke: folds 
Alameda22: folds 
bluecuracao2: folds 
Uncalled bet ($0.75) returned to lindsaygirl
lindsaygirl collected $0.60 from pot
*** SUMMARY ***
Total pot $0.60 | Rake $0 
Seat 1: mg021 folded before Flop (didn't bet)
Seat 2: FARPCOL folded before Flop (didn't bet)
Seat 3: szil79 folded before Flop (didn't bet)
Seat 4: gbmskk folded before Flop (didn't bet)
Seat 5: Law_man_Luke (button) folded before Flop (didn't bet)
Seat 6: Alameda22 (small blind) folded before Flop
Seat 7: bluecuracao2 (big blind) folded before Flop
Seat 8: lindsaygirl collected ($0.60)
Seat 9: Dankgrundle folded before Flop (didn't bet)



PokerStars Game #20082329109:  Hold'em No Limit ($0.10/$0.25) - 2008/09/01 - 23:46:50 (ET)
Table 'Lugduna' 9-max Seat #6 is the button
Seat 1: mg021 ($12.85 in chips) 
Seat 2: FARPCOL ($25.90 in chips) 
Seat 3: szil79 ($25.60 in chips) 
Seat 4: gbmskk ($26.30 in chips) 
Seat 5: Law_man_Luke ($20.45 in chips) 
Seat 6: Alameda22 ($24.30 in chips) 
Seat 7: bluecuracao2 ($26.35 in chips) 
Seat 8: lindsaygirl ($38.20 in chips) 
Seat 9: Dankgrundle ($24.60 in chips) 
bluecuracao2: posts small blind $0.10
lindsaygirl: posts big blind $0.25
*** HOLE CARDS ***
Dealt to Alameda22 [As Kh]
Dankgrundle: folds 
mg021: folds 
FARPCOL: folds 
szil79: folds 
gbmskk: folds 
Law_man_Luke: raises $0.75 to $1
Alameda22: calls $1
bluecuracao2: folds 
lindsaygirl: folds 
*** FLOP *** [2d Ac 7h]
Law_man_Luke: bets $1.75
Alameda22: calls $1.75
*** TURN *** [2d Ac 7h] [4s]
Law_man_Luke: bets $4
Alameda22: calls $4
*** RIVER *** [2d Ac 7h 4s] [Jd]
Law_man_Luke: checks 
Alameda22: bets $8
Law_man_Luke: folds 
Uncalled bet ($8) returned to Alameda22
Alameda22 collected $13.20 from pot
Alameda22: doesn't show hand 
*** SUMMARY ***
Total pot $13.85 | Rake $0.65 
Board [2d Ac 7h 4s Jd]
Seat 1: mg021 folded before Flop (didn't bet)
Seat 2: FARPCOL folded before Flop (didn't bet)
Seat 3: szil79 folded before Flop (didn't bet)
Seat 4: gbmskk folded before Flop (didn't bet)
Seat 5: Law_man_Luke folded on the River
Seat 6: Alameda22 (button) collected ($13.20)
Seat 7: bluecuracao2 (small blind) folded before Flop
Seat 8: lindsaygirl (big blind) folded before Flop
Seat 9: Dankgrundle folded before Flop (didn't bet)



PokerStars Game #20082360819:  Hold'em No Limit ($0.10/$0.25) - 2008/09/01 - 23:48:36 (ET)
Table 'Lugduna' 9-max Seat #7 is the button
Seat 1: mg021 ($12.85 in chips) 
Seat 2: FARPCOL ($25.90 in chips) 
Seat 3: szil79 ($25.60 in chips) 
Seat 4: gbmskk ($26.30 in chips) 
Seat 5: Law_man_Luke ($13.70 in chips) 
Seat 6: Alameda22 ($30.75 in chips) 
Seat 7: bluecuracao2 ($26.25 in chips) 
Seat 8: lindsaygirl ($37.95 in chips) 
Seat 9: Dankgrundle ($24.60 in chips) 
lindsaygirl: posts small blind $0.10
Dankgrundle: posts big blind $0.25
*** HOLE CARDS ***
Dealt to Alameda22 [7c 6h]
mg021: folds 
FARPCOL: folds 
szil79: calls $0.25
gbmskk: folds 
Law_man_Luke: folds 
Alameda22: folds 
bluecuracao2: folds 
lindsaygirl: calls $0.15
Dankgrundle: checks 
*** FLOP *** [2s Jd 7s]
lindsaygirl: checks 
Dankgrundle: bets $0.50
szil79: folds 
lindsaygirl: folds 
Uncalled bet ($0.50) returned to Dankgrundle
Dankgrundle collected $0.75 from pot
Dankgrundle: doesn't show hand 
*** SUMMARY ***
Total pot $0.75 | Rake $0 
Board [2s Jd 7s]
Seat 1: mg021 folded before Flop (didn't bet)
Seat 2: FARPCOL folded before Flop (didn't bet)
Seat 3: szil79 folded on the Flop
Seat 4: gbmskk folded before Flop (didn't bet)
Seat 5: Law_man_Luke folded before Flop (didn't bet)
Seat 6: Alameda22 folded before Flop (didn't bet)
Seat 7: bluecuracao2 (button) folded before Flop (didn't bet)
Seat 8: lindsaygirl (small blind) folded on the Flop
Seat 9: Dankgrundle (big blind) collected ($0.75)



PokerStars Game #20082374068:  Hold'em No Limit ($0.10/$0.25) - 2008/09/01 - 23:49:21 (ET)
Table 'Lugduna' 9-max Seat #8 is the button
Seat 1: mg021 ($12.85 in chips) 
Seat 2: FARPCOL ($25.90 in chips) 
Seat 3: szil79 ($25.35 in chips) 
Seat 4: gbmskk ($26.30 in chips) 
Seat 5: Law_man_Luke ($13.70 in chips) 
Seat 6: Alameda22 ($30.75 in chips) 
Seat 7: bluecuracao2 ($26.25 in chips) 
Seat 8: lindsaygirl ($37.70 in chips) 
Seat 9: Dankgrundle ($25.10 in chips) 
Dankgrundle: posts small blind $0.10
mg021: posts big blind $0.25
*** HOLE CARDS ***
Dealt to Alameda22 [3d 2d]
FARPCOL: folds 
szil79: folds 
gbmskk: folds 
Law_man_Luke: folds 
Alameda22: folds 
bluecuracao2: folds 
lindsaygirl: folds 
Dankgrundle: folds 
Uncalled bet ($0.15) returned to mg021
mg021 collected $0.20 from pot
*** SUMMARY ***
Total pot $0.20 | Rake $0 
Seat 1: mg021 (big blind) collected ($0.20)
Seat 2: FARPCOL folded before Flop (didn't bet)
Seat 3: szil79 folded before Flop (didn't bet)
Seat 4: gbmskk folded before Flop (didn't bet)
Seat 5: Law_man_Luke folded before Flop (didn't bet)
Seat 6: Alameda22 folded before Flop (didn't bet)
Seat 7: bluecuracao2 folded before Flop (didn't bet)
Seat 8: lindsaygirl (button) folded before Flop (didn't bet)
Seat 9: Dankgrundle (small blind) folded before Flop



PokerStars Game #20082386042:  Hold'em No Limit ($0.10/$0.25) - 2008/09/01 - 23:50:01 (ET)
Table 'Lugduna' 9-max Seat #9 is the button
Seat 1: mg021 ($12.95 in chips) 
Seat 2: FARPCOL ($25.90 in chips) 
Seat 3: szil79 ($25.35 in chips) 
Seat 4: gbmskk ($26.30 in chips) 
Seat 5: Law_man_Luke ($13.70 in chips) 
Seat 6: Alameda22 ($30.75 in chips) 
Seat 7: bluecuracao2 ($26.25 in chips) 
Seat 8: lindsaygirl ($37.70 in chips) 
Seat 9: Dankgrundle ($25 in chips) 
mg021: posts small blind $0.10
FARPCOL: posts big blind $0.25
*** HOLE CARDS ***
Dealt to Alameda22 [9c 2s]
szil79: folds 
gbmskk: folds 
Law_man_Luke: calls $0.25
Alameda22: folds 
bluecuracao2: raises $1 to $1.25
lindsaygirl: folds 
Dankgrundle: folds 
mg021: folds 
FARPCOL: folds 
Law_man_Luke: calls $1
*** FLOP *** [7c 7h 5c]
Law_man_Luke: checks 
bluecuracao2: bets $2.25
Law_man_Luke: folds 
Uncalled bet ($2.25) returned to bluecuracao2
bluecuracao2 collected $2.75 from pot
bluecuracao2: doesn't show hand 
*** SUMMARY ***
Total pot $2.85 | Rake $0.10 
Board [7c 7h 5c]
Seat 1: mg021 (small blind) folded before Flop
Seat 2: FARPCOL (big blind) folded before Flop
Seat 3: szil79 folded before Flop (didn't bet)
Seat 4: gbmskk folded before Flop (didn't bet)
Seat 5: Law_man_Luke folded on the Flop
Seat 6: Alameda22 folded before Flop (didn't bet)
Seat 7: bluecuracao2 collected ($2.75)
Seat 8: lindsaygirl folded before Flop (didn't bet)
Seat 9: Dankgrundle (button) folded before Flop (didn't bet)



PokerStars Game #20082405396:  Hold'em No Limit ($0.10/$0.25) - 2008/09/01 - 23:51:07 (ET)
Table 'Lugduna' 9-max Seat #1 is the button
Seat 1: mg021 ($12.85 in chips) 
Seat 2: FARPCOL ($25.65 in chips) 
Seat 3: szil79 ($25.35 in chips) 
Seat 4: gbmskk ($26.30 in chips) 
Seat 5: Law_man_Luke ($12.45 in chips) 
Seat 6: Alameda22 ($30.75 in chips) 
Seat 7: bluecuracao2 ($27.75 in chips) 
Seat 8: lindsaygirl ($37.70 in chips) 
Seat 9: Dankgrundle ($25 in chips) 
FARPCOL: posts small blind $0.10
szil79: posts big blind $0.25
*** HOLE CARDS ***
Dealt to Alameda22 [Qs Ks]
gbmskk: folds 
Law_man_Luke: folds 
Alameda22: folds 
bluecuracao2: folds 
lindsaygirl: folds 
Dankgrundle: folds 
mg021: raises $0.50 to $0.75
FARPCOL: folds 
szil79: folds 
Uncalled bet ($0.50) returned to mg021
mg021 collected $0.60 from pot
*** SUMMARY ***
Total pot $0.60 | Rake $0 
Seat 1: mg021 (button) collected ($0.60)
Seat 2: FARPCOL (small blind) folded before Flop
Seat 3: szil79 (big blind) folded before Flop
Seat 4: gbmskk folded before Flop (didn't bet)
Seat 5: Law_man_Luke folded before Flop (didn't bet)
Seat 6: Alameda22 folded before Flop (didn't bet)
Seat 7: bluecuracao2 folded before Flop (didn't bet)
Seat 8: lindsaygirl folded before Flop (didn't bet)
Seat 9: Dankgrundle folded before Flop (didn't bet)



PokerStars Game #20082415689:  Hold'em No Limit ($0.10/$0.25) - 2008/09/01 - 23:51:42 (ET)
Table 'Lugduna' 9-max Seat #2 is the button
Seat 1: mg021 ($13.20 in chips) 
Seat 2: FARPCOL ($25.55 in chips) 
Seat 3: szil79 ($25.10 in chips) 
Seat 4: gbmskk ($26.30 in chips) 
Seat 5: Law_man_Luke ($12.45 in chips) 
Seat 6: Alameda22 ($30.75 in chips) 
Seat 7: bluecuracao2 ($27.75 in chips) 
Seat 8: lindsaygirl ($37.70 in chips) 
Seat 9: Dankgrundle ($25 in chips) 
szil79: posts small blind $0.10
gbmskk: posts big blind $0.25
*** HOLE CARDS ***
Dealt to Alameda22 [Kh 7h]
Law_man_Luke: folds 
Alameda22: folds 
bluecuracao2: raises $0.75 to $1
lindsaygirl: folds 
Dankgrundle: folds 
mg021: folds 
FARPCOL: folds 
szil79: folds 
gbmskk: folds 
Uncalled bet ($0.75) returned to bluecuracao2
bluecuracao2 collected $0.60 from pot
bluecuracao2: doesn't show hand 
*** SUMMARY ***
Total pot $0.60 | Rake $0 
Seat 1: mg021 folded before Flop (didn't bet)
Seat 2: FARPCOL (button) folded before Flop (didn't bet)
Seat 3: szil79 (small blind) folded before Flop
Seat 4: gbmskk (big blind) folded before Flop
Seat 5: Law_man_Luke folded before Flop (didn't bet)
Seat 6: Alameda22 folded before Flop (didn't bet)
Seat 7: bluecuracao2 collected ($0.60)
Seat 8: lindsaygirl folded before Flop (didn't bet)
Seat 9: Dankgrundle folded before Flop (didn't bet)



PokerStars Game #20082425937:  Hold'em No Limit ($0.10/$0.25) - 2008/09/01 - 23:52:16 (ET)
Table 'Lugduna' 9-max Seat #3 is the button
Seat 1: mg021 ($13.20 in chips) 
Seat 2: FARPCOL ($25.55 in chips) 
Seat 3: szil79 ($25 in chips) 
Seat 4: gbmskk ($26.05 in chips) 
Seat 5: Law_man_Luke ($12.45 in chips) 
Seat 6: Alameda22 ($30.75 in chips) 
Seat 7: bluecuracao2 ($28.10 in chips) 
Seat 8: lindsaygirl ($37.70 in chips) 
Seat 9: Dankgrundle ($25 in chips) 
gbmskk: posts small blind $0.10
Law_man_Luke: posts big blind $0.25
*** HOLE CARDS ***
Dealt to Alameda22 [6h 3s]
Alameda22: folds 
bluecuracao2: folds 
lindsaygirl: raises $1 to $1.25
Dankgrundle: folds 
mg021: raises $1.25 to $2.50
FARPCOL: folds 
szil79: folds 
gbmskk: folds 
Law_man_Luke: folds 
lindsaygirl: calls $1.25
*** FLOP *** [Kh 2h 5h]
lindsaygirl: checks 
mg021: bets $9.50
lindsaygirl: raises $9.50 to $19
mg021: calls $1.20 and is all-in
Uncalled bet ($8.30) returned to lindsaygirl
Dankgrundle leaves the table
*** TURN *** [Kh 2h 5h] [7h]
*** RIVER *** [Kh 2h 5h 7h] [4c]
*** SHOW DOWN ***
lindsaygirl: shows [Ah Jd] (a flush, Ace high)
mg021: mucks hand 
lindsaygirl collected $25.45 from pot
*** SUMMARY ***
Total pot $26.75 | Rake $1.30 
Board [Kh 2h 5h 7h 4c]
Seat 1: mg021 mucked [Kc Kd]
Seat 2: FARPCOL folded before Flop (didn't bet)
Seat 3: szil79 (button) folded before Flop (didn't bet)
Seat 4: gbmskk (small blind) folded before Flop
Seat 5: Law_man_Luke (big blind) folded before Flop
Seat 6: Alameda22 folded before Flop (didn't bet)
Seat 7: bluecuracao2 folded before Flop (didn't bet)
Seat 8: lindsaygirl showed [Ah Jd] and won ($25.45) with a flush, Ace high
Seat 9: Dankgrundle folded before Flop (didn't bet)



PokerStars Game #20082451738:  Hold'em No Limit ($0.10/$0.25) - 2008/09/01 - 23:53:45 (ET)
Table 'Lugduna' 9-max Seat #4 is the button
Seat 2: FARPCOL ($25.55 in chips) 
Seat 3: szil79 ($25 in chips) 
Seat 4: gbmskk ($25.95 in chips) 
Seat 5: Law_man_Luke ($12.20 in chips) 
Seat 6: Alameda22 ($30.75 in chips) 
Seat 7: bluecuracao2 ($28.10 in chips) 
Seat 8: lindsaygirl ($49.95 in chips) 
Law_man_Luke: posts small blind $0.10
Alameda22: posts big blind $0.25
*** HOLE CARDS ***
Dealt to Alameda22 [Kc 5h]
PiS.AA joins the table at seat #9 
bluecuracao2: folds 
lindsaygirl: folds 
mg021 leaves the table
FARPCOL: folds 
szil79: folds 
gbmskk: folds 
Law_man_Luke: calls $0.15
Alameda22: checks 
*** FLOP *** [9s 3h Js]
Law_man_Luke: checks 
jmillerdls joins the table at seat #1 
jmillerdls is sitting out
Alameda22: checks 
*** TURN *** [9s 3h Js] [4c]
Law_man_Luke: bets $0.50
Alameda22: folds 
Uncalled bet ($0.50) returned to Law_man_Luke
Law_man_Luke collected $0.50 from pot
Law_man_Luke: doesn't show hand 
*** SUMMARY ***
Total pot $0.50 | Rake $0 
Board [9s 3h Js 4c]
Seat 2: FARPCOL folded before Flop (didn't bet)
Seat 3: szil79 folded before Flop (didn't bet)
Seat 4: gbmskk (button) folded before Flop (didn't bet)
Seat 5: Law_man_Luke (small blind) collected ($0.50)
Seat 6: Alameda22 (big blind) folded on the Turn
Seat 7: bluecuracao2 folded before Flop (didn't bet)
Seat 8: lindsaygirl folded before Flop (didn't bet)



PokerStars Game #20082468133:  Hold'em No Limit ($0.10/$0.25) - 2008/09/01 - 23:54:41 (ET)
Table 'Lugduna' 9-max Seat #5 is the button
Seat 2: FARPCOL ($25.55 in chips) 
Seat 3: szil79 ($25 in chips) 
Seat 4: gbmskk ($25.95 in chips) 
Seat 5: Law_man_Luke ($12.45 in chips) 
Seat 6: Alameda22 ($30.50 in chips) 
Seat 7: bluecuracao2 ($28.10 in chips) 
Seat 8: lindsaygirl ($49.95 in chips) 
Alameda22: posts small blind $0.10
bluecuracao2: posts big blind $0.25
PiS.AA: sits out 
*** HOLE CARDS ***
Dealt to Alameda22 [4s Jh]
lindsaygirl: folds 
lindsaygirl is sitting out
FARPCOL: folds 
szil79: folds 
gbmskk: folds 
Law_man_Luke: folds 
Alameda22: folds 
Uncalled bet ($0.15) returned to bluecuracao2
bluecuracao2 collected $0.20 from pot
bluecuracao2: doesn't show hand 
*** SUMMARY ***
Total pot $0.20 | Rake $0 
Seat 2: FARPCOL folded before Flop (didn't bet)
Seat 3: szil79 folded before Flop (didn't bet)
Seat 4: gbmskk folded before Flop (didn't bet)
Seat 5: Law_man_Luke (button) folded before Flop (didn't bet)
Seat 6: Alameda22 (small blind) folded before Flop
Seat 7: bluecuracao2 (big blind) collected ($0.20)
Seat 8: lindsaygirl folded before Flop (didn't bet)



PokerStars Game #20082475815:  Hold'em No Limit ($0.10/$0.25) - 2008/09/01 - 23:55:08 (ET)
Table 'Lugduna' 9-max Seat #6 is the button
Seat 2: FARPCOL ($25.55 in chips) 
Seat 3: szil79 ($25 in chips) 
Seat 4: gbmskk ($25.95 in chips) 
Seat 5: Law_man_Luke ($12.45 in chips) 
Seat 6: Alameda22 ($30.40 in chips) 
Seat 7: bluecuracao2 ($28.20 in chips) 
Seat 9: PiS.AA ($25 in chips) 
bluecuracao2: posts small blind $0.10
PiS.AA: posts big blind $0.25
*** HOLE CARDS ***
Dealt to Alameda22 [3s 9c]
FARPCOL: folds 
jmillerdls has returned
szil79: folds 
gbmskk: folds 
Law_man_Luke: folds 
Alameda22: folds 
bluecuracao2: folds 
Uncalled bet ($0.15) returned to PiS.AA
PiS.AA collected $0.20 from pot
PiS.AA: doesn't show hand 
*** SUMMARY ***
Total pot $0.20 | Rake $0 
Seat 2: FARPCOL folded before Flop (didn't bet)
Seat 3: szil79 folded before Flop (didn't bet)
Seat 4: gbmskk folded before Flop (didn't bet)
Seat 5: Law_man_Luke folded before Flop (didn't bet)
Seat 6: Alameda22 (button) folded before Flop (didn't bet)
Seat 7: bluecuracao2 (small blind) folded before Flop
Seat 9: PiS.AA (big blind) collected ($0.20)



PokerStars Game #20082485769:  Hold'em No Limit ($0.10/$0.25) - 2008/09/01 - 23:55:42 (ET)
Table 'Lugduna' 9-max Seat #7 is the button
Seat 1: jmillerdls ($25 in chips) 
Seat 2: FARPCOL ($25.55 in chips) 
Seat 3: szil79 ($25 in chips) 
Seat 4: gbmskk ($25.95 in chips) 
Seat 5: Law_man_Luke ($12.45 in chips) 
Seat 6: Alameda22 ($30.40 in chips) 
Seat 7: bluecuracao2 ($28.10 in chips) 
Seat 9: PiS.AA ($25.10 in chips) 
PiS.AA: posts small blind $0.10
jmillerdls: posts big blind $0.25
*** HOLE CARDS ***
Dealt to Alameda22 [3s Ks]
FARPCOL: folds 
szil79: raises $0.75 to $1
gbmskk: folds 
Law_man_Luke: folds 
Alameda22: folds 
bluecuracao2: folds 
PiS.AA: folds 
jmillerdls: folds 
Uncalled bet ($0.75) returned to szil79
szil79 collected $0.60 from pot
szil79: doesn't show hand 
*** SUMMARY ***
Total pot $0.60 | Rake $0 
Seat 1: jmillerdls (big blind) folded before Flop
Seat 2: FARPCOL folded before Flop (didn't bet)
Seat 3: szil79 collected ($0.60)
Seat 4: gbmskk folded before Flop (didn't bet)
Seat 5: Law_man_Luke folded before Flop (didn't bet)
Seat 6: Alameda22 folded before Flop (didn't bet)
Seat 7: bluecuracao2 (button) folded before Flop (didn't bet)
Seat 9: PiS.AA (small blind) folded before Flop



PokerStars Game #20082500428:  Hold'em No Limit ($0.10/$0.25) - 2008/09/01 - 23:56:33 (ET)
Table 'Lugduna' 9-max Seat #9 is the button
Seat 1: jmillerdls ($25 in chips) 
Seat 2: FARPCOL ($25.55 in chips) 
Seat 3: szil79 ($25.35 in chips) 
Seat 4: gbmskk ($25.95 in chips) 
Seat 5: Law_man_Luke ($12.45 in chips) 
Seat 6: Alameda22 ($30.40 in chips) 
Seat 7: bluecuracao2 ($28.10 in chips) 
Seat 9: PiS.AA ($25 in chips) 
jmillerdls: posts small blind $0.10
FARPCOL: posts big blind $0.25
*** HOLE CARDS ***
Dealt to Alameda22 [3c Jh]
szil79: folds 
gbmskk: folds 
Law_man_Luke: folds 
Alameda22: folds 
bluecuracao2: folds 
PiS.AA: folds 
jmillerdls: folds 
Uncalled bet ($0.15) returned to FARPCOL
FARPCOL collected $0.20 from pot
*** SUMMARY ***
Total pot $0.20 | Rake $0 
Seat 1: jmillerdls (small blind) folded before Flop
Seat 2: FARPCOL (big blind) collected ($0.20)
Seat 3: szil79 folded before Flop (didn't bet)
Seat 4: gbmskk folded before Flop (didn't bet)
Seat 5: Law_man_Luke folded before Flop (didn't bet)
Seat 6: Alameda22 folded before Flop (didn't bet)
Seat 7: bluecuracao2 folded before Flop (didn't bet)
Seat 9: PiS.AA (button) folded before Flop (didn't bet)



PokerStars Game #20082512872:  Hold'em No Limit ($0.10/$0.25) - 2008/09/01 - 23:57:16 (ET)
Table 'Lugduna' 9-max Seat #1 is the button
Seat 1: jmillerdls ($24.90 in chips) 
Seat 2: FARPCOL ($25.65 in chips) 
Seat 3: szil79 ($25.35 in chips) 
Seat 4: gbmskk ($25.95 in chips) 
Seat 5: Law_man_Luke ($12.45 in chips) 
Seat 6: Alameda22 ($30.40 in chips) 
Seat 7: bluecuracao2 ($28.10 in chips) 
Seat 9: PiS.AA ($25 in chips) 
FARPCOL: posts small blind $0.10
szil79: posts big blind $0.25
*** HOLE CARDS ***
Dealt to Alameda22 [4c 9d]
gbmskk: folds 
Law_man_Luke: calls $0.25
Alameda22: folds 
bluecuracao2: folds 
PiS.AA: folds 
jmillerdls: folds 
gbmskk leaves the table
FARPCOL: folds 
szil79: checks 
*** FLOP *** [6h Qh Td]
szil79: checks 
AtrY joins the table at seat #4 
Law_man_Luke: bets $0.50
szil79: folds 
Uncalled bet ($0.50) returned to Law_man_Luke
Law_man_Luke collected $0.60 from pot
Law_man_Luke: doesn't show hand 
*** SUMMARY ***
Total pot $0.60 | Rake $0 
Board [6h Qh Td]
Seat 1: jmillerdls (button) folded before Flop (didn't bet)
Seat 2: FARPCOL (small blind) folded before Flop
Seat 3: szil79 (big blind) folded on the Flop
Seat 4: gbmskk folded before Flop (didn't bet)
Seat 5: Law_man_Luke collected ($0.60)
Seat 6: Alameda22 folded before Flop (didn't bet)
Seat 7: bluecuracao2 folded before Flop (didn't bet)
Seat 9: PiS.AA folded before Flop (didn't bet)



PokerStars Game #20082532031:  Hold'em No Limit ($0.10/$0.25) - 2008/09/01 - 23:58:24 (ET)
Table 'Lugduna' 9-max Seat #2 is the button
Seat 1: jmillerdls ($24.90 in chips) 
Seat 2: FARPCOL ($25.55 in chips) 
Seat 3: szil79 ($25.10 in chips) 
Seat 4: AtrY ($25 in chips) 
Seat 5: Law_man_Luke ($12.80 in chips) 
Seat 6: Alameda22 ($30.40 in chips) 
Seat 7: bluecuracao2 ($28.10 in chips) 
Seat 9: PiS.AA ($25 in chips) 
szil79: posts small blind $0.10
AtrY: posts big blind $0.25
*** HOLE CARDS ***
Dealt to Alameda22 [4s 7d]
Law_man_Luke: folds 
Alameda22: folds 
bluecuracao2: folds 
PiS.AA: folds 
jmillerdls: folds 
FARPCOL: folds 
szil79: folds 
Uncalled bet ($0.15) returned to AtrY
AtrY collected $0.20 from pot
AtrY: doesn't show hand 
*** SUMMARY ***
Total pot $0.20 | Rake $0 
Seat 1: jmillerdls folded before Flop (didn't bet)
Seat 2: FARPCOL (button) folded before Flop (didn't bet)
Seat 3: szil79 (small blind) folded before Flop
Seat 4: AtrY (big blind) collected ($0.20)
Seat 5: Law_man_Luke folded before Flop (didn't bet)
Seat 6: Alameda22 folded before Flop (didn't bet)
Seat 7: bluecuracao2 folded before Flop (didn't bet)
Seat 9: PiS.AA folded before Flop (didn't bet)



PokerStars Game #20082550469:  Hold'em No Limit ($0.10/$0.25) - 2008/09/01 - 23:59:28 (ET)
Table 'Lugduna' 9-max Seat #3 is the button
Seat 1: jmillerdls ($24.90 in chips) 
Seat 2: FARPCOL ($25.55 in chips) 
Seat 3: szil79 ($25 in chips) 
Seat 4: AtrY ($25.10 in chips) 
Seat 5: Law_man_Luke ($12.80 in chips) 
Seat 6: Alameda22 ($30.40 in chips) 
Seat 7: bluecuracao2 ($28.10 in chips) 
Seat 9: PiS.AA ($25 in chips) 
AtrY: posts small blind $0.10
Law_man_Luke: posts big blind $0.25
*** HOLE CARDS ***
Dealt to Alameda22 [2d 4c]
Alameda22: folds 
bluecuracao2: folds 
PiS.AA: folds 
jmillerdls: folds 
FARPCOL: folds 
szil79: folds 
AtrY: calls $0.15
Law_man_Luke: checks 
*** FLOP *** [2h Kc 4h]
AtrY: checks 
Law_man_Luke: bets $0.50
AtrY: folds 
Uncalled bet ($0.50) returned to Law_man_Luke
Law_man_Luke collected $0.50 from pot
Law_man_Luke: doesn't show hand 
*** SUMMARY ***
Total pot $0.50 | Rake $0 
Board [2h Kc 4h]
Seat 1: jmillerdls folded before Flop (didn't bet)
Seat 2: FARPCOL folded before Flop (didn't bet)
Seat 3: szil79 (button) folded before Flop (didn't bet)
Seat 4: AtrY (small blind) folded on the Flop
Seat 5: Law_man_Luke (big blind) collected ($0.50)
Seat 6: Alameda22 folded before Flop (didn't bet)
Seat 7: bluecuracao2 folded before Flop (didn't bet)
Seat 9: PiS.AA folded before Flop (didn't bet)



