PokerStars Game #20094992128:  Hold'em No Limit ($0.10/$0.25) - 2008/09/02 14:59:03 ET
Table 'Hesperia V' 9-max Seat #1 is the button
Seat 1: roma6124 ($10.10 in chips) 
Seat 2: rokkenroll ($27.90 in chips) 
Seat 3: Alameda22 ($25 in chips) 
Seat 4: theshu1 ($23.75 in chips) 
Seat 7: Tuwei168 ($21.55 in chips) 
Seat 8: N1belungen ($9.95 in chips) 
Seat 9: Taucher 111 ($32.50 in chips) 
rokkenroll: posts small blind $0.10
Alameda22: posts big blind $0.25
magodeoz84: sits out 
Maggy54: sits out 
*** HOLE CARDS ***
Dealt to Alameda22 [Kd Jc]
theshu1: folds 
Tuwei168: calls $0.25
N1belungen: raises $1 to $1.25
Taucher 111: folds 
roma6124: folds 
rokkenroll: folds 
Alameda22: folds 
Tuwei168: folds 
Uncalled bet ($1) returned to N1belungen
N1belungen collected $0.85 from pot
N1belungen: doesn't show hand 
*** SUMMARY ***
Total pot $0.85 | Rake $0 
Seat 1: roma6124 (button) folded before Flop (didn't bet)
Seat 2: rokkenroll (small blind) folded before Flop
Seat 3: Alameda22 (big blind) folded before Flop
Seat 4: theshu1 folded before Flop (didn't bet)
Seat 7: Tuwei168 folded before Flop
Seat 8: N1belungen collected ($0.85)
Seat 9: Taucher 111 folded before Flop (didn't bet)



PokerStars Game #20095006144:  Hold'em No Limit ($0.10/$0.25) - 2008/09/02 14:59:38 ET
Table 'Hesperia V' 9-max Seat #2 is the button
Seat 1: roma6124 ($10.10 in chips) 
Seat 2: rokkenroll ($27.80 in chips) 
Seat 3: Alameda22 ($24.75 in chips) 
Seat 4: theshu1 ($23.75 in chips) 
Seat 7: Tuwei168 ($21.30 in chips) 
Seat 8: N1belungen ($10.55 in chips) 
Seat 9: Taucher 111 ($32.50 in chips) 
Alameda22: posts small blind $0.10
theshu1: posts big blind $0.25
magodeoz84: sits out 
Maggy54: sits out 
*** HOLE CARDS ***
Dealt to Alameda22 [3s 6h]
Tuwei168: folds 
N1belungen: folds 
Taucher 111: folds 
roma6124: folds 
rokkenroll: folds 
Alameda22: folds 
Uncalled bet ($0.15) returned to theshu1
theshu1 collected $0.20 from pot
theshu1: doesn't show hand 
*** SUMMARY ***
Total pot $0.20 | Rake $0 
Seat 1: roma6124 folded before Flop (didn't bet)
Seat 2: rokkenroll (button) folded before Flop (didn't bet)
Seat 3: Alameda22 (small blind) folded before Flop
Seat 4: theshu1 (big blind) collected ($0.20)
Seat 7: Tuwei168 folded before Flop (didn't bet)
Seat 8: N1belungen folded before Flop (didn't bet)
Seat 9: Taucher 111 folded before Flop (didn't bet)



PokerStars Game #20095022858:  Hold'em No Limit ($0.10/$0.25) - 2008/09/02 15:00:16 ET
Table 'Hesperia V' 9-max Seat #3 is the button
Seat 1: roma6124 ($10.10 in chips) 
Seat 2: rokkenroll ($27.80 in chips) 
Seat 3: Alameda22 ($24.65 in chips) 
Seat 4: theshu1 ($23.85 in chips) 
Seat 5: magodeoz84 ($25 in chips) 
Seat 7: Tuwei168 ($21.30 in chips) 
Seat 8: N1belungen ($10.55 in chips) 
Seat 9: Taucher 111 ($32.50 in chips) 
theshu1: posts small blind $0.10
magodeoz84: posts big blind $0.25
Maggy54: sits out 
*** HOLE CARDS ***
Dealt to Alameda22 [8d 7d]
Tuwei168: folds 
N1belungen: folds 
Taucher 111: folds 
roma6124: folds 
rokkenroll: folds 
Alameda22: raises $0.75 to $1
theshu1: folds 
magodeoz84: folds 
Uncalled bet ($0.75) returned to Alameda22
Alameda22 collected $0.60 from pot
Alameda22: doesn't show hand 
*** SUMMARY ***
Total pot $0.60 | Rake $0 
Seat 1: roma6124 folded before Flop (didn't bet)
Seat 2: rokkenroll folded before Flop (didn't bet)
Seat 3: Alameda22 (button) collected ($0.60)
Seat 4: theshu1 (small blind) folded before Flop
Seat 5: magodeoz84 (big blind) folded before Flop
Seat 7: Tuwei168 folded before Flop (didn't bet)
Seat 8: N1belungen folded before Flop (didn't bet)
Seat 9: Taucher 111 folded before Flop (didn't bet)



PokerStars Game #20095038307:  Hold'em No Limit ($0.10/$0.25) - 2008/09/02 15:00:53 ET
Table 'Hesperia V' 9-max Seat #4 is the button
Seat 1: roma6124 ($10.10 in chips) 
Seat 2: rokkenroll ($27.80 in chips) 
Seat 3: Alameda22 ($25 in chips) 
Seat 4: theshu1 ($23.75 in chips) 
Seat 5: magodeoz84 ($25 in chips) 
Seat 6: Maggy54 ($5 in chips) 
Seat 7: Tuwei168 ($21.30 in chips) 
Seat 8: N1belungen ($10.55 in chips) 
Seat 9: Taucher 111 ($32.50 in chips) 
magodeoz84: posts small blind $0.10
Maggy54: posts big blind $0.25
*** HOLE CARDS ***
Dealt to Alameda22 [Qs 6s]
Tuwei168: folds 
N1belungen: folds 
Taucher 111: folds 
roma6124: folds 
rokkenroll: folds 
Alameda22: folds 
theshu1: folds 
magodeoz84: folds 
Uncalled bet ($0.15) returned to Maggy54
Maggy54 collected $0.20 from pot
Maggy54: doesn't show hand 
*** SUMMARY ***
Total pot $0.20 | Rake $0 
Seat 1: roma6124 folded before Flop (didn't bet)
Seat 2: rokkenroll folded before Flop (didn't bet)
Seat 3: Alameda22 folded before Flop (didn't bet)
Seat 4: theshu1 (button) folded before Flop (didn't bet)
Seat 5: magodeoz84 (small blind) folded before Flop
Seat 6: Maggy54 (big blind) collected ($0.20)
Seat 7: Tuwei168 folded before Flop (didn't bet)
Seat 8: N1belungen folded before Flop (didn't bet)
Seat 9: Taucher 111 folded before Flop (didn't bet)



PokerStars Game #20095056465:  Hold'em No Limit ($0.10/$0.25) - 2008/09/02 15:01:35 ET
Table 'Hesperia V' 9-max Seat #5 is the button
Seat 1: roma6124 ($10.10 in chips) 
Seat 2: rokkenroll ($27.80 in chips) 
Seat 3: Alameda22 ($25 in chips) 
Seat 4: theshu1 ($23.75 in chips) 
Seat 5: magodeoz84 ($24.90 in chips) 
Seat 6: Maggy54 ($5.10 in chips) 
Seat 9: Taucher 111 ($32.50 in chips) 
Maggy54: posts small blind $0.10
Tuwei168: is sitting out 
Tuwei168 leaves the table
N1belungen: is sitting out 
N1belungen leaves the table
Taucher 111: posts big blind $0.25
*** HOLE CARDS ***
Dealt to Alameda22 [Qs 6s]
roma6124: folds 
rokkenroll: folds 
Matetricks joins the table at seat #7 
Alameda22: folds 
theshu1: folds 
magodeoz84: folds 
Maggy54: folds 
Uncalled bet ($0.15) returned to Taucher 111
Taucher 111 collected $0.20 from pot
*** SUMMARY ***
Total pot $0.20 | Rake $0 
Seat 1: roma6124 folded before Flop (didn't bet)
Seat 2: rokkenroll folded before Flop (didn't bet)
Seat 3: Alameda22 folded before Flop (didn't bet)
Seat 4: theshu1 folded before Flop (didn't bet)
Seat 5: magodeoz84 (button) folded before Flop (didn't bet)
Seat 6: Maggy54 (small blind) folded before Flop
Seat 9: Taucher 111 (big blind) collected ($0.20)



PokerStars Game #20095070502:  Hold'em No Limit ($0.10/$0.25) - 2008/09/02 15:02:09 ET
Table 'Hesperia V' 9-max Seat #6 is the button
Seat 2: rokkenroll ($27.80 in chips) 
Seat 3: Alameda22 ($25 in chips) 
Seat 4: theshu1 ($23.75 in chips) 
Seat 5: magodeoz84 ($24.90 in chips) 
Seat 6: Maggy54 ($5 in chips) 
Seat 9: Taucher 111 ($32.60 in chips) 
Matetricks will be allowed to play after the button
Taucher 111: posts small blind $0.10
roma6124: is sitting out 
roma6124 leaves the table
rokkenroll: posts big blind $0.25
*** HOLE CARDS ***
Dealt to Alameda22 [5c Ac]
Alameda22: folds 
Matetricks leaves the table
theshu1: raises $0.75 to $1
magodeoz84: folds 
Maggy54: folds 
Taucher 111: folds 
magodeoz84 is sitting out
rokkenroll: folds 
Uncalled bet ($0.75) returned to theshu1
theshu1 collected $0.60 from pot
theshu1: doesn't show hand 
*** SUMMARY ***
Total pot $0.60 | Rake $0 
Seat 2: rokkenroll (big blind) folded before Flop
Seat 3: Alameda22 folded before Flop (didn't bet)
Seat 4: theshu1 collected ($0.60)
Seat 5: magodeoz84 folded before Flop (didn't bet)
Seat 6: Maggy54 (button) folded before Flop (didn't bet)
Seat 9: Taucher 111 (small blind) folded before Flop



PokerStars Game #20095089602:  Hold'em No Limit ($0.10/$0.25) - 2008/09/02 15:02:53 ET
Table 'Hesperia V' 9-max Seat #9 is the button
Seat 2: rokkenroll ($27.55 in chips) 
Seat 3: Alameda22 ($25 in chips) 
Seat 4: theshu1 ($24.10 in chips) 
Seat 6: Maggy54 ($5 in chips) 
Seat 9: Taucher 111 ($32.50 in chips) 
rokkenroll: posts small blind $0.10
Alameda22: posts big blind $0.25
*** HOLE CARDS ***
Dealt to Alameda22 [6d Jh]
theshu1: raises $0.50 to $0.75
Maggy54: folds 
Taucher 111: folds 
rokkenroll: folds 
Alameda22: folds 
Uncalled bet ($0.50) returned to theshu1
theshu1 collected $0.60 from pot
theshu1: doesn't show hand 
*** SUMMARY ***
Total pot $0.60 | Rake $0 
Seat 2: rokkenroll (small blind) folded before Flop
Seat 3: Alameda22 (big blind) folded before Flop
Seat 4: theshu1 collected ($0.60)
Seat 6: Maggy54 folded before Flop (didn't bet)
Seat 9: Taucher 111 (button) folded before Flop (didn't bet)



PokerStars Game #20095104556:  Hold'em No Limit ($0.10/$0.25) - 2008/09/02 15:03:29 ET
Table 'Hesperia V' 9-max Seat #2 is the button
Seat 2: rokkenroll ($27.45 in chips) 
Seat 3: Alameda22 ($24.75 in chips) 
Seat 4: theshu1 ($24.45 in chips) 
Seat 6: Maggy54 ($5 in chips) 
Seat 9: Taucher 111 ($32.50 in chips) 
Alameda22: posts small blind $0.10
theshu1: posts big blind $0.25
*** HOLE CARDS ***
Dealt to Alameda22 [Tc Qc]
Maggy54: folds 
Taucher 111: folds 
rokkenroll: folds 
Alameda22: folds 
Uncalled bet ($0.15) returned to theshu1
theshu1 collected $0.20 from pot
theshu1: doesn't show hand 
*** SUMMARY ***
Total pot $0.20 | Rake $0 
Seat 2: rokkenroll (button) folded before Flop (didn't bet)
Seat 3: Alameda22 (small blind) folded before Flop
Seat 4: theshu1 (big blind) collected ($0.20)
Seat 6: Maggy54 folded before Flop (didn't bet)
Seat 9: Taucher 111 folded before Flop (didn't bet)



