PokerStars Game #19826994230:  Hold'em No Limit ($0.10/$0.25) - 2008/08/23 - 01:06:55 (ET)
Table 'Adeona' 9-max Seat #5 is the button
Seat 1: shindoe ($23.85 in chips) 
Seat 2: GARDOG07 ($7.05 in chips) 
Seat 3: RBinthehouse ($26.40 in chips) 
Seat 4: Tirice ($25 in chips) 
Seat 5: Julyette ($4.65 in chips) 
Seat 6: IShift ($26.20 in chips) 
Seat 7: Alameda22 ($25 in chips) 
Seat 8: lorchboy88 ($10.65 in chips) 
Seat 9: Kevykev88 ($35.10 in chips) 
IShift: posts small blind $0.10
Alameda22: posts big blind $0.25
*** HOLE CARDS ***
Dealt to Alameda22 [2d 7s]
lorchboy88: folds 
Kevykev88: calls $0.25
shindoe: folds 
GARDOG07: calls $0.25
RBinthehouse: calls $0.25
Tirice: folds 
Julyette: calls $0.25
IShift: folds 
Alameda22: checks 
*** FLOP *** [Th 8c 5d]
Alameda22: checks 
Kevykev88: bets $0.25
GARDOG07: raises $0.50 to $0.75
RBinthehouse: calls $0.75
Julyette: calls $0.75
Alameda22: folds 
Kevykev88: calls $0.50
*** TURN *** [Th 8c 5d] [6h]
Kevykev88: checks 
GARDOG07: bets $2
RBinthehouse: calls $2
Julyette: folds 
Kevykev88: folds 
*** RIVER *** [Th 8c 5d 6h] [4s]
Kevykev88 is sitting out
GARDOG07: checks 
Kevykev88 has returned
RBinthehouse: bets $2
GARDOG07: calls $2
*** SHOW DOWN ***
RBinthehouse: shows [8d 4h] (two pair, Eights and Fours)
GARDOG07: mucks hand 
RBinthehouse collected $11.80 from pot
*** SUMMARY ***
Total pot $12.35 | Rake $0.55 
Board [Th 8c 5d 6h 4s]
Seat 1: shindoe folded before Flop (didn't bet)
Seat 2: GARDOG07 mucked [Ts As]
Seat 3: RBinthehouse showed [8d 4h] and won ($11.80) with two pair, Eights and Fours
Seat 4: Tirice folded before Flop (didn't bet)
Seat 5: Julyette (button) folded on the Turn
Seat 6: IShift (small blind) folded before Flop
Seat 7: Alameda22 (big blind) folded on the Flop
Seat 8: lorchboy88 folded before Flop (didn't bet)
Seat 9: Kevykev88 folded on the Turn



PokerStars Game #19827032104:  Hold'em No Limit ($0.10/$0.25) - 2008/08/23 - 01:09:20 (ET)
Table 'Adeona' 9-max Seat #6 is the button
Seat 1: shindoe ($23.85 in chips) 
Seat 2: GARDOG07 ($2.05 in chips) 
Seat 3: RBinthehouse ($33.20 in chips) 
Seat 4: Tirice ($25 in chips) 
Seat 5: Julyette ($3.65 in chips) 
Seat 6: IShift ($26.10 in chips) 
Seat 7: Alameda22 ($24.75 in chips) 
Seat 9: Kevykev88 ($34.10 in chips) 
Alameda22: posts small blind $0.10
lorchboy88: is sitting out 
lorchboy88 leaves the table
Kevykev88: posts big blind $0.25
*** HOLE CARDS ***
Dealt to Alameda22 [2h 5h]
shindoe: folds 
GARDOG07: raises $1.80 to $2.05 and is all-in
RBinthehouse: calls $2.05
Skudero joins the table at seat #8 
Tirice: raises $4.95 to $7
Julyette: folds 
IShift: folds 
Alameda22: folds 
Kevykev88: folds 
RBinthehouse: calls $4.95
*** FLOP *** [Jh Kc Jc]
RBinthehouse: checks 
Tirice: bets $10
RBinthehouse: folds 
Uncalled bet ($10) returned to Tirice
*** TURN *** [Jh Kc Jc] [9d]
*** RIVER *** [Jh Kc Jc 9d] [6s]
*** SHOW DOWN ***
Tirice: shows [Ac Ad] (two pair, Aces and Jacks)
Tirice collected $9.40 from side pot
GARDOG07: mucks hand 
Tirice collected $6.20 from main pot
*** SUMMARY ***
Total pot $16.40 Main pot $6.20. Side pot $9.40. | Rake $0.80 
Board [Jh Kc Jc 9d 6s]
Seat 1: shindoe folded before Flop (didn't bet)
Seat 2: GARDOG07 mucked [Qd Qh]
Seat 3: RBinthehouse folded on the Flop
Seat 4: Tirice showed [Ac Ad] and won ($15.60) with two pair, Aces and Jacks
Seat 5: Julyette folded before Flop (didn't bet)
Seat 6: IShift (button) folded before Flop (didn't bet)
Seat 7: Alameda22 (small blind) folded before Flop
Seat 9: Kevykev88 (big blind) folded before Flop



PokerStars Game #19827050821:  Hold'em No Limit ($0.10/$0.25) - 2008/08/23 - 01:10:33 (ET)
Table 'Adeona' 9-max Seat #7 is the button
Seat 1: shindoe ($23.85 in chips) 
Seat 3: RBinthehouse ($26.20 in chips) 
Seat 4: Tirice ($33.60 in chips) 
Seat 5: Julyette ($3.65 in chips) 
Seat 6: IShift ($26.10 in chips) 
Seat 7: Alameda22 ($24.65 in chips) 
Seat 9: Kevykev88 ($33.85 in chips) 
Skudero will be allowed to play after the button
Kevykev88: posts small blind $0.10
shindoe: posts big blind $0.25
*** HOLE CARDS ***
Dealt to Alameda22 [7c Td]
Julyette said, "n1"
RBinthehouse: folds 
Tirice: folds 
Julyette: calls $0.25
IShift: folds 
Alameda22: folds 
Kevykev88: calls $0.15
shindoe: checks 
*** FLOP *** [5d Tc Jh]
Kevykev88: checks 
shindoe: checks 
Julyette: bets $0.50
GARDOG07 leaves the table
Kevykev88: folds 
shindoe: folds 
Uncalled bet ($0.50) returned to Julyette
Julyette collected $0.75 from pot
Julyette: doesn't show hand 
sic weed joins the table at seat #2 
*** SUMMARY ***
Total pot $0.75 | Rake $0 
Board [5d Tc Jh]
Seat 1: shindoe (big blind) folded on the Flop
Seat 3: RBinthehouse folded before Flop (didn't bet)
Seat 4: Tirice folded before Flop (didn't bet)
Seat 5: Julyette collected ($0.75)
Seat 6: IShift folded before Flop (didn't bet)
Seat 7: Alameda22 (button) folded before Flop (didn't bet)
Seat 9: Kevykev88 (small blind) folded on the Flop



PokerStars Game #19827061471:  Hold'em No Limit ($0.10/$0.25) - 2008/08/23 - 01:11:15 (ET)
Table 'Adeona' 9-max Seat #9 is the button
Seat 1: shindoe ($23.60 in chips) 
Seat 2: sic weed ($5 in chips) 
Seat 3: RBinthehouse ($26.20 in chips) 
Seat 4: Tirice ($33.60 in chips) 
Seat 5: Julyette ($4.15 in chips) 
Seat 6: IShift ($26.10 in chips) 
Seat 7: Alameda22 ($24.65 in chips) 
Seat 8: Skudero ($25 in chips) 
Seat 9: Kevykev88 ($33.60 in chips) 
shindoe: posts small blind $0.10
sic weed: posts big blind $0.25
Skudero: posts big blind $0.25
*** HOLE CARDS ***
Dealt to Alameda22 [As Jd]
RBinthehouse: calls $0.25
Tirice: calls $0.25
Julyette: raises $0.25 to $0.50
IShift: folds 
Alameda22: calls $0.50
Skudero: calls $0.25
Kevykev88: folds 
shindoe: raises $3.50 to $4
sic weed: folds 
RBinthehouse: folds 
Tirice: folds 
Julyette: folds 
Alameda22: folds 
Skudero: folds 
Uncalled bet ($3.50) returned to shindoe
shindoe collected $2.75 from pot
*** SUMMARY ***
Total pot $2.75 | Rake $0 
Seat 1: shindoe (small blind) collected ($2.75)
Seat 2: sic weed (big blind) folded before Flop
Seat 3: RBinthehouse folded before Flop
Seat 4: Tirice folded before Flop
Seat 5: Julyette folded before Flop
Seat 6: IShift folded before Flop (didn't bet)
Seat 7: Alameda22 folded before Flop
Seat 8: Skudero folded before Flop
Seat 9: Kevykev88 (button) folded before Flop (didn't bet)



PokerStars Game #19827080909:  Hold'em No Limit ($0.10/$0.25) - 2008/08/23 - 01:12:32 (ET)
Table 'Adeona' 9-max Seat #1 is the button
Seat 1: shindoe ($25.85 in chips) 
Seat 2: sic weed ($4.75 in chips) 
Seat 3: RBinthehouse ($25.95 in chips) 
Seat 4: Tirice ($33.35 in chips) 
Seat 5: Julyette ($3.65 in chips) 
Seat 6: IShift ($26.10 in chips) 
Seat 7: Alameda22 ($24.15 in chips) 
Seat 8: Skudero ($24.50 in chips) 
Seat 9: Kevykev88 ($33.60 in chips) 
sic weed: posts small blind $0.10
RBinthehouse: posts big blind $0.25
*** HOLE CARDS ***
Dealt to Alameda22 [4d 4s]
Tirice: folds 
Julyette: folds 
IShift: calls $0.25
Alameda22: calls $0.25
Skudero: folds 
Kevykev88: calls $0.25
shindoe: raises $1.50 to $1.75
sic weed: folds 
RBinthehouse: folds 
IShift: calls $1.50
Alameda22: folds 
Kevykev88: folds 
*** FLOP *** [5c 7s Tc]
IShift: checks 
shindoe: checks 
*** TURN *** [5c 7s Tc] [Js]
Kevykev88 is sitting out
IShift: bets $2
shindoe: calls $2
*** RIVER *** [5c 7s Tc Js] [8d]
IShift: checks 
shindoe: checks 
*** SHOW DOWN ***
IShift: shows [Jh 7d] (two pair, Jacks and Sevens)
shindoe: mucks hand 
IShift collected $7.95 from pot
*** SUMMARY ***
Total pot $8.35 | Rake $0.40 
Board [5c 7s Tc Js 8d]
Seat 1: shindoe (button) mucked [Kh Ac]
Seat 2: sic weed (small blind) folded before Flop
Seat 3: RBinthehouse (big blind) folded before Flop
Seat 4: Tirice folded before Flop (didn't bet)
Seat 5: Julyette folded before Flop (didn't bet)
Seat 6: IShift showed [Jh 7d] and won ($7.95) with two pair, Jacks and Sevens
Seat 7: Alameda22 folded before Flop
Seat 8: Skudero folded before Flop (didn't bet)
Seat 9: Kevykev88 folded before Flop



PokerStars Game #19827100678:  Hold'em No Limit ($0.10/$0.25) - 2008/08/23 - 01:13:51 (ET)
Table 'Adeona' 9-max Seat #2 is the button
Seat 1: shindoe ($22.10 in chips) 
Seat 2: sic weed ($4.65 in chips) 
Seat 3: RBinthehouse ($25.70 in chips) 
Seat 4: Tirice ($33.35 in chips) 
Seat 5: Julyette ($3.65 in chips) 
Seat 6: IShift ($30.30 in chips) 
Seat 7: Alameda22 ($23.90 in chips) 
Seat 8: Skudero ($24.50 in chips) 
RBinthehouse: posts small blind $0.10
Tirice: posts big blind $0.25
*** HOLE CARDS ***
Dealt to Alameda22 [Qh Jc]
Kevykev88 has returned
Julyette: calls $0.25
IShift: folds 
Alameda22: folds 
Skudero: raises $1 to $1.25
shindoe: folds 
sic weed: calls $1.25
RBinthehouse: raises $1 to $2.25
Tirice: folds 
Julyette: folds 
Skudero: calls $1
sic weed: raises $2.40 to $4.65 and is all-in
RBinthehouse: raises $3.10 to $7.75
Skudero: folds 
Uncalled bet ($3.10) returned to RBinthehouse
*** FLOP *** [8h 4d 4s]
*** TURN *** [8h 4d 4s] [3s]
*** RIVER *** [8h 4d 4s 3s] [9h]
*** SHOW DOWN ***
RBinthehouse: shows [Ah Ac] (two pair, Aces and Fours)
sic weed: mucks hand 
RBinthehouse collected $11.45 from pot
*** SUMMARY ***
Total pot $12.05 | Rake $0.60 
Board [8h 4d 4s 3s 9h]
Seat 1: shindoe folded before Flop (didn't bet)
Seat 2: sic weed (button) mucked [Kd Ks]
Seat 3: RBinthehouse (small blind) showed [Ah Ac] and won ($11.45) with two pair, Aces and Fours
Seat 4: Tirice (big blind) folded before Flop
Seat 5: Julyette folded before Flop
Seat 6: IShift folded before Flop (didn't bet)
Seat 7: Alameda22 folded before Flop (didn't bet)
Seat 8: Skudero folded before Flop



PokerStars Game #19827121882:  Hold'em No Limit ($0.10/$0.25) - 2008/08/23 - 01:15:15 (ET)
Table 'Adeona' 9-max Seat #3 is the button
Seat 1: shindoe ($22.10 in chips) 
Seat 2: sic weed ($5 in chips) 
Seat 3: RBinthehouse ($32.50 in chips) 
Seat 4: Tirice ($33.10 in chips) 
Seat 5: Julyette ($3.40 in chips) 
Seat 6: IShift ($30.30 in chips) 
Seat 7: Alameda22 ($23.90 in chips) 
Seat 8: Skudero ($22.25 in chips) 
Seat 9: Kevykev88 ($33.35 in chips) 
Tirice: posts small blind $0.10
Julyette: posts big blind $0.25
*** HOLE CARDS ***
Dealt to Alameda22 [7h Ts]
IShift: raises $0.25 to $0.50
Alameda22: folds 
Skudero: folds 
Kevykev88: calls $0.50
shindoe: folds 
sic weed: folds 
RBinthehouse: folds 
Tirice: folds 
Julyette: folds 
*** FLOP *** [9d Ad 7c]
IShift: bets $0.50
Kevykev88: folds 
Uncalled bet ($0.50) returned to IShift
IShift collected $1.30 from pot
Kevykev88 is sitting out
*** SUMMARY ***
Total pot $1.35 | Rake $0.05 
Board [9d Ad 7c]
Seat 1: shindoe folded before Flop (didn't bet)
Seat 2: sic weed folded before Flop (didn't bet)
Seat 3: RBinthehouse (button) folded before Flop (didn't bet)
Seat 4: Tirice (small blind) folded before Flop
Seat 5: Julyette (big blind) folded before Flop
Seat 6: IShift collected ($1.30)
Seat 7: Alameda22 folded before Flop (didn't bet)
Seat 8: Skudero folded before Flop (didn't bet)
Seat 9: Kevykev88 folded on the Flop



PokerStars Game #19827146925:  Hold'em No Limit ($0.10/$0.25) - 2008/08/23 - 01:16:57 (ET)
Table 'Adeona' 9-max Seat #4 is the button
Seat 1: shindoe ($22.10 in chips) 
Seat 2: sic weed ($5 in chips) 
Seat 3: RBinthehouse ($32.50 in chips) 
Seat 4: Tirice ($33 in chips) 
Seat 5: Julyette ($3.15 in chips) 
Seat 6: IShift ($31.10 in chips) 
Seat 7: Alameda22 ($23.90 in chips) 
Seat 8: Skudero ($22.25 in chips) 
Julyette: posts small blind $0.10
IShift: posts big blind $0.25
*** HOLE CARDS ***
Dealt to Alameda22 [3h Td]
Alameda22: folds 
Skudero: folds 
shindoe: folds 
sic weed: raises $0.25 to $0.50
RBinthehouse: folds 
Tirice: folds 
Julyette: folds 
IShift: calls $0.25
*** FLOP *** [5c 8c 4c]
IShift: checks 
sic weed: bets $0.50
IShift: raises $0.50 to $1
sic weed: calls $0.50
*** TURN *** [5c 8c 4c] [4s]
IShift: checks 
sic weed: checks 
*** RIVER *** [5c 8c 4c 4s] [Js]
IShift: bets $3.50
sic weed: folds 
Uncalled bet ($3.50) returned to IShift
IShift collected $2.95 from pot
*** SUMMARY ***
Total pot $3.10 | Rake $0.15 
Board [5c 8c 4c 4s Js]
Seat 1: shindoe folded before Flop (didn't bet)
Seat 2: sic weed folded on the River
Seat 3: RBinthehouse folded before Flop (didn't bet)
Seat 4: Tirice (button) folded before Flop (didn't bet)
Seat 5: Julyette (small blind) folded before Flop
Seat 6: IShift (big blind) collected ($2.95)
Seat 7: Alameda22 folded before Flop (didn't bet)
Seat 8: Skudero folded before Flop (didn't bet)



PokerStars Game #19827167018:  Hold'em No Limit ($0.10/$0.25) - 2008/08/23 - 01:18:19 (ET)
Table 'Adeona' 9-max Seat #5 is the button
Seat 1: shindoe ($22.10 in chips) 
Seat 2: sic weed ($3.50 in chips) 
Seat 3: RBinthehouse ($32.50 in chips) 
Seat 4: Tirice ($33 in chips) 
Seat 5: Julyette ($3.05 in chips) 
Seat 6: IShift ($32.55 in chips) 
Seat 7: Alameda22 ($23.90 in chips) 
Seat 8: Skudero ($22.25 in chips) 
IShift: posts small blind $0.10
Alameda22: posts big blind $0.25
*** HOLE CARDS ***
Dealt to Alameda22 [9d Ks]
Skudero: folds 
shindoe: folds 
sic weed: folds 
RBinthehouse: folds 
Tirice: folds 
Julyette: calls $0.25
IShift: raises $0.25 to $0.50
Alameda22: folds 
Julyette: calls $0.25
*** FLOP *** [6h Kc Qd]
IShift: bets $1
Julyette: calls $1
*** TURN *** [6h Kc Qd] [Jh]
Kevykev88 has returned
IShift: bets $1.75
Julyette: calls $1.55 and is all-in
Uncalled bet ($0.20) returned to IShift
*** RIVER *** [6h Kc Qd Jh] [5d]
*** SHOW DOWN ***
IShift: shows [Ad Qs] (a pair of Queens)
Julyette: shows [9c Th] (a straight, Nine to King)
Julyette collected $6.05 from pot
*** SUMMARY ***
Total pot $6.35 | Rake $0.30 
Board [6h Kc Qd Jh 5d]
Seat 1: shindoe folded before Flop (didn't bet)
Seat 2: sic weed folded before Flop (didn't bet)
Seat 3: RBinthehouse folded before Flop (didn't bet)
Seat 4: Tirice folded before Flop (didn't bet)
Seat 5: Julyette (button) showed [9c Th] and won ($6.05) with a straight, Nine to King
Seat 6: IShift (small blind) showed [Ad Qs] and lost with a pair of Queens
Seat 7: Alameda22 (big blind) folded before Flop
Seat 8: Skudero folded before Flop (didn't bet)



PokerStars Game #19827183050:  Hold'em No Limit ($0.10/$0.25) - 2008/08/23 - 01:19:25 (ET)
Table 'Adeona' 9-max Seat #6 is the button
Seat 1: shindoe ($22.10 in chips) 
Seat 2: sic weed ($3.50 in chips) 
Seat 3: RBinthehouse ($32.50 in chips) 
Seat 4: Tirice ($33 in chips) 
Seat 5: Julyette ($6.05 in chips) 
Seat 6: IShift ($29.50 in chips) 
Seat 7: Alameda22 ($23.65 in chips) 
Seat 8: Skudero ($22.25 in chips) 
Seat 9: Kevykev88 ($32.85 in chips) 
Alameda22: posts small blind $0.10
Skudero: posts big blind $0.25
*** HOLE CARDS ***
Dealt to Alameda22 [5d 3c]
Kevykev88: folds 
shindoe: folds 
sic weed: folds 
RBinthehouse: calls $0.25
Tirice: folds 
Julyette: folds 
IShift: calls $0.25
Alameda22: folds 
Skudero: checks 
*** FLOP *** [9c 5c Qs]
Skudero: checks 
RBinthehouse: bets $0.25
IShift: calls $0.25
Skudero: folds 
*** TURN *** [9c 5c Qs] [3d]
RBinthehouse: checks 
IShift: bets $1
RBinthehouse: folds 
Uncalled bet ($1) returned to IShift
IShift collected $1.30 from pot
*** SUMMARY ***
Total pot $1.35 | Rake $0.05 
Board [9c 5c Qs 3d]
Seat 1: shindoe folded before Flop (didn't bet)
Seat 2: sic weed folded before Flop (didn't bet)
Seat 3: RBinthehouse folded on the Turn
Seat 4: Tirice folded before Flop (didn't bet)
Seat 5: Julyette folded before Flop (didn't bet)
Seat 6: IShift (button) collected ($1.30)
Seat 7: Alameda22 (small blind) folded before Flop
Seat 8: Skudero (big blind) folded on the Flop
Seat 9: Kevykev88 folded before Flop (didn't bet)



PokerStars Game #19827204030:  Hold'em No Limit ($0.10/$0.25) - 2008/08/23 - 01:20:50 (ET)
Table 'Adeona' 9-max Seat #7 is the button
Seat 1: shindoe ($22.10 in chips) 
Seat 2: sic weed ($3.50 in chips) 
Seat 3: RBinthehouse ($32 in chips) 
Seat 4: Tirice ($33 in chips) 
Seat 5: Julyette ($6.05 in chips) 
Seat 6: IShift ($30.30 in chips) 
Seat 7: Alameda22 ($23.55 in chips) 
Seat 8: Skudero ($22 in chips) 
Seat 9: Kevykev88 ($32.85 in chips) 
Skudero: posts small blind $0.10
Kevykev88: posts big blind $0.25
*** HOLE CARDS ***
Dealt to Alameda22 [2c 9d]
shindoe: folds 
sic weed: folds 
RBinthehouse: folds 
Tirice: folds 
Julyette: folds 
IShift: raises $0.25 to $0.50
Alameda22: folds 
Skudero: folds 
Kevykev88: calls $0.25
*** FLOP *** [5h Qh 6s]
Kevykev88: checks 
IShift: bets $0.25
Kevykev88: calls $0.25
*** TURN *** [5h Qh 6s] [Jc]
Kevykev88: checks 
IShift: bets $0.25
Kevykev88: folds 
Uncalled bet ($0.25) returned to IShift
IShift collected $1.55 from pot
*** SUMMARY ***
Total pot $1.60 | Rake $0.05 
Board [5h Qh 6s Jc]
Seat 1: shindoe folded before Flop (didn't bet)
Seat 2: sic weed folded before Flop (didn't bet)
Seat 3: RBinthehouse folded before Flop (didn't bet)
Seat 4: Tirice folded before Flop (didn't bet)
Seat 5: Julyette folded before Flop (didn't bet)
Seat 6: IShift collected ($1.55)
Seat 7: Alameda22 (button) folded before Flop (didn't bet)
Seat 8: Skudero (small blind) folded before Flop
Seat 9: Kevykev88 (big blind) folded on the Turn



PokerStars Game #19827215674:  Hold'em No Limit ($0.10/$0.25) - 2008/08/23 - 01:21:37 (ET)
Table 'Adeona' 9-max Seat #8 is the button
Seat 1: shindoe ($22.10 in chips) 
Seat 2: sic weed ($3.50 in chips) 
Seat 3: RBinthehouse ($32 in chips) 
Seat 4: Tirice ($33 in chips) 
Seat 5: Julyette ($6.05 in chips) 
Seat 6: IShift ($31.10 in chips) 
Seat 7: Alameda22 ($23.55 in chips) 
Seat 8: Skudero ($21.90 in chips) 
Seat 9: Kevykev88 ($32.10 in chips) 
Kevykev88: posts small blind $0.10
shindoe: posts big blind $0.25
*** HOLE CARDS ***
Dealt to Alameda22 [Js 9c]
sic weed: folds 
RBinthehouse: folds 
Tirice: folds 
Julyette: folds 
IShift: calls $0.25
Alameda22: folds 
Skudero: folds 
Kevykev88: calls $0.15
shindoe: checks 
*** FLOP *** [Kd 7h Qd]
Kevykev88: checks 
shindoe: checks 
IShift: bets $0.25
Kevykev88: calls $0.25
shindoe: raises $1.25 to $1.50
IShift: raises $1.25 to $2.75
Kevykev88: folds 
shindoe: calls $1.25
*** TURN *** [Kd 7h Qd] [6h]
shindoe: bets $3.75
IShift: raises $3.75 to $7.50
shindoe: folds 
Uncalled bet ($3.75) returned to IShift
IShift collected $13.35 from pot
*** SUMMARY ***
Total pot $14 | Rake $0.65 
Board [Kd 7h Qd 6h]
Seat 1: shindoe (big blind) folded on the Turn
Seat 2: sic weed folded before Flop (didn't bet)
Seat 3: RBinthehouse folded before Flop (didn't bet)
Seat 4: Tirice folded before Flop (didn't bet)
Seat 5: Julyette folded before Flop (didn't bet)
Seat 6: IShift collected ($13.35)
Seat 7: Alameda22 folded before Flop (didn't bet)
Seat 8: Skudero (button) folded before Flop (didn't bet)
Seat 9: Kevykev88 (small blind) folded on the Flop



PokerStars Game #19827239647:  Hold'em No Limit ($0.10/$0.25) - 2008/08/23 - 01:23:16 (ET)
Table 'Adeona' 9-max Seat #9 is the button
Seat 1: shindoe ($15.35 in chips) 
Seat 2: sic weed ($3.50 in chips) 
Seat 3: RBinthehouse ($32 in chips) 
Seat 4: Tirice ($33 in chips) 
Seat 5: Julyette ($6.05 in chips) 
Seat 6: IShift ($37.70 in chips) 
Seat 7: Alameda22 ($23.55 in chips) 
Seat 8: Skudero ($21.90 in chips) 
Seat 9: Kevykev88 ($31.60 in chips) 
shindoe: posts small blind $0.10
sic weed: posts big blind $0.25
*** HOLE CARDS ***
Dealt to Alameda22 [Kh 8s]
RBinthehouse: folds 
Tirice: folds 
Julyette: folds 
IShift: folds 
Alameda22: folds 
Skudero: folds 
Kevykev88: calls $0.25
shindoe: folds 
sic weed: checks 
*** FLOP *** [8d Kd 2s]
sic weed: checks 
Kevykev88: checks 
*** TURN *** [8d Kd 2s] [7s]
sic weed: checks 
Kevykev88: bets $0.75
sic weed: folds 
Uncalled bet ($0.75) returned to Kevykev88
Kevykev88 collected $0.60 from pot
*** SUMMARY ***
Total pot $0.60 | Rake $0 
Board [8d Kd 2s 7s]
Seat 1: shindoe (small blind) folded before Flop
Seat 2: sic weed (big blind) folded on the Turn
Seat 3: RBinthehouse folded before Flop (didn't bet)
Seat 4: Tirice folded before Flop (didn't bet)
Seat 5: Julyette folded before Flop (didn't bet)
Seat 6: IShift folded before Flop (didn't bet)
Seat 7: Alameda22 folded before Flop (didn't bet)
Seat 8: Skudero folded before Flop (didn't bet)
Seat 9: Kevykev88 (button) collected ($0.60)



PokerStars Game #19827257156:  Hold'em No Limit ($0.10/$0.25) - 2008/08/23 - 01:24:29 (ET)
Table 'Adeona' 9-max Seat #1 is the button
Seat 1: shindoe ($25 in chips) 
Seat 2: sic weed ($3.25 in chips) 
Seat 3: RBinthehouse ($32 in chips) 
Seat 4: Tirice ($33 in chips) 
Seat 5: Julyette ($6.05 in chips) 
Seat 6: IShift ($37.70 in chips) 
Seat 7: Alameda22 ($23.55 in chips) 
Seat 8: Skudero ($21.90 in chips) 
Seat 9: Kevykev88 ($31.95 in chips) 
sic weed: posts small blind $0.10
RBinthehouse: posts big blind $0.25
*** HOLE CARDS ***
Dealt to Alameda22 [Tc Jd]
Tirice: folds 
Julyette: folds 
IShift: calls $0.25
Alameda22: folds 
Skudero: folds 
Kevykev88: folds 
shindoe: folds 
sic weed: folds 
RBinthehouse: raises $0.25 to $0.50
IShift: calls $0.25
*** FLOP *** [Qs 7d Qc]
RBinthehouse: checks 
IShift: bets $0.25
RBinthehouse: folds 
Uncalled bet ($0.25) returned to IShift
IShift collected $1.05 from pot
*** SUMMARY ***
Total pot $1.10 | Rake $0.05 
Board [Qs 7d Qc]
Seat 1: shindoe (button) folded before Flop (didn't bet)
Seat 2: sic weed (small blind) folded before Flop
Seat 3: RBinthehouse (big blind) folded on the Flop
Seat 4: Tirice folded before Flop (didn't bet)
Seat 5: Julyette folded before Flop (didn't bet)
Seat 6: IShift collected ($1.05)
Seat 7: Alameda22 folded before Flop (didn't bet)
Seat 8: Skudero folded before Flop (didn't bet)
Seat 9: Kevykev88 folded before Flop (didn't bet)



PokerStars Game #19827277585:  Hold'em No Limit ($0.10/$0.25) - 2008/08/23 - 01:25:54 (ET)
Table 'Adeona' 9-max Seat #2 is the button
Seat 1: shindoe ($25 in chips) 
Seat 2: sic weed ($3.15 in chips) 
Seat 3: RBinthehouse ($31.50 in chips) 
Seat 4: Tirice ($33 in chips) 
Seat 5: Julyette ($6.05 in chips) 
Seat 6: IShift ($38.25 in chips) 
Seat 7: Alameda22 ($23.55 in chips) 
Seat 8: Skudero ($21.90 in chips) 
Seat 9: Kevykev88 ($31.95 in chips) 
RBinthehouse: posts small blind $0.10
Tirice: posts big blind $0.25
*** HOLE CARDS ***
Dealt to Alameda22 [5c Ac]
Julyette: folds 
IShift: calls $0.25
Julyette leaves the table
Alameda22: folds 
Skudero: folds 
Superflush joins the table at seat #5 
Kevykev88: folds 
shindoe: raises $0.75 to $1
sic weed: folds 
RBinthehouse: calls $0.90
Tirice: folds 
IShift: calls $0.75
*** FLOP *** [Kh 6c Jc]
RBinthehouse: checks 
IShift: checks 
shindoe: bets $1
RBinthehouse: calls $1
IShift: folds 
*** TURN *** [Kh 6c Jc] [7s]
RBinthehouse: checks 
shindoe: bets $2
RBinthehouse: calls $2
*** RIVER *** [Kh 6c Jc 7s] [5d]
RBinthehouse: checks 
shindoe: bets $3.50
RBinthehouse: folds 
Uncalled bet ($3.50) returned to shindoe
shindoe collected $8.80 from pot
shindoe: doesn't show hand 
*** SUMMARY ***
Total pot $9.25 | Rake $0.45 
Board [Kh 6c Jc 7s 5d]
Seat 1: shindoe collected ($8.80)
Seat 2: sic weed (button) folded before Flop (didn't bet)
Seat 3: RBinthehouse (small blind) folded on the River
Seat 4: Tirice (big blind) folded before Flop
Seat 5: Julyette folded before Flop (didn't bet)
Seat 6: IShift folded on the Flop
Seat 7: Alameda22 folded before Flop (didn't bet)
Seat 8: Skudero folded before Flop (didn't bet)
Seat 9: Kevykev88 folded before Flop (didn't bet)



PokerStars Game #19827305194:  Hold'em No Limit ($0.10/$0.25) - 2008/08/23 - 01:27:50 (ET)
Table 'Adeona' 9-max Seat #3 is the button
Seat 1: shindoe ($29.80 in chips) 
Seat 2: sic weed ($3.15 in chips) 
Seat 3: RBinthehouse ($27.50 in chips) 
Seat 4: Tirice ($32.75 in chips) 
Seat 5: Superflush ($25 in chips) 
Seat 6: IShift ($37.25 in chips) 
Seat 7: Alameda22 ($23.55 in chips) 
Seat 8: Skudero ($21.90 in chips) 
Seat 9: Kevykev88 ($31.95 in chips) 
Tirice: posts small blind $0.10
Superflush: posts big blind $0.25
*** HOLE CARDS ***
Dealt to Alameda22 [Ts Jc]
IShift: raises $0.25 to $0.50
Alameda22: folds 
Skudero: folds 
Kevykev88: folds 
shindoe: folds 
sic weed: calls $0.50
RBinthehouse: calls $0.50
Tirice: calls $0.40
Superflush: calls $0.25
*** FLOP *** [7d 8h 7s]
Tirice: checks 
Superflush: checks 
IShift: bets $1
sic weed: folds 
RBinthehouse: calls $1
Tirice: folds 
Superflush: folds 
*** TURN *** [7d 8h 7s] [2d]
IShift: checks 
RBinthehouse: bets $0.75
IShift: raises $0.75 to $1.50
RBinthehouse: calls $0.75
*** RIVER *** [7d 8h 7s 2d] [4c]
IShift: checks 
RBinthehouse: checks 
*** SHOW DOWN ***
IShift: shows [6d Qd] (a pair of Sevens)
RBinthehouse: shows [4h 5d] (two pair, Sevens and Fours)
RBinthehouse collected $7.15 from pot
*** SUMMARY ***
Total pot $7.50 | Rake $0.35 
Board [7d 8h 7s 2d 4c]
Seat 1: shindoe folded before Flop (didn't bet)
Seat 2: sic weed folded on the Flop
Seat 3: RBinthehouse (button) showed [4h 5d] and won ($7.15) with two pair, Sevens and Fours
Seat 4: Tirice (small blind) folded on the Flop
Seat 5: Superflush (big blind) folded on the Flop
Seat 6: IShift showed [6d Qd] and lost with a pair of Sevens
Seat 7: Alameda22 folded before Flop (didn't bet)
Seat 8: Skudero folded before Flop (didn't bet)
Seat 9: Kevykev88 folded before Flop (didn't bet)



PokerStars Game #19827328842:  Hold'em No Limit ($0.10/$0.25) - 2008/08/23 - 01:29:31 (ET)
Table 'Adeona' 9-max Seat #4 is the button
Seat 1: shindoe ($29.80 in chips) 
Seat 2: sic weed ($2.65 in chips) 
Seat 3: RBinthehouse ($31.65 in chips) 
Seat 4: Tirice ($32.25 in chips) 
Seat 5: Superflush ($24.50 in chips) 
Seat 6: IShift ($34.25 in chips) 
Seat 7: Alameda22 ($23.55 in chips) 
Seat 8: Skudero ($21.90 in chips) 
Seat 9: Kevykev88 ($31.95 in chips) 
Superflush: posts small blind $0.10
IShift: posts big blind $0.25
*** HOLE CARDS ***
Dealt to Alameda22 [7c 3d]
Alameda22: folds 
Skudero: folds 
Kevykev88: calls $0.25
shindoe: folds 
sic weed: folds 
RBinthehouse: folds 
Tirice: folds 
Superflush: folds 
IShift: checks 
*** FLOP *** [9s 5s Jh]
IShift: checks 
Kevykev88: checks 
*** TURN *** [9s 5s Jh] [4s]
IShift: checks 
Kevykev88: bets $0.25
IShift: raises $0.25 to $0.50
Kevykev88: calls $0.25
*** RIVER *** [9s 5s Jh 4s] [Js]
IShift: bets $2
Kevykev88: calls $2
*** SHOW DOWN ***
IShift: shows [9c Jc] (a full house, Jacks full of Nines)
Kevykev88: mucks hand 
IShift collected $5.35 from pot
*** SUMMARY ***
Total pot $5.60 | Rake $0.25 
Board [9s 5s Jh 4s Js]
Seat 1: shindoe folded before Flop (didn't bet)
Seat 2: sic weed folded before Flop (didn't bet)
Seat 3: RBinthehouse folded before Flop (didn't bet)
Seat 4: Tirice (button) folded before Flop (didn't bet)
Seat 5: Superflush (small blind) folded before Flop
Seat 6: IShift (big blind) showed [9c Jc] and won ($5.35) with a full house, Jacks full of Nines
Seat 7: Alameda22 folded before Flop (didn't bet)
Seat 8: Skudero folded before Flop (didn't bet)
Seat 9: Kevykev88 mucked [2s Kc]



PokerStars Game #19827346573:  Hold'em No Limit ($0.10/$0.25) - 2008/08/23 - 01:30:48 (ET)
Table 'Adeona' 9-max Seat #5 is the button
Seat 1: shindoe ($29.80 in chips) 
Seat 2: sic weed ($2.65 in chips) 
Seat 3: RBinthehouse ($31.65 in chips) 
Seat 4: Tirice ($32.25 in chips) 
Seat 5: Superflush ($24.40 in chips) 
Seat 6: IShift ($36.85 in chips) 
Seat 7: Alameda22 ($23.55 in chips) 
Seat 8: Skudero ($21.90 in chips) 
Seat 9: Kevykev88 ($29.20 in chips) 
IShift: posts small blind $0.10
Alameda22: posts big blind $0.25
*** HOLE CARDS ***
Dealt to Alameda22 [7s 9c]
Skudero: folds 
Kevykev88: calls $0.25
shindoe: folds 
sic weed: folds 
RBinthehouse: calls $0.25
Tirice: folds 
Superflush: folds 
IShift: raises $0.25 to $0.50
Alameda22: folds 
Kevykev88: calls $0.25
RBinthehouse: calls $0.25
*** FLOP *** [Ts 7d 2s]
IShift: bets $1
Kevykev88: raises $1 to $2
RBinthehouse: folds 
IShift: calls $1
*** TURN *** [Ts 7d 2s] [Tc]
IShift: checks 
Kevykev88: checks 
*** RIVER *** [Ts 7d 2s Tc] [4c]
IShift: bets $5
Kevykev88: raises $10 to $15
IShift: calls $10
*** SHOW DOWN ***
Kevykev88: shows [Qs Th] (three of a kind, Tens)
IShift: shows [4d 4h] (a full house, Fours full of Tens)
IShift collected $34 from pot
*** SUMMARY ***
Total pot $35.75 | Rake $1.75 
Board [Ts 7d 2s Tc 4c]
Seat 1: shindoe folded before Flop (didn't bet)
Seat 2: sic weed folded before Flop (didn't bet)
Seat 3: RBinthehouse folded on the Flop
Seat 4: Tirice folded before Flop (didn't bet)
Seat 5: Superflush (button) folded before Flop (didn't bet)
Seat 6: IShift (small blind) showed [4d 4h] and won ($34) with a full house, Fours full of Tens
Seat 7: Alameda22 (big blind) folded before Flop
Seat 8: Skudero folded before Flop (didn't bet)
Seat 9: Kevykev88 showed [Qs Th] and lost with three of a kind, Tens



PokerStars Game #19827374473:  Hold'em No Limit ($0.10/$0.25) - 2008/08/23 - 01:32:40 (ET)
Table 'Adeona' 9-max Seat #6 is the button
Seat 1: shindoe ($29.80 in chips) 
Seat 2: sic weed ($2.65 in chips) 
Seat 3: RBinthehouse ($31.15 in chips) 
Seat 4: Tirice ($32.25 in chips) 
Seat 5: Superflush ($24.40 in chips) 
Seat 6: IShift ($53.35 in chips) 
Seat 7: Alameda22 ($23.30 in chips) 
Seat 8: Skudero ($21.90 in chips) 
Seat 9: Kevykev88 ($11.70 in chips) 
Alameda22: posts small blind $0.10
Skudero: posts big blind $0.25
*** HOLE CARDS ***
Dealt to Alameda22 [2c 2s]
Kevykev88: folds 
shindoe: folds 
sic weed: folds 
RBinthehouse: calls $0.25
Tirice: folds 
Superflush: folds 
IShift: folds 
Alameda22: calls $0.15
Skudero: checks 
*** FLOP *** [7h 6c Kc]
Alameda22: checks 
Skudero: checks 
RBinthehouse: bets $0.50
Alameda22: folds 
Skudero: folds 
Uncalled bet ($0.50) returned to RBinthehouse
RBinthehouse collected $0.75 from pot
*** SUMMARY ***
Total pot $0.75 | Rake $0 
Board [7h 6c Kc]
Seat 1: shindoe folded before Flop (didn't bet)
Seat 2: sic weed folded before Flop (didn't bet)
Seat 3: RBinthehouse collected ($0.75)
Seat 4: Tirice folded before Flop (didn't bet)
Seat 5: Superflush folded before Flop (didn't bet)
Seat 6: IShift (button) folded before Flop (didn't bet)
Seat 7: Alameda22 (small blind) folded on the Flop
Seat 8: Skudero (big blind) folded on the Flop
Seat 9: Kevykev88 folded before Flop (didn't bet)



PokerStars Game #19827391837:  Hold'em No Limit ($0.10/$0.25) - 2008/08/23 - 01:33:49 (ET)
Table 'Adeona' 9-max Seat #7 is the button
Seat 1: shindoe ($29.80 in chips) 
Seat 2: sic weed ($2.65 in chips) 
Seat 3: RBinthehouse ($31.65 in chips) 
Seat 4: Tirice ($32.25 in chips) 
Seat 5: Superflush ($24.40 in chips) 
Seat 6: IShift ($53.35 in chips) 
Seat 7: Alameda22 ($23.05 in chips) 
Seat 8: Skudero ($21.65 in chips) 
Seat 9: Kevykev88 ($11.70 in chips) 
Skudero: posts small blind $0.10
Kevykev88: posts big blind $0.25
*** HOLE CARDS ***
Dealt to Alameda22 [2d Ac]
shindoe: folds 
sic weed: folds 
RBinthehouse: calls $0.25
Tirice: folds 
Superflush: folds 
IShift: raises $0.25 to $0.50
Alameda22: folds 
Skudero: folds 
Kevykev88: calls $0.25
RBinthehouse: calls $0.25
*** FLOP *** [6c 5s Ad]
Kevykev88: checks 
RBinthehouse: bets $0.75
IShift: raises $0.75 to $1.50
Kevykev88: folds 
RBinthehouse: calls $0.75
*** TURN *** [6c 5s Ad] [7d]
RBinthehouse: bets $2
IShift: calls $2
*** RIVER *** [6c 5s Ad 7d] [6d]
RBinthehouse: checks 
IShift: bets $0.50
RBinthehouse: calls $0.50
*** SHOW DOWN ***
IShift: shows [8h Qd] (a pair of Sixes)
RBinthehouse: shows [7s As] (two pair, Aces and Sevens)
RBinthehouse collected $9.15 from pot
*** SUMMARY ***
Total pot $9.60 | Rake $0.45 
Board [6c 5s Ad 7d 6d]
Seat 1: shindoe folded before Flop (didn't bet)
Seat 2: sic weed folded before Flop (didn't bet)
Seat 3: RBinthehouse showed [7s As] and won ($9.15) with two pair, Aces and Sevens
Seat 4: Tirice folded before Flop (didn't bet)
Seat 5: Superflush folded before Flop (didn't bet)
Seat 6: IShift showed [8h Qd] and lost with a pair of Sixes
Seat 7: Alameda22 (button) folded before Flop (didn't bet)
Seat 8: Skudero (small blind) folded before Flop
Seat 9: Kevykev88 (big blind) folded on the Flop



PokerStars Game #19827420840:  Hold'em No Limit ($0.10/$0.25) - 2008/08/23 - 01:35:47 (ET)
Table 'Adeona' 9-max Seat #8 is the button
Seat 1: shindoe ($29.80 in chips) 
Seat 2: sic weed ($2.65 in chips) 
Seat 3: RBinthehouse ($36.30 in chips) 
Seat 4: Tirice ($32.25 in chips) 
Seat 5: Superflush ($24.40 in chips) 
Seat 6: IShift ($48.85 in chips) 
Seat 7: Alameda22 ($23.05 in chips) 
Seat 8: Skudero ($21.55 in chips) 
Seat 9: Kevykev88 ($11.20 in chips) 
Kevykev88: posts small blind $0.10
shindoe: posts big blind $0.25
*** HOLE CARDS ***
Dealt to Alameda22 [8h Jd]
sic weed: folds 
RBinthehouse: raises $0.25 to $0.50
Tirice: folds 
Superflush: folds 
IShift: folds 
Alameda22: folds 
Skudero: folds 
Kevykev88: raises $0.25 to $0.75
shindoe: folds 
RBinthehouse: calls $0.25
*** FLOP *** [4h 9h 7s]
Kevykev88: bets $10.45 and is all-in
RBinthehouse said, "really"
RBinthehouse: folds 
Uncalled bet ($10.45) returned to Kevykev88
Kevykev88 collected $1.70 from pot
Kevykev88: doesn't show hand 
*** SUMMARY ***
Total pot $1.75 | Rake $0.05 
Board [4h 9h 7s]
Seat 1: shindoe (big blind) folded before Flop
Seat 2: sic weed folded before Flop (didn't bet)
Seat 3: RBinthehouse folded on the Flop
Seat 4: Tirice folded before Flop (didn't bet)
Seat 5: Superflush folded before Flop (didn't bet)
Seat 6: IShift folded before Flop (didn't bet)
Seat 7: Alameda22 folded before Flop (didn't bet)
Seat 8: Skudero (button) folded before Flop (didn't bet)
Seat 9: Kevykev88 (small blind) collected ($1.70)



PokerStars Game #19827442397:  Hold'em No Limit ($0.10/$0.25) - 2008/08/23 - 01:37:15 (ET)
Table 'Adeona' 9-max Seat #9 is the button
Seat 1: shindoe ($29.55 in chips) 
Seat 2: sic weed ($2.65 in chips) 
Seat 3: RBinthehouse ($35.55 in chips) 
Seat 4: Tirice ($32.25 in chips) 
Seat 5: Superflush ($24.40 in chips) 
Seat 6: IShift ($48.85 in chips) 
Seat 7: Alameda22 ($23.05 in chips) 
Seat 8: Skudero ($21.55 in chips) 
Seat 9: Kevykev88 ($12.15 in chips) 
shindoe: posts small blind $0.10
sic weed: posts big blind $0.25
*** HOLE CARDS ***
Dealt to Alameda22 [Ad 2s]
RBinthehouse: raises $0.50 to $0.75
Tirice: calls $0.75
Superflush: folds 
IShift: calls $0.75
Alameda22: folds 
Skudero: folds 
Kevykev88: calls $0.75
shindoe: folds 
sic weed: folds 
*** FLOP *** [4d 5d 4c]
RBinthehouse: bets $0.75
Tirice: folds 
IShift: folds 
Kevykev88: calls $0.75
*** TURN *** [4d 5d 4c] [7h]
RBinthehouse: bets $0.75
Kevykev88: calls $0.75
*** RIVER *** [4d 5d 4c 7h] [6s]
RBinthehouse: checks 
Kevykev88: bets $1.25
RBinthehouse: folds 
Uncalled bet ($1.25) returned to Kevykev88
Kevykev88 collected $6.05 from pot
*** SUMMARY ***
Total pot $6.35 | Rake $0.30 
Board [4d 5d 4c 7h 6s]
Seat 1: shindoe (small blind) folded before Flop
Seat 2: sic weed (big blind) folded before Flop
Seat 3: RBinthehouse folded on the River
Seat 4: Tirice folded on the Flop
Seat 5: Superflush folded before Flop (didn't bet)
Seat 6: IShift folded on the Flop
Seat 7: Alameda22 folded before Flop (didn't bet)
Seat 8: Skudero folded before Flop (didn't bet)
Seat 9: Kevykev88 (button) collected ($6.05)



PokerStars Game #19827476107:  Hold'em No Limit ($0.10/$0.25) - 2008/08/23 - 01:39:34 (ET)
Table 'Adeona' 9-max Seat #1 is the button
Seat 1: shindoe ($29.45 in chips) 
Seat 2: sic weed ($2.40 in chips) 
Seat 3: RBinthehouse ($33.30 in chips) 
Seat 4: Tirice ($31.50 in chips) 
Seat 5: Superflush ($24.40 in chips) 
Seat 6: IShift ($48.10 in chips) 
Seat 7: Alameda22 ($23.05 in chips) 
Seat 8: Skudero ($21.55 in chips) 
Seat 9: Kevykev88 ($15.95 in chips) 
sic weed: posts small blind $0.10
RBinthehouse: posts big blind $0.25
*** HOLE CARDS ***
Dealt to Alameda22 [9s 3s]
Tirice: calls $0.25
Superflush: folds 
IShift: calls $0.25
Alameda22: folds 
Skudero: folds 
Kevykev88: calls $0.25
shindoe: raises $1.25 to $1.50
sic weed: folds 
RBinthehouse: calls $1.25
Tirice: calls $1.25
IShift: folds 
Kevykev88: folds 
*** FLOP *** [Ah Qs 7d]
RBinthehouse: checks 
Tirice: checks 
shindoe: bets $2.50
RBinthehouse: calls $2.50
Tirice: raises $5 to $7.50
shindoe: folds 
RBinthehouse: calls $5
*** TURN *** [Ah Qs 7d] [8h]
RBinthehouse: checks 
Tirice: bets $13
RBinthehouse: calls $13
*** RIVER *** [Ah Qs 7d 8h] [8d]
RBinthehouse: checks 
Tirice: bets $9.50 and is all-in
RBinthehouse: calls $9.50
*** SHOW DOWN ***
Tirice: shows [7s 7h] (a full house, Sevens full of Eights)
RBinthehouse: mucks hand 
Tirice collected $64.60 from pot
*** SUMMARY ***
Total pot $67.60 | Rake $3 
Board [Ah Qs 7d 8h 8d]
Seat 1: shindoe (button) folded on the Flop
Seat 2: sic weed (small blind) folded before Flop
Seat 3: RBinthehouse (big blind) mucked [3d As]
Seat 4: Tirice showed [7s 7h] and won ($64.60) with a full house, Sevens full of Eights
Seat 5: Superflush folded before Flop (didn't bet)
Seat 6: IShift folded before Flop
Seat 7: Alameda22 folded before Flop (didn't bet)
Seat 8: Skudero folded before Flop (didn't bet)
Seat 9: Kevykev88 folded before Flop



PokerStars Game #19827501912:  Hold'em No Limit ($0.10/$0.25) - 2008/08/23 - 01:41:20 (ET)
Table 'Adeona' 9-max Seat #2 is the button
Seat 1: shindoe ($25.45 in chips) 
Seat 2: sic weed ($2.30 in chips) 
Seat 3: RBinthehouse ($1.80 in chips) 
Seat 4: Tirice ($64.60 in chips) 
Seat 5: Superflush ($24.40 in chips) 
Seat 6: IShift ($47.85 in chips) 
Seat 7: Alameda22 ($23.05 in chips) 
Seat 8: Skudero ($21.55 in chips) 
Seat 9: Kevykev88 ($15.70 in chips) 
RBinthehouse: posts small blind $0.10
Tirice: posts big blind $0.25
*** HOLE CARDS ***
Dealt to Alameda22 [3s 8h]
Superflush: folds 
IShift: folds 
IShift said, "glückwunsch nach hannover"
Alameda22: folds 
Skudero: folds 
Kevykev88: folds 
shindoe: folds 
sic weed: folds 
RBinthehouse: raises $1.55 to $1.80 and is all-in
Tirice: folds 
Uncalled bet ($1.55) returned to RBinthehouse
RBinthehouse collected $0.50 from pot
RBinthehouse: doesn't show hand 
*** SUMMARY ***
Total pot $0.50 | Rake $0 
Seat 1: shindoe folded before Flop (didn't bet)
Seat 2: sic weed (button) folded before Flop (didn't bet)
Seat 3: RBinthehouse (small blind) collected ($0.50)
Seat 4: Tirice (big blind) folded before Flop
Seat 5: Superflush folded before Flop (didn't bet)
Seat 6: IShift folded before Flop (didn't bet)
Seat 7: Alameda22 folded before Flop (didn't bet)
Seat 8: Skudero folded before Flop (didn't bet)
Seat 9: Kevykev88 folded before Flop (didn't bet)



PokerStars Game #19827517254:  Hold'em No Limit ($0.10/$0.25) - 2008/08/23 - 01:42:24 (ET)
Table 'Adeona' 9-max Seat #3 is the button
Seat 1: shindoe ($25.45 in chips) 
Seat 2: sic weed ($2.30 in chips) 
Seat 3: RBinthehouse ($2.05 in chips) 
Seat 4: Tirice ($64.35 in chips) 
Seat 5: Superflush ($24.40 in chips) 
Seat 6: IShift ($47.85 in chips) 
Seat 7: Alameda22 ($23.05 in chips) 
Seat 8: Skudero ($21.55 in chips) 
Seat 9: Kevykev88 ($15.70 in chips) 
Tirice: posts small blind $0.10
Superflush: posts big blind $0.25
*** HOLE CARDS ***
Dealt to Alameda22 [Td Qh]
IShift: calls $0.25
Alameda22: folds 
Skudero: folds 
Kevykev88: calls $0.25
shindoe: folds 
sic weed: folds 
RBinthehouse: raises $1.80 to $2.05 and is all-in
Tirice: folds 
Superflush: folds 
IShift: folds 
Kevykev88: folds 
Uncalled bet ($1.80) returned to RBinthehouse
RBinthehouse collected $1.10 from pot
RBinthehouse: doesn't show hand 
*** SUMMARY ***
Total pot $1.10 | Rake $0 
Seat 1: shindoe folded before Flop (didn't bet)
Seat 2: sic weed folded before Flop (didn't bet)
Seat 3: RBinthehouse (button) collected ($1.10)
Seat 4: Tirice (small blind) folded before Flop
Seat 5: Superflush (big blind) folded before Flop
Seat 6: IShift folded before Flop
Seat 7: Alameda22 folded before Flop (didn't bet)
Seat 8: Skudero folded before Flop (didn't bet)
Seat 9: Kevykev88 folded before Flop



PokerStars Game #19827532137:  Hold'em No Limit ($0.10/$0.25) - 2008/08/23 - 01:43:26 (ET)
Table 'Adeona' 9-max Seat #4 is the button
Seat 1: shindoe ($25.45 in chips) 
Seat 2: sic weed ($2.30 in chips) 
Seat 3: RBinthehouse ($2.90 in chips) 
Seat 4: Tirice ($64.25 in chips) 
Seat 5: Superflush ($24.15 in chips) 
Seat 6: IShift ($47.60 in chips) 
Seat 7: Alameda22 ($23.05 in chips) 
Seat 8: Skudero ($21.55 in chips) 
Seat 9: Kevykev88 ($15.45 in chips) 
Superflush: posts small blind $0.10
IShift: posts big blind $0.25
*** HOLE CARDS ***
Dealt to Alameda22 [Kh 9c]
Alameda22: folds 
Skudero: folds 
Kevykev88: raises $0.25 to $0.50
shindoe: raises $1 to $1.50
sic weed: folds 
RBinthehouse: raises $1.40 to $2.90 and is all-in
Tirice: folds 
Superflush: folds 
IShift: folds 
Kevykev88: folds 
shindoe: calls $1.40
*** FLOP *** [Jc 6s Ks]
*** TURN *** [Jc 6s Ks] [Tc]
*** RIVER *** [Jc 6s Ks Tc] [8d]
*** SHOW DOWN ***
shindoe: shows [Jd Ad] (a pair of Jacks)
RBinthehouse: mucks hand 
shindoe collected $6.35 from pot
*** SUMMARY ***
Total pot $6.65 | Rake $0.30 
Board [Jc 6s Ks Tc 8d]
Seat 1: shindoe showed [Jd Ad] and won ($6.35) with a pair of Jacks
Seat 2: sic weed folded before Flop (didn't bet)
Seat 3: RBinthehouse mucked [5c 7c]
Seat 4: Tirice (button) folded before Flop (didn't bet)
Seat 5: Superflush (small blind) folded before Flop
Seat 6: IShift (big blind) folded before Flop
Seat 7: Alameda22 folded before Flop (didn't bet)
Seat 8: Skudero folded before Flop (didn't bet)
Seat 9: Kevykev88 folded before Flop



PokerStars Game #19827543511:  Hold'em No Limit ($0.10/$0.25) - 2008/08/23 - 01:44:15 (ET)
Table 'Adeona' 9-max Seat #5 is the button
Seat 1: shindoe ($28.90 in chips) 
Seat 2: sic weed ($2.30 in chips) 
Seat 3: RBinthehouse ($22.10 in chips) 
Seat 4: Tirice ($64.25 in chips) 
Seat 5: Superflush ($24.05 in chips) 
Seat 6: IShift ($47.35 in chips) 
Seat 7: Alameda22 ($23.05 in chips) 
Seat 8: Skudero ($21.55 in chips) 
Seat 9: Kevykev88 ($14.95 in chips) 
IShift: posts small blind $0.10
Alameda22: posts big blind $0.25
*** HOLE CARDS ***
Dealt to Alameda22 [Qh 5s]
Skudero: calls $0.25
Kevykev88: calls $0.25
shindoe: folds 
sic weed: raises $2.05 to $2.30 and is all-in
RBinthehouse: calls $2.30
Tirice: folds 
Superflush: folds 
IShift: folds 
Alameda22: folds 
Skudero: calls $2.05
Kevykev88: folds 
*** FLOP *** [8d 6h 9s]
Skudero: checks 
RBinthehouse: checks 
*** TURN *** [8d 6h 9s] [8s]
Skudero: checks 
RBinthehouse: checks 
*** RIVER *** [8d 6h 9s 8s] [Js]
Skudero: checks 
RBinthehouse: bets $1
Skudero: folds 
Uncalled bet ($1) returned to RBinthehouse
*** SHOW DOWN ***
RBinthehouse: shows [2h 2d] (two pair, Eights and Deuces)
sic weed: mucks hand 
RBinthehouse collected $7.15 from pot
*** SUMMARY ***
Total pot $7.50 | Rake $0.35 
Board [8d 6h 9s 8s Js]
Seat 1: shindoe folded before Flop (didn't bet)
Seat 2: sic weed mucked [As 4d]
Seat 3: RBinthehouse showed [2h 2d] and won ($7.15) with two pair, Eights and Deuces
Seat 4: Tirice folded before Flop (didn't bet)
Seat 5: Superflush (button) folded before Flop (didn't bet)
Seat 6: IShift (small blind) folded before Flop
Seat 7: Alameda22 (big blind) folded before Flop
Seat 8: Skudero folded on the River
Seat 9: Kevykev88 folded before Flop



PokerStars Game #19827558186:  Hold'em No Limit ($0.10/$0.25) - 2008/08/23 - 01:45:16 (ET)
Table 'Adeona' 9-max Seat #6 is the button
Seat 1: shindoe ($28.90 in chips) 
Seat 2: sic weed ($5 in chips) 
Seat 3: RBinthehouse ($26.95 in chips) 
Seat 4: Tirice ($64.25 in chips) 
Seat 5: Superflush ($24.05 in chips) 
Seat 6: IShift ($47.25 in chips) 
Seat 7: Alameda22 ($22.80 in chips) 
Seat 8: Skudero ($19.25 in chips) 
Seat 9: Kevykev88 ($14.70 in chips) 
Alameda22: posts small blind $0.10
Skudero: posts big blind $0.25
*** HOLE CARDS ***
Dealt to Alameda22 [3d 8d]
Kevykev88: folds 
shindoe: folds 
sic weed: folds 
RBinthehouse: folds 
Tirice: folds 
Superflush: folds 
IShift: calls $0.25
Alameda22: folds 
Skudero: checks 
*** FLOP *** [6d Qc Ac]
Skudero: checks 
IShift: bets $0.50
Skudero: folds 
Uncalled bet ($0.50) returned to IShift
IShift collected $0.60 from pot
*** SUMMARY ***
Total pot $0.60 | Rake $0 
Board [6d Qc Ac]
Seat 1: shindoe folded before Flop (didn't bet)
Seat 2: sic weed folded before Flop (didn't bet)
Seat 3: RBinthehouse folded before Flop (didn't bet)
Seat 4: Tirice folded before Flop (didn't bet)
Seat 5: Superflush folded before Flop (didn't bet)
Seat 6: IShift (button) collected ($0.60)
Seat 7: Alameda22 (small blind) folded before Flop
Seat 8: Skudero (big blind) folded on the Flop
Seat 9: Kevykev88 folded before Flop (didn't bet)



PokerStars Game #19827571380:  Hold'em No Limit ($0.10/$0.25) - 2008/08/23 - 01:46:12 (ET)
Table 'Adeona' 9-max Seat #7 is the button
Seat 1: shindoe ($28.90 in chips) 
Seat 2: sic weed ($5 in chips) 
Seat 3: RBinthehouse ($26.95 in chips) 
Seat 4: Tirice ($64.25 in chips) 
Seat 5: Superflush ($24.05 in chips) 
Seat 6: IShift ($47.60 in chips) 
Seat 7: Alameda22 ($22.70 in chips) 
Seat 8: Skudero ($19 in chips) 
Seat 9: Kevykev88 ($14.70 in chips) 
Skudero: posts small blind $0.10
Kevykev88: posts big blind $0.25
*** HOLE CARDS ***
Dealt to Alameda22 [Qd 4c]
shindoe: folds 
sic weed: folds 
RBinthehouse: calls $0.25
Tirice: folds 
Superflush: folds 
IShift: folds 
Alameda22: folds 
Skudero: calls $0.15
Kevykev88: checks 
*** FLOP *** [4h 6h 2c]
Skudero: checks 
Kevykev88: checks 
RBinthehouse: checks 
*** TURN *** [4h 6h 2c] [8d]
Skudero: checks 
Kevykev88: bets $1.25
RBinthehouse: calls $1.25
Skudero: folds 
*** RIVER *** [4h 6h 2c 8d] [3c]
Kevykev88: bets $0.75
RBinthehouse: calls $0.75
*** SHOW DOWN ***
Kevykev88: shows [8s 5h] (a straight, Deuce to Six)
RBinthehouse: mucks hand 
Kevykev88 collected $4.55 from pot
*** SUMMARY ***
Total pot $4.75 | Rake $0.20 
Board [4h 6h 2c 8d 3c]
Seat 1: shindoe folded before Flop (didn't bet)
Seat 2: sic weed folded before Flop (didn't bet)
Seat 3: RBinthehouse mucked [8h Js]
Seat 4: Tirice folded before Flop (didn't bet)
Seat 5: Superflush folded before Flop (didn't bet)
Seat 6: IShift folded before Flop (didn't bet)
Seat 7: Alameda22 (button) folded before Flop (didn't bet)
Seat 8: Skudero (small blind) folded on the Turn
Seat 9: Kevykev88 (big blind) showed [8s 5h] and won ($4.55) with a straight, Deuce to Six



PokerStars Game #19827595775:  Hold'em No Limit ($0.10/$0.25) - 2008/08/23 - 01:47:57 (ET)
Table 'Adeona' 9-max Seat #8 is the button
Seat 1: shindoe ($28.90 in chips) 
Seat 2: sic weed ($5 in chips) 
Seat 3: RBinthehouse ($24.70 in chips) 
Seat 4: Tirice ($64.25 in chips) 
Seat 5: Superflush ($24.05 in chips) 
Seat 6: IShift ($47.60 in chips) 
Seat 7: Alameda22 ($22.70 in chips) 
Seat 8: Skudero ($18.75 in chips) 
Seat 9: Kevykev88 ($17 in chips) 
Kevykev88: posts small blind $0.10
shindoe: posts big blind $0.25
*** HOLE CARDS ***
Dealt to Alameda22 [8s 8h]
sic weed: raises $0.25 to $0.50
RBinthehouse: folds 
Tirice: raises $63.75 to $64.25 and is all-in
Superflush: folds 
IShift: folds 
Alameda22: folds 
Skudero: folds 
Kevykev88: folds 
shindoe: folds 
sic weed: folds 
Uncalled bet ($63.75) returned to Tirice
Tirice collected $1.35 from pot
Tirice: doesn't show hand 
*** SUMMARY ***
Total pot $1.35 | Rake $0 
Seat 1: shindoe (big blind) folded before Flop
Seat 2: sic weed folded before Flop
Seat 3: RBinthehouse folded before Flop (didn't bet)
Seat 4: Tirice collected ($1.35)
Seat 5: Superflush folded before Flop (didn't bet)
Seat 6: IShift folded before Flop (didn't bet)
Seat 7: Alameda22 folded before Flop (didn't bet)
Seat 8: Skudero (button) folded before Flop (didn't bet)
Seat 9: Kevykev88 (small blind) folded before Flop



PokerStars Game #19827606665:  Hold'em No Limit ($0.10/$0.25) - 2008/08/23 - 01:48:43 (ET)
Table 'Adeona' 9-max Seat #9 is the button
Seat 1: shindoe ($28.65 in chips) 
Seat 3: RBinthehouse ($24.70 in chips) 
Seat 4: Tirice ($65.10 in chips) 
Seat 5: Superflush ($24.05 in chips) 
Seat 6: IShift ($47.60 in chips) 
Seat 7: Alameda22 ($22.70 in chips) 
Seat 8: Skudero ($18.75 in chips) 
Seat 9: Kevykev88 ($16.90 in chips) 
shindoe: posts small blind $0.10
sic weed: is sitting out 
sic weed leaves the table
RBinthehouse: posts big blind $0.25
*** HOLE CARDS ***
Dealt to Alameda22 [6s Ks]
Tirice: calls $0.25
Superflush: folds 
IShift: calls $0.25
Alameda22: folds 
Skudero: folds 
Kevykev88: folds 
shindoe: raises $0.75 to $1
RBinthehouse: folds 
Tirice: calls $0.75
IShift: calls $0.75
*** FLOP *** [7h 3c Ac]
shindoe: bets $1
Tirice: folds 
IShift: calls $1
*** TURN *** [7h 3c Ac] [7s]
shindoe: bets $1
IShift: raises $1 to $2
shindoe: calls $1
*** RIVER *** [7h 3c Ac 7s] [Kh]
shindoe: checks 
IShift: checks 
*** SHOW DOWN ***
shindoe: shows [5d 6d] (a pair of Sevens)
IShift: shows [Qc Jd] (a pair of Sevens - Ace+King+Queen kicker)
IShift collected $8.80 from pot
*** SUMMARY ***
Total pot $9.25 | Rake $0.45 
Board [7h 3c Ac 7s Kh]
Seat 1: shindoe (small blind) showed [5d 6d] and lost with a pair of Sevens
Seat 3: RBinthehouse (big blind) folded before Flop
Seat 4: Tirice folded on the Flop
Seat 5: Superflush folded before Flop (didn't bet)
Seat 6: IShift showed [Qc Jd] and won ($8.80) with a pair of Sevens
Seat 7: Alameda22 folded before Flop (didn't bet)
Seat 8: Skudero folded before Flop (didn't bet)
Seat 9: Kevykev88 (button) folded before Flop (didn't bet)



PokerStars Game #19827626315:  Hold'em No Limit ($0.10/$0.25) - 2008/08/23 - 01:50:08 (ET)
Table 'Adeona' 9-max Seat #1 is the button
Seat 1: shindoe ($24.65 in chips) 
Seat 3: RBinthehouse ($24.45 in chips) 
Seat 4: Tirice ($64.10 in chips) 
Seat 5: Superflush ($24.05 in chips) 
Seat 6: IShift ($52.40 in chips) 
Seat 7: Alameda22 ($22.70 in chips) 
Seat 8: Skudero ($18.75 in chips) 
Seat 9: Kevykev88 ($16.90 in chips) 
RBinthehouse: posts small blind $0.10
Tirice: posts big blind $0.25
*** HOLE CARDS ***
Dealt to Alameda22 [6h 5c]
Superflush: folds 
IShift: folds 
Alameda22: folds 
Skudero: folds 
Kevykev88: folds 
shindoe: folds 
RBinthehouse: calls $0.15
Tirice: checks 
*** FLOP *** [Ad 7c Ac]
hombs joins the table at seat #2 
RBinthehouse: bets $0.25
Tirice: folds 
Uncalled bet ($0.25) returned to RBinthehouse
RBinthehouse collected $0.50 from pot
*** SUMMARY ***
Total pot $0.50 | Rake $0 
Board [Ad 7c Ac]
Seat 1: shindoe (button) folded before Flop (didn't bet)
Seat 3: RBinthehouse (small blind) collected ($0.50)
Seat 4: Tirice (big blind) folded on the Flop
Seat 5: Superflush folded before Flop (didn't bet)
Seat 6: IShift folded before Flop (didn't bet)
Seat 7: Alameda22 folded before Flop (didn't bet)
Seat 8: Skudero folded before Flop (didn't bet)
Seat 9: Kevykev88 folded before Flop (didn't bet)



PokerStars Game #19827639242:  Hold'em No Limit ($0.10/$0.25) - 2008/08/23 - 01:51:04 (ET)
Table 'Adeona' 9-max Seat #3 is the button
Seat 1: shindoe ($24.65 in chips) 
Seat 2: hombs ($6.50 in chips) 
Seat 3: RBinthehouse ($24.70 in chips) 
Seat 4: Tirice ($63.85 in chips) 
Seat 5: Superflush ($24.05 in chips) 
Seat 6: IShift ($52.40 in chips) 
Seat 7: Alameda22 ($22.70 in chips) 
Seat 8: Skudero ($18.75 in chips) 
Seat 9: Kevykev88 ($16.90 in chips) 
Tirice: posts small blind $0.10
Superflush: posts big blind $0.25
hombs: posts big blind $0.25
*** HOLE CARDS ***
Dealt to Alameda22 [4d 9h]
IShift: folds 
IShift leaves the table
Alameda22: folds 
Skudero: calls $0.25
Kevykev88: calls $0.25
rafaelrrpo joins the table at seat #6 
shindoe: folds 
hombs: checks 
shindoe leaves the table
RBinthehouse: calls $0.25
Tirice: calls $0.15
Superflush: checks 
*** FLOP *** [Kc Ks Ac]
Tirice: checks 
Superflush: checks 
Skudero: checks 
Kevykev88: checks 
hombs: checks 
slicknscc joins the table at seat #1 
RBinthehouse: bets $0.25
Tirice: calls $0.25
Superflush: calls $0.25
Skudero: folds 
Kevykev88: raises $0.25 to $0.50
hombs: folds 
RBinthehouse: folds 
Tirice: calls $0.25
Superflush: calls $0.25
*** TURN *** [Kc Ks Ac] [Qd]
Tirice: checks 
Superflush: checks 
Kevykev88: bets $0.25
Tirice: calls $0.25
Superflush: calls $0.25
*** RIVER *** [Kc Ks Ac Qd] [Jd]
Tirice: checks 
Superflush: checks 
Kevykev88: bets $2.25
Tirice: folds 
Superflush: folds 
Uncalled bet ($2.25) returned to Kevykev88
Kevykev88 collected $3.85 from pot
Kevykev88: doesn't show hand 
*** SUMMARY ***
Total pot $4 | Rake $0.15 
Board [Kc Ks Ac Qd Jd]
Seat 1: shindoe folded before Flop (didn't bet)
Seat 2: hombs folded on the Flop
Seat 3: RBinthehouse (button) folded on the Flop
Seat 4: Tirice (small blind) folded on the River
Seat 5: Superflush (big blind) folded on the River
Seat 6: IShift folded before Flop (didn't bet)
Seat 7: Alameda22 folded before Flop (didn't bet)
Seat 8: Skudero folded on the Flop
Seat 9: Kevykev88 collected ($3.85)



PokerStars Game #19827663723:  Hold'em No Limit ($0.10/$0.25) - 2008/08/23 - 01:52:51 (ET)
Table 'Adeona' 9-max Seat #4 is the button
Seat 2: hombs ($6.25 in chips) 
Seat 3: RBinthehouse ($24.20 in chips) 
Seat 4: Tirice ($62.85 in chips) 
Seat 5: Superflush ($25 in chips) 
Seat 6: rafaelrrpo ($5 in chips) 
Seat 7: Alameda22 ($22.70 in chips) 
Seat 8: Skudero ($18.50 in chips) 
Seat 9: Kevykev88 ($19.75 in chips) 
Superflush: posts small blind $0.10
rafaelrrpo: posts big blind $0.25
slicknscc is disconnected 
slicknscc is connected 
slicknscc: sits out 
*** HOLE CARDS ***
Dealt to Alameda22 [Qs 7s]
Alameda22: folds 
Skudero: folds 
Kevykev88: folds 
hombs: raises $0.50 to $0.75
RBinthehouse: calls $0.75
Tirice: folds 
Superflush: folds 
rafaelrrpo: folds 
*** FLOP *** [Tc Qd 4s]
hombs: checks 
RBinthehouse: bets $0.75
hombs: calls $0.75
*** TURN *** [Tc Qd 4s] [5h]
hombs: checks 
RBinthehouse: bets $2.25
hombs: folds 
Uncalled bet ($2.25) returned to RBinthehouse
RBinthehouse collected $3.20 from pot
*** SUMMARY ***
Total pot $3.35 | Rake $0.15 
Board [Tc Qd 4s 5h]
Seat 2: hombs folded on the Turn
Seat 3: RBinthehouse collected ($3.20)
Seat 4: Tirice (button) folded before Flop (didn't bet)
Seat 5: Superflush (small blind) folded before Flop
Seat 6: rafaelrrpo (big blind) folded before Flop
Seat 7: Alameda22 folded before Flop (didn't bet)
Seat 8: Skudero folded before Flop (didn't bet)
Seat 9: Kevykev88 folded before Flop (didn't bet)



PokerStars Game #19827691158:  Hold'em No Limit ($0.10/$0.25) - 2008/08/23 - 01:54:52 (ET)
Table 'Adeona' 9-max Seat #5 is the button
Seat 2: hombs ($4.75 in chips) 
Seat 3: RBinthehouse ($25.90 in chips) 
Seat 4: Tirice ($62.85 in chips) 
Seat 5: Superflush ($24.90 in chips) 
Seat 6: rafaelrrpo ($4.75 in chips) 
Seat 7: Alameda22 ($22.70 in chips) 
Seat 8: Skudero ($18.50 in chips) 
Seat 9: Kevykev88 ($19.75 in chips) 
rafaelrrpo: posts small blind $0.10
Alameda22: posts big blind $0.25
slicknscc: sits out 
*** HOLE CARDS ***
Dealt to Alameda22 [2s 6s]
Skudero: folds 
Kevykev88: calls $0.25
hombs: folds 
RBinthehouse: folds 
Tirice: folds 
Superflush: folds 
rafaelrrpo: folds 
Alameda22: checks 
*** FLOP *** [As 4d 7d]
Alameda22: checks 
Kevykev88: checks 
*** TURN *** [As 4d 7d] [8d]
Alameda22: checks 
Kevykev88: checks 
*** RIVER *** [As 4d 7d 8d] [Ah]
Alameda22: checks 
Kevykev88: checks 
*** SHOW DOWN ***
Alameda22: shows [2s 6s] (a pair of Aces)
Kevykev88: shows [9h Qh] (a pair of Aces - Queen kicker)
Kevykev88 collected $0.60 from pot
*** SUMMARY ***
Total pot $0.60 | Rake $0 
Board [As 4d 7d 8d Ah]
Seat 2: hombs folded before Flop (didn't bet)
Seat 3: RBinthehouse folded before Flop (didn't bet)
Seat 4: Tirice folded before Flop (didn't bet)
Seat 5: Superflush (button) folded before Flop (didn't bet)
Seat 6: rafaelrrpo (small blind) folded before Flop
Seat 7: Alameda22 (big blind) showed [2s 6s] and lost with a pair of Aces
Seat 8: Skudero folded before Flop (didn't bet)
Seat 9: Kevykev88 showed [9h Qh] and won ($0.60) with a pair of Aces



PokerStars Game #19827714326:  Hold'em No Limit ($0.10/$0.25) - 2008/08/23 - 01:56:35 (ET)
Table 'Adeona' 9-max Seat #6 is the button
Seat 2: hombs ($4.75 in chips) 
Seat 3: RBinthehouse ($25.90 in chips) 
Seat 4: Tirice ($62.85 in chips) 
Seat 5: Superflush ($24.90 in chips) 
Seat 6: rafaelrrpo ($4.65 in chips) 
Seat 7: Alameda22 ($22.45 in chips) 
Seat 8: Skudero ($18.50 in chips) 
Seat 9: Kevykev88 ($20.10 in chips) 
Alameda22: posts small blind $0.10
Skudero: posts big blind $0.25
slicknscc: sits out 
*** HOLE CARDS ***
Dealt to Alameda22 [Ts Th]
Kevykev88: calls $0.25
hombs: folds 
RBinthehouse: calls $0.25
Tirice: folds 
Superflush: folds 
rafaelrrpo: folds 
Alameda22: raises $0.75 to $1
Skudero: calls $0.75
Kevykev88: folds 
RBinthehouse: calls $0.75
*** FLOP *** [9c 9d 3d]
Alameda22: bets $2
Skudero: folds 
RBinthehouse: folds 
Uncalled bet ($2) returned to Alameda22
Alameda22 collected $3.10 from pot
Alameda22: doesn't show hand 
*** SUMMARY ***
Total pot $3.25 | Rake $0.15 
Board [9c 9d 3d]
Seat 2: hombs folded before Flop (didn't bet)
Seat 3: RBinthehouse folded on the Flop
Seat 4: Tirice folded before Flop (didn't bet)
Seat 5: Superflush folded before Flop (didn't bet)
Seat 6: rafaelrrpo (button) folded before Flop (didn't bet)
Seat 7: Alameda22 (small blind) collected ($3.10)
Seat 8: Skudero (big blind) folded on the Flop
Seat 9: Kevykev88 folded before Flop



PokerStars Game #19827734238:  Hold'em No Limit ($0.10/$0.25) - 2008/08/23 - 01:58:04 (ET)
Table 'Adeona' 9-max Seat #7 is the button
Seat 2: hombs ($6.75 in chips) 
Seat 3: RBinthehouse ($24.90 in chips) 
Seat 4: Tirice ($62.85 in chips) 
Seat 5: Superflush ($24.90 in chips) 
Seat 6: rafaelrrpo ($4.65 in chips) 
Seat 7: Alameda22 ($24.55 in chips) 
Seat 8: Skudero ($17.50 in chips) 
Seat 9: Kevykev88 ($19.85 in chips) 
Skudero: posts small blind $0.10
Kevykev88: posts big blind $0.25
slicknscc: sits out 
*** HOLE CARDS ***
Dealt to Alameda22 [Qh 7d]
hombs: raises $0.50 to $0.75
RBinthehouse: calls $0.75
Tirice: folds 
Superflush: folds 
rafaelrrpo: folds 
Alameda22: folds 
Skudero: calls $0.65
Kevykev88: calls $0.50
*** FLOP *** [Jd 8s Kc]
Skudero: checks 
Kevykev88: checks 
hombs: checks 
RBinthehouse: checks 
*** TURN *** [Jd 8s Kc] [As]
Skudero: checks 
Kevykev88: bets $1
hombs: raises $1.75 to $2.75
RBinthehouse: folds 
Skudero: folds 
Kevykev88: folds 
Uncalled bet ($1.75) returned to hombs
hombs collected $4.80 from pot
*** SUMMARY ***
Total pot $5 | Rake $0.20 
Board [Jd 8s Kc As]
Seat 2: hombs collected ($4.80)
Seat 3: RBinthehouse folded on the Turn
Seat 4: Tirice folded before Flop (didn't bet)
Seat 5: Superflush folded before Flop (didn't bet)
Seat 6: rafaelrrpo folded before Flop (didn't bet)
Seat 7: Alameda22 (button) folded before Flop (didn't bet)
Seat 8: Skudero (small blind) folded on the Turn
Seat 9: Kevykev88 (big blind) folded on the Turn



PokerStars Game #19827755083:  Hold'em No Limit ($0.10/$0.25) - 2008/08/23 - 01:59:38 (ET)
Table 'Adeona' 9-max Seat #8 is the button
Seat 1: slicknscc ($25 in chips) 
Seat 2: hombs ($9.80 in chips) 
Seat 3: RBinthehouse ($24.15 in chips) 
Seat 4: Tirice ($62.85 in chips) 
Seat 5: Superflush ($24.90 in chips) 
Seat 6: rafaelrrpo ($4.65 in chips) 
Seat 7: Alameda22 ($24.55 in chips) 
Seat 8: Skudero ($16.75 in chips) 
Seat 9: Kevykev88 ($18.10 in chips) 
Kevykev88: posts small blind $0.10
slicknscc: posts big blind $0.25
*** HOLE CARDS ***
Dealt to Alameda22 [9d 3d]
hombs: folds 
RBinthehouse: calls $0.25
Tirice: folds 
Superflush: folds 
rafaelrrpo: folds 
Alameda22: folds 
Skudero: folds 
Kevykev88: calls $0.15
slicknscc: checks 
*** FLOP *** [Qh 4c Qd]
Kevykev88: checks 
slicknscc: bets $0.50
RBinthehouse: folds 
Kevykev88: folds 
Uncalled bet ($0.50) returned to slicknscc
slicknscc collected $0.75 from pot
slicknscc: doesn't show hand 
*** SUMMARY ***
Total pot $0.75 | Rake $0 
Board [Qh 4c Qd]
Seat 1: slicknscc (big blind) collected ($0.75)
Seat 2: hombs folded before Flop (didn't bet)
Seat 3: RBinthehouse folded on the Flop
Seat 4: Tirice folded before Flop (didn't bet)
Seat 5: Superflush folded before Flop (didn't bet)
Seat 6: rafaelrrpo folded before Flop (didn't bet)
Seat 7: Alameda22 folded before Flop (didn't bet)
Seat 8: Skudero (button) folded before Flop (didn't bet)
Seat 9: Kevykev88 (small blind) folded on the Flop



PokerStars Game #19827771385:  Hold'em No Limit ($0.10/$0.25) - 2008/08/23 - 02:00:51 (ET)
Table 'Adeona' 9-max Seat #9 is the button
Seat 1: slicknscc ($25.50 in chips) 
Seat 3: RBinthehouse ($23.90 in chips) 
Seat 4: Tirice ($62.85 in chips) 
Seat 5: Superflush ($24.90 in chips) 
Seat 6: rafaelrrpo ($4.65 in chips) 
Seat 7: Alameda22 ($24.55 in chips) 
Seat 8: Skudero ($16.75 in chips) 
Seat 9: Kevykev88 ($17.85 in chips) 
slicknscc: posts small blind $0.10
hombs: is sitting out 
RBinthehouse: posts big blind $0.25
*** HOLE CARDS ***
Dealt to Alameda22 [8h Ks]
hombs leaves the table
Tirice: folds 
Superflush: folds 
rafaelrrpo: folds 
Alameda22: folds 
Skudero: folds 
LiLZhiMiNG joins the table at seat #2 
Kevykev88: calls $0.25
slicknscc: folds 
RBinthehouse: checks 
*** FLOP *** [3c 3h 8c]
RBinthehouse: checks 
Kevykev88: bets $0.25
RBinthehouse: folds 
Uncalled bet ($0.25) returned to Kevykev88
Kevykev88 collected $0.60 from pot
*** SUMMARY ***
Total pot $0.60 | Rake $0 
Board [3c 3h 8c]
Seat 1: slicknscc (small blind) folded before Flop
Seat 3: RBinthehouse (big blind) folded on the Flop
Seat 4: Tirice folded before Flop (didn't bet)
Seat 5: Superflush folded before Flop (didn't bet)
Seat 6: rafaelrrpo folded before Flop (didn't bet)
Seat 7: Alameda22 folded before Flop (didn't bet)
Seat 8: Skudero folded before Flop (didn't bet)
Seat 9: Kevykev88 (button) collected ($0.60)



PokerStars Game #19827785576:  Hold'em No Limit ($0.10/$0.25) - 2008/08/23 - 02:01:54 (ET)
Table 'Adeona' 9-max Seat #1 is the button
Seat 1: slicknscc ($25.40 in chips) 
Seat 3: RBinthehouse ($23.65 in chips) 
Seat 6: rafaelrrpo ($4.65 in chips) 
Seat 7: Alameda22 ($24.55 in chips) 
Seat 8: Skudero ($16.75 in chips) 
Seat 9: Kevykev88 ($18.20 in chips) 
LiLZhiMiNG will be allowed to play after the button
RBinthehouse: posts small blind $0.10
Tirice: is sitting out 
Tirice leaves the table
Superflush: is sitting out 
rafaelrrpo: posts big blind $0.25
*** HOLE CARDS ***
Dealt to Alameda22 [Js Qd]
Alameda22: folds 
Skudero: folds 
Kevykev88: calls $0.25
slicknscc: raises $0.50 to $0.75
RBinthehouse: folds 
rafaelrrpo: folds 
Kevykev88: calls $0.50
*** FLOP *** [Ts 4d Jc]
Kevykev88: checks 
slicknscc: bets $1.25
Kevykev88: calls $1.25
*** TURN *** [Ts 4d Jc] [4c]
Kevykev88: bets $1.25
slicknscc: raises $2.75 to $4
Kevykev88: calls $2.75
*** RIVER *** [Ts 4d Jc 4c] [Kd]
Kevykev88: checks 
slicknscc: bets $6
Kevykev88: folds 
Uncalled bet ($6) returned to slicknscc
slicknscc collected $11.75 from pot
slicknscc: doesn't show hand 
*** SUMMARY ***
Total pot $12.35 | Rake $0.60 
Board [Ts 4d Jc 4c Kd]
Seat 1: slicknscc (button) collected ($11.75)
Seat 3: RBinthehouse (small blind) folded before Flop
Seat 6: rafaelrrpo (big blind) folded before Flop
Seat 7: Alameda22 folded before Flop (didn't bet)
Seat 8: Skudero folded before Flop (didn't bet)
Seat 9: Kevykev88 folded on the River



PokerStars Game #19827804825:  Hold'em No Limit ($0.10/$0.25) - 2008/08/23 - 02:03:21 (ET)
Table 'Adeona' 9-max Seat #3 is the button
Seat 1: slicknscc ($31.15 in chips) 
Seat 3: RBinthehouse ($23.55 in chips) 
Seat 6: rafaelrrpo ($4.40 in chips) 
Seat 7: Alameda22 ($24.55 in chips) 
Seat 8: Skudero ($16.75 in chips) 
Seat 9: Kevykev88 ($12.20 in chips) 
rafaelrrpo: posts small blind $0.10
Alameda22: posts big blind $0.25
LiLZhiMiNG: sits out 
*** HOLE CARDS ***
Dealt to Alameda22 [Jc 5s]
Skudero: calls $0.25
Kevykev88: raises $0.25 to $0.50
slicknscc: calls $0.50
RBinthehouse: folds 
rafaelrrpo: folds 
Alameda22: folds 
Skudero: calls $0.25
*** FLOP *** [Kh 3c 6d]
Skudero: checks 
Kevykev88: bets $0.25
slicknscc: folds 
Skudero: folds 
Uncalled bet ($0.25) returned to Kevykev88
Kevykev88 collected $1.80 from pot
Kevykev88: doesn't show hand 
*** SUMMARY ***
Total pot $1.85 | Rake $0.05 
Board [Kh 3c 6d]
Seat 1: slicknscc folded on the Flop
Seat 3: RBinthehouse (button) folded before Flop (didn't bet)
Seat 6: rafaelrrpo (small blind) folded before Flop
Seat 7: Alameda22 (big blind) folded before Flop
Seat 8: Skudero folded on the Flop
Seat 9: Kevykev88 collected ($1.80)



PokerStars Game #19827817828:  Hold'em No Limit ($0.10/$0.25) - 2008/08/23 - 02:04:20 (ET)
Table 'Adeona' 9-max Seat #6 is the button
Seat 1: slicknscc ($30.65 in chips) 
Seat 3: RBinthehouse ($23.55 in chips) 
Seat 6: rafaelrrpo ($4.30 in chips) 
Seat 7: Alameda22 ($24.30 in chips) 
Seat 8: Skudero ($16.25 in chips) 
Seat 9: Kevykev88 ($13.50 in chips) 
Alameda22: posts small blind $0.10
Skudero: posts big blind $0.25
LiLZhiMiNG: sits out 
*** HOLE CARDS ***
Dealt to Alameda22 [Qh Jc]
Kevykev88: raises $0.25 to $0.50
slicknscc: folds 
RBinthehouse: raises $0.50 to $1
rafaelrrpo: folds 
Alameda22: folds 
Skudero: folds 
Kevykev88: calls $0.50
*** FLOP *** [Ks 9c 3c]
Kevykev88: checks 
RBinthehouse: bets $0.50
Kevykev88: calls $0.50
*** TURN *** [Ks 9c 3c] [As]
Kevykev88: checks 
RBinthehouse: bets $0.75
Kevykev88: raises $11.25 to $12 and is all-in
RBinthehouse: calls $11.25
*** RIVER *** [Ks 9c 3c As] [Jh]
*** SHOW DOWN ***
Kevykev88: shows [Ts Js] (a pair of Jacks)
RBinthehouse: shows [Kd Ac] (two pair, Aces and Kings)
RBinthehouse collected $26 from pot
*** SUMMARY ***
Total pot $27.35 | Rake $1.35 
Board [Ks 9c 3c As Jh]
Seat 1: slicknscc folded before Flop (didn't bet)
Seat 3: RBinthehouse showed [Kd Ac] and won ($26) with two pair, Aces and Kings
Seat 6: rafaelrrpo (button) folded before Flop (didn't bet)
Seat 7: Alameda22 (small blind) folded before Flop
Seat 8: Skudero (big blind) folded before Flop
Seat 9: Kevykev88 showed [Ts Js] and lost with a pair of Jacks



PokerStars Game #19827833118:  Hold'em No Limit ($0.10/$0.25) - 2008/08/23 - 02:05:30 (ET)
Table 'Adeona' 9-max Seat #7 is the button
Seat 1: slicknscc ($30.65 in chips) 
Seat 3: RBinthehouse ($36.05 in chips) 
Seat 6: rafaelrrpo ($4.30 in chips) 
Seat 7: Alameda22 ($24.20 in chips) 
Seat 8: Skudero ($16 in chips) 
Seat 9: Kevykev88 ($15 in chips) 
Skudero: posts small blind $0.10
Kevykev88: posts big blind $0.25
LiLZhiMiNG: sits out 
*** HOLE CARDS ***
Dealt to Alameda22 [5h 5c]
slicknscc: calls $0.25
RBinthehouse: calls $0.25
rafaelrrpo: folds 
Alameda22: calls $0.25
Skudero: calls $0.15
Kevykev88: checks 
*** FLOP *** [5d Kh 8d]
Skudero: checks 
Kevykev88: bets $0.25
slicknscc: folds 
RBinthehouse: raises $0.50 to $0.75
Alameda22: raises $1.50 to $2.25
Skudero: folds 
Kevykev88: folds 
RBinthehouse: calls $1.50
*** TURN *** [5d Kh 8d] [4c]
WowSick joins the table at seat #4 
RBinthehouse: checks 
Alameda22: bets $4
RBinthehouse: calls $4
*** RIVER *** [5d Kh 8d 4c] [Tc]
Superflush has returned
RBinthehouse: checks 
Alameda22: bets $9
RBinthehouse: folds 
Uncalled bet ($9) returned to Alameda22
Alameda22 collected $13.35 from pot
Alameda22: doesn't show hand 
*** SUMMARY ***
Total pot $14 | Rake $0.65 
Board [5d Kh 8d 4c Tc]
Seat 1: slicknscc folded on the Flop
Seat 3: RBinthehouse folded on the River
Seat 6: rafaelrrpo folded before Flop (didn't bet)
Seat 7: Alameda22 (button) collected ($13.35)
Seat 8: Skudero (small blind) folded on the Flop
Seat 9: Kevykev88 (big blind) folded on the Flop



PokerStars Game #19827860680:  Hold'em No Limit ($0.10/$0.25) - 2008/08/23 - 02:07:36 (ET)
Table 'Adeona' 9-max Seat #8 is the button
Seat 1: slicknscc ($30.40 in chips) 
Seat 3: RBinthehouse ($29.55 in chips) 
Seat 6: rafaelrrpo ($4.30 in chips) 
Seat 7: Alameda22 ($31.05 in chips) 
Seat 8: Skudero ($15.75 in chips) 
Seat 9: Kevykev88 ($14.50 in chips) 
Kevykev88: posts small blind $0.10
slicknscc: posts big blind $0.25
LiLZhiMiNG: sits out 
WowSick: sits out 
Superflush: sits out 
*** HOLE CARDS ***
Dealt to Alameda22 [5s 4d]
RBinthehouse: calls $0.25
rafaelrrpo: folds 
Alameda22: folds 
Skudero: calls $0.25
Kevykev88: calls $0.15
slicknscc: checks 
*** FLOP *** [2d 7d 6d]
Kevykev88: checks 
slicknscc: checks 
RBinthehouse: bets $0.25
Skudero: folds 
Kevykev88: folds 
slicknscc: folds 
Uncalled bet ($0.25) returned to RBinthehouse
RBinthehouse collected $0.95 from pot
RBinthehouse: doesn't show hand 
*** SUMMARY ***
Total pot $1 | Rake $0.05 
Board [2d 7d 6d]
Seat 1: slicknscc (big blind) folded on the Flop
Seat 3: RBinthehouse collected ($0.95)
Seat 6: rafaelrrpo folded before Flop (didn't bet)
Seat 7: Alameda22 folded before Flop (didn't bet)
Seat 8: Skudero (button) folded on the Flop
Seat 9: Kevykev88 (small blind) folded on the Flop



PokerStars Game #19827878114:  Hold'em No Limit ($0.10/$0.25) - 2008/08/23 - 02:08:56 (ET)
Table 'Adeona' 9-max Seat #9 is the button
Seat 1: slicknscc ($30.15 in chips) 
Seat 2: LiLZhiMiNG ($25 in chips) 
Seat 3: RBinthehouse ($30.25 in chips) 
Seat 6: rafaelrrpo ($4.30 in chips) 
Seat 7: Alameda22 ($31.05 in chips) 
Seat 8: Skudero ($15.50 in chips) 
Seat 9: Kevykev88 ($14.25 in chips) 
slicknscc: posts small blind $0.10
LiLZhiMiNG: posts big blind $0.25
WowSick: sits out 
Superflush: sits out 
*** HOLE CARDS ***
Dealt to Alameda22 [5d 6d]
RBinthehouse: folds 
rafaelrrpo: folds 
Alameda22: folds 
Skudero: raises $1 to $1.25
Kevykev88: calls $1.25
slicknscc: calls $1.15
LiLZhiMiNG: calls $1
*** FLOP *** [6s 7c Ts]
slicknscc: checks 
LiLZhiMiNG: checks 
Skudero: checks 
Kevykev88: bets $1.50
slicknscc: calls $1.50
LiLZhiMiNG: calls $1.50
Skudero: folds 
*** TURN *** [6s 7c Ts] [5h]
slicknscc: bets $1.50
LiLZhiMiNG: calls $1.50
Kevykev88: calls $1.50
*** RIVER *** [6s 7c Ts 5h] [Jc]
slicknscc: bets $5
LiLZhiMiNG: folds 
Kevykev88: calls $5
*** SHOW DOWN ***
slicknscc: shows [As Kc] (high card Ace)
Kevykev88: shows [Td 8d] (a pair of Tens)
Kevykev88 collected $22.85 from pot
*** SUMMARY ***
Total pot $24 | Rake $1.15 
Board [6s 7c Ts 5h Jc]
Seat 1: slicknscc (small blind) showed [As Kc] and lost with high card Ace
Seat 2: LiLZhiMiNG (big blind) folded on the River
Seat 3: RBinthehouse folded before Flop (didn't bet)
Seat 6: rafaelrrpo folded before Flop (didn't bet)
Seat 7: Alameda22 folded before Flop (didn't bet)
Seat 8: Skudero folded on the Flop
Seat 9: Kevykev88 (button) showed [Td 8d] and won ($22.85) with a pair of Tens



PokerStars Game #19827905901:  Hold'em No Limit ($0.10/$0.25) - 2008/08/23 - 02:11:08 (ET)
Table 'Adeona' 9-max Seat #1 is the button
Seat 1: slicknscc ($20.90 in chips) 
Seat 2: LiLZhiMiNG ($25 in chips) 
Seat 3: RBinthehouse ($30.25 in chips) 
Seat 6: rafaelrrpo ($4.30 in chips) 
Seat 7: Alameda22 ($31.05 in chips) 
Seat 8: Skudero ($14.25 in chips) 
Seat 9: Kevykev88 ($27.85 in chips) 
LiLZhiMiNG: posts small blind $0.10
RBinthehouse: posts big blind $0.25
WowSick: sits out 
Superflush: sits out 
*** HOLE CARDS ***
Dealt to Alameda22 [Jd 7h]
rafaelrrpo: folds 
Alameda22: folds 
Skudero: raises $1 to $1.25
Kevykev88: calls $1.25
slicknscc: calls $1.25
LiLZhiMiNG: folds 
RBinthehouse: calls $1
*** FLOP *** [4h Qs Kd]
RBinthehouse: checks 
Skudero: bets $2
Kevykev88: calls $2
slicknscc: calls $2
RBinthehouse: folds 
*** TURN *** [4h Qs Kd] [6d]
Skudero: bets $4
Kevykev88: calls $4
slicknscc: calls $4
*** RIVER *** [4h Qs Kd 6d] [9c]
Skudero: checks 
Kevykev88: checks 
slicknscc: checks 
*** SHOW DOWN ***
Skudero: shows [Kh Ah] (a pair of Kings)
Kevykev88: mucks hand 
slicknscc: mucks hand 
Skudero collected $22 from pot
*** SUMMARY ***
Total pot $23.10 | Rake $1.10 
Board [4h Qs Kd 6d 9c]
Seat 1: slicknscc (button) mucked [8c Qh]
Seat 2: LiLZhiMiNG (small blind) folded before Flop
Seat 3: RBinthehouse (big blind) folded on the Flop
Seat 6: rafaelrrpo folded before Flop (didn't bet)
Seat 7: Alameda22 folded before Flop (didn't bet)
Seat 8: Skudero showed [Kh Ah] and won ($22) with a pair of Kings
Seat 9: Kevykev88 mucked [8s Ks]



PokerStars Game #19827924620:  Hold'em No Limit ($0.10/$0.25) - 2008/08/23 - 02:12:35 (ET)
Table 'Adeona' 9-max Seat #2 is the button
Seat 1: slicknscc ($13.65 in chips) 
Seat 2: LiLZhiMiNG ($24.90 in chips) 
Seat 3: RBinthehouse ($29 in chips) 
Seat 4: WowSick ($25 in chips) 
Seat 6: rafaelrrpo ($4.30 in chips) 
Seat 7: Alameda22 ($31.05 in chips) 
Seat 8: Skudero ($29 in chips) 
Seat 9: Kevykev88 ($20.60 in chips) 
RBinthehouse: posts small blind $0.10
WowSick: posts big blind $0.25
Superflush: sits out 
*** HOLE CARDS ***
Dealt to Alameda22 [Ts 9c]
rafaelrrpo: folds 
Alameda22: folds 
Skudero: folds 
Kevykev88: folds 
slicknscc: folds 
LiLZhiMiNG: raises $0.75 to $1
RBinthehouse: calls $0.90
WowSick: folds 
*** FLOP *** [Ac 2s Ks]
RBinthehouse: checks 
LiLZhiMiNG: bets $1.75
RBinthehouse: calls $1.75
*** TURN *** [Ac 2s Ks] [8d]
RBinthehouse: checks 
LiLZhiMiNG: checks 
*** RIVER *** [Ac 2s Ks 8d] [3d]
RBinthehouse: bets $5
LiLZhiMiNG: calls $5
*** SHOW DOWN ***
RBinthehouse: shows [5c 4h] (a straight, Ace to Five)
LiLZhiMiNG: mucks hand 
RBinthehouse collected $15 from pot
*** SUMMARY ***
Total pot $15.75 | Rake $0.75 
Board [Ac 2s Ks 8d 3d]
Seat 1: slicknscc folded before Flop (didn't bet)
Seat 2: LiLZhiMiNG (button) mucked [Qs Kc]
Seat 3: RBinthehouse (small blind) showed [5c 4h] and won ($15) with a straight, Ace to Five
Seat 4: WowSick (big blind) folded before Flop
Seat 6: rafaelrrpo folded before Flop (didn't bet)
Seat 7: Alameda22 folded before Flop (didn't bet)
Seat 8: Skudero folded before Flop (didn't bet)
Seat 9: Kevykev88 folded before Flop (didn't bet)



PokerStars Game #19827943240:  Hold'em No Limit ($0.10/$0.25) - 2008/08/23 - 02:14:04 (ET)
Table 'Adeona' 9-max Seat #3 is the button
Seat 1: slicknscc ($25 in chips) 
Seat 2: LiLZhiMiNG ($25 in chips) 
Seat 3: RBinthehouse ($36.25 in chips) 
Seat 4: WowSick ($24.75 in chips) 
Seat 5: Superflush ($24.90 in chips) 
Seat 6: rafaelrrpo ($4.30 in chips) 
Seat 7: Alameda22 ($31.05 in chips) 
Seat 8: Skudero ($29 in chips) 
Seat 9: Kevykev88 ($20.60 in chips) 
WowSick: posts small blind $0.10
Superflush: posts big blind $0.25
*** HOLE CARDS ***
Dealt to Alameda22 [Jd Qh]
rafaelrrpo: folds 
Alameda22: folds 
Skudero: folds 
Kevykev88: calls $0.25
slicknscc: calls $0.25
LiLZhiMiNG: folds 
RBinthehouse: calls $0.25
WowSick: folds 
Superflush: checks 
*** FLOP *** [3s Qc 6h]
Superflush: checks 
Kevykev88: bets $1.25
slicknscc: folds 
RBinthehouse: calls $1.25
Superflush: folds 
*** TURN *** [3s Qc 6h] [Ac]
Kevykev88: checks 
RBinthehouse: checks 
*** RIVER *** [3s Qc 6h Ac] [7s]
Kevykev88: bets $2.75
RBinthehouse: folds 
Uncalled bet ($2.75) returned to Kevykev88
Kevykev88 collected $3.45 from pot
Kevykev88: doesn't show hand 
*** SUMMARY ***
Total pot $3.60 | Rake $0.15 
Board [3s Qc 6h Ac 7s]
Seat 1: slicknscc folded on the Flop
Seat 2: LiLZhiMiNG folded before Flop (didn't bet)
Seat 3: RBinthehouse (button) folded on the River
Seat 4: WowSick (small blind) folded before Flop
Seat 5: Superflush (big blind) folded on the Flop
Seat 6: rafaelrrpo folded before Flop (didn't bet)
Seat 7: Alameda22 folded before Flop (didn't bet)
Seat 8: Skudero folded before Flop (didn't bet)
Seat 9: Kevykev88 collected ($3.45)



PokerStars Game #19827962964:  Hold'em No Limit ($0.10/$0.25) - 2008/08/23 - 02:15:38 (ET)
Table 'Adeona' 9-max Seat #4 is the button
Seat 1: slicknscc ($24.75 in chips) 
Seat 2: LiLZhiMiNG ($25 in chips) 
Seat 3: RBinthehouse ($34.75 in chips) 
Seat 4: WowSick ($25 in chips) 
Seat 5: Superflush ($24.65 in chips) 
Seat 6: rafaelrrpo ($4.30 in chips) 
Seat 7: Alameda22 ($31.05 in chips) 
Seat 8: Skudero ($29 in chips) 
Seat 9: Kevykev88 ($22.55 in chips) 
Superflush: posts small blind $0.10
rafaelrrpo: posts big blind $0.25
*** HOLE CARDS ***
Dealt to Alameda22 [Jh As]
Alameda22: raises $0.50 to $0.75
Skudero: folds 
Kevykev88: calls $0.75
slicknscc: calls $0.75
LiLZhiMiNG: folds 
RBinthehouse: folds 
WowSick: folds 
Superflush: folds 
rafaelrrpo: folds 
*** FLOP *** [Th 8c 3c]
Alameda22: checks 
Kevykev88: checks 
slicknscc: bets $1.25
Alameda22: folds 
Kevykev88: calls $1.25
*** TURN *** [Th 8c 3c] [Ah]
Kevykev88: checks 
slicknscc: bets $3
Kevykev88: raises $9 to $12
slicknscc: raises $10.75 to $22.75 and is all-in
Kevykev88: calls $8.55 and is all-in
Uncalled bet ($2.20) returned to slicknscc
*** RIVER *** [Th 8c 3c Ah] [9s]
*** SHOW DOWN ***
Kevykev88: shows [Ad 3d] (two pair, Aces and Threes)
slicknscc: mucks hand 
Kevykev88 collected $43.95 from pot
slicknscc leaves the table
*** SUMMARY ***
Total pot $46.20 | Rake $2.25 
Board [Th 8c 3c Ah 9s]
Seat 1: slicknscc mucked [7h 8h]
Seat 2: LiLZhiMiNG folded before Flop (didn't bet)
Seat 3: RBinthehouse folded before Flop (didn't bet)
Seat 4: WowSick (button) folded before Flop (didn't bet)
Seat 5: Superflush (small blind) folded before Flop
Seat 6: rafaelrrpo (big blind) folded before Flop
Seat 7: Alameda22 folded on the Flop
Seat 8: Skudero folded before Flop (didn't bet)
Seat 9: Kevykev88 showed [Ad 3d] and won ($43.95) with two pair, Aces and Threes



PokerStars Game #19827989690:  Hold'em No Limit ($0.10/$0.25) - 2008/08/23 - 02:17:49 (ET)
Table 'Adeona' 9-max Seat #5 is the button
Seat 2: LiLZhiMiNG ($25 in chips) 
Seat 3: RBinthehouse ($34.75 in chips) 
Seat 4: WowSick ($25 in chips) 
Seat 5: Superflush ($24.55 in chips) 
Seat 6: rafaelrrpo ($4.05 in chips) 
Seat 7: Alameda22 ($30.30 in chips) 
Seat 8: Skudero ($29 in chips) 
Seat 9: Kevykev88 ($43.95 in chips) 
rafaelrrpo: posts small blind $0.10
Alameda22: posts big blind $0.25
*** HOLE CARDS ***
Dealt to Alameda22 [8d 4h]
Skudero: folds 
Kevykev88: calls $0.25
Just4Lucky joins the table at seat #1 
LiLZhiMiNG: folds 
RBinthehouse: calls $0.25
WowSick: folds 
Superflush: folds 
rafaelrrpo: folds 
Alameda22: checks 
*** FLOP *** [Tc Kd 7d]
Alameda22: checks 
Kevykev88: checks 
RBinthehouse: bets $0.50
Alameda22: folds 
Kevykev88: calls $0.50
*** TURN *** [Tc Kd 7d] [Jd]
Kevykev88: checks 
RBinthehouse: bets $0.75
Kevykev88: folds 
Uncalled bet ($0.75) returned to RBinthehouse
RBinthehouse collected $1.80 from pot
RBinthehouse: doesn't show hand 
*** SUMMARY ***
Total pot $1.85 | Rake $0.05 
Board [Tc Kd 7d Jd]
Seat 2: LiLZhiMiNG folded before Flop (didn't bet)
Seat 3: RBinthehouse collected ($1.80)
Seat 4: WowSick folded before Flop (didn't bet)
Seat 5: Superflush (button) folded before Flop (didn't bet)
Seat 6: rafaelrrpo (small blind) folded before Flop
Seat 7: Alameda22 (big blind) folded on the Flop
Seat 8: Skudero folded before Flop (didn't bet)
Seat 9: Kevykev88 folded on the Turn



PokerStars Game #19828001882:  Hold'em No Limit ($0.10/$0.25) - 2008/08/23 - 02:18:48 (ET)
Table 'Adeona' 9-max Seat #6 is the button
Seat 2: LiLZhiMiNG ($25 in chips) 
Seat 3: RBinthehouse ($35.80 in chips) 
Seat 4: WowSick ($25 in chips) 
Seat 5: Superflush ($24.55 in chips) 
Seat 6: rafaelrrpo ($3.95 in chips) 
Seat 7: Alameda22 ($30.05 in chips) 
Seat 9: Kevykev88 ($43.20 in chips) 
Alameda22: posts small blind $0.10
Skudero: is sitting out 
Kevykev88: posts big blind $0.25
Skudero leaves the table
Just4Lucky: sits out 
*** HOLE CARDS ***
Dealt to Alameda22 [7d 3s]
LiLZhiMiNG: folds 
RBinthehouse: calls $0.25
NileZ joins the table at seat #8 
WowSick: folds 
Superflush: folds 
rafaelrrpo: folds 
Alameda22: folds 
Kevykev88: checks 
*** FLOP *** [Ac 2d 4s]
Kevykev88: checks 
RBinthehouse: bets $0.25
Kevykev88: calls $0.25
*** TURN *** [Ac 2d 4s] [3h]
Kevykev88: checks 
RBinthehouse: bets $0.25
Kevykev88: folds 
Uncalled bet ($0.25) returned to RBinthehouse
RBinthehouse collected $1.05 from pot
RBinthehouse: doesn't show hand 
*** SUMMARY ***
Total pot $1.10 | Rake $0.05 
Board [Ac 2d 4s 3h]
Seat 2: LiLZhiMiNG folded before Flop (didn't bet)
Seat 3: RBinthehouse collected ($1.05)
Seat 4: WowSick folded before Flop (didn't bet)
Seat 5: Superflush folded before Flop (didn't bet)
Seat 6: rafaelrrpo (button) folded before Flop (didn't bet)
Seat 7: Alameda22 (small blind) folded before Flop
Seat 9: Kevykev88 (big blind) folded on the Turn



PokerStars Game #19828014027:  Hold'em No Limit ($0.10/$0.25) - 2008/08/23 - 02:19:48 (ET)
Table 'Adeona' 9-max Seat #7 is the button
Seat 1: Just4Lucky ($25 in chips) 
Seat 2: LiLZhiMiNG ($25 in chips) 
Seat 3: RBinthehouse ($36.35 in chips) 
Seat 4: WowSick ($25 in chips) 
Seat 5: Superflush ($24.55 in chips) 
Seat 6: rafaelrrpo ($3.95 in chips) 
Seat 7: Alameda22 ($29.95 in chips) 
Seat 9: Kevykev88 ($42.70 in chips) 
NileZ will be allowed to play after the button
Kevykev88: posts small blind $0.10
Just4Lucky: posts big blind $0.25
*** HOLE CARDS ***
Dealt to Alameda22 [Tc 5d]
LiLZhiMiNG: folds 
RBinthehouse: calls $0.25
WowSick: folds 
Superflush: folds 
rafaelrrpo: folds 
Alameda22: folds 
Kevykev88: calls $0.15
Just4Lucky: checks 
*** FLOP *** [Qd 4h 2h]
Kevykev88: checks 
Just4Lucky: checks 
RBinthehouse: checks 
*** TURN *** [Qd 4h 2h] [7s]
Kevykev88: bets $0.25
Just4Lucky: folds 
RBinthehouse: calls $0.25
*** RIVER *** [Qd 4h 2h 7s] [Qh]
Kevykev88: checks 
RBinthehouse: bets $0.75
Kevykev88: raises $2 to $2.75
RBinthehouse: calls $2
*** SHOW DOWN ***
Kevykev88: shows [Th Qs] (three of a kind, Queens)
RBinthehouse: mucks hand 
Kevykev88 collected $6.45 from pot
*** SUMMARY ***
Total pot $6.75 | Rake $0.30 
Board [Qd 4h 2h 7s Qh]
Seat 1: Just4Lucky (big blind) folded on the Turn
Seat 2: LiLZhiMiNG folded before Flop (didn't bet)
Seat 3: RBinthehouse mucked [7c Js]
Seat 4: WowSick folded before Flop (didn't bet)
Seat 5: Superflush folded before Flop (didn't bet)
Seat 6: rafaelrrpo folded before Flop (didn't bet)
Seat 7: Alameda22 (button) folded before Flop (didn't bet)
Seat 9: Kevykev88 (small blind) showed [Th Qs] and won ($6.45) with three of a kind, Queens



PokerStars Game #19828035397:  Hold'em No Limit ($0.10/$0.25) - 2008/08/23 - 02:21:33 (ET)
Table 'Adeona' 9-max Seat #9 is the button
Seat 1: Just4Lucky ($24.75 in chips) 
Seat 2: LiLZhiMiNG ($25 in chips) 
Seat 3: RBinthehouse ($33.10 in chips) 
Seat 4: WowSick ($25 in chips) 
Seat 5: Superflush ($24.55 in chips) 
Seat 6: rafaelrrpo ($3.95 in chips) 
Seat 7: Alameda22 ($29.95 in chips) 
Seat 9: Kevykev88 ($45.90 in chips) 
Just4Lucky: posts small blind $0.10
LiLZhiMiNG: posts big blind $0.25
NileZ: sits out 
*** HOLE CARDS ***
Dealt to Alameda22 [Ah Kc]
RBinthehouse: calls $0.25
WowSick: folds 
Superflush: folds 
rafaelrrpo: raises $0.75 to $1
Alameda22: raises $2 to $3
Kevykev88: folds 
Just4Lucky: folds 
LiLZhiMiNG: folds 
RBinthehouse: folds 
rafaelrrpo: raises $0.95 to $3.95 and is all-in
Alameda22: calls $0.95
*** FLOP *** [Jc Qh 8c]
*** TURN *** [Jc Qh 8c] [Jh]
*** RIVER *** [Jc Qh 8c Jh] [Ad]
*** SHOW DOWN ***
rafaelrrpo: shows [Js As] (a full house, Jacks full of Aces)
Alameda22: mucks hand 
rafaelrrpo collected $8.10 from pot
*** SUMMARY ***
Total pot $8.50 | Rake $0.40 
Board [Jc Qh 8c Jh Ad]
Seat 1: Just4Lucky (small blind) folded before Flop
Seat 2: LiLZhiMiNG (big blind) folded before Flop
Seat 3: RBinthehouse folded before Flop
Seat 4: WowSick folded before Flop (didn't bet)
Seat 5: Superflush folded before Flop (didn't bet)
Seat 6: rafaelrrpo showed [Js As] and won ($8.10) with a full house, Jacks full of Aces
Seat 7: Alameda22 mucked [Ah Kc]
Seat 9: Kevykev88 (button) folded before Flop (didn't bet)



PokerStars Game #19828062556:  Hold'em No Limit ($0.10/$0.25) - 2008/08/23 - 02:23:49 (ET)
Table 'Adeona' 9-max Seat #1 is the button
Seat 1: Just4Lucky ($24.65 in chips) 
Seat 2: LiLZhiMiNG ($24.75 in chips) 
Seat 3: RBinthehouse ($32.85 in chips) 
Seat 4: WowSick ($25 in chips) 
Seat 5: Superflush ($24.55 in chips) 
Seat 6: rafaelrrpo ($8.10 in chips) 
Seat 7: Alameda22 ($26 in chips) 
Seat 9: Kevykev88 ($45.90 in chips) 
LiLZhiMiNG: posts small blind $0.10
RBinthehouse: posts big blind $0.25
NileZ: sits out 
*** HOLE CARDS ***
Dealt to Alameda22 [Jc Ac]
WowSick: folds 
Superflush: folds 
rafaelrrpo: folds 
Alameda22: raises $0.50 to $0.75
Kevykev88: folds 
Just4Lucky: folds 
LiLZhiMiNG: folds 
RBinthehouse: calls $0.50
*** FLOP *** [7h As 7c]
RBinthehouse: bets $0.25
Alameda22: raises $1 to $1.25
RBinthehouse: calls $1
*** TURN *** [7h As 7c] [9d]
RBinthehouse: checks 
Alameda22: bets $2.75
RBinthehouse: calls $2.75
*** RIVER *** [7h As 7c 9d] [Td]
RBinthehouse: checks 
Alameda22: checks 
*** SHOW DOWN ***
RBinthehouse: shows [Ad 3d] (two pair, Aces and Sevens)
Alameda22: shows [Jc Ac] (two pair, Aces and Sevens - Jack kicker)
Alameda22 collected $9.15 from pot
*** SUMMARY ***
Total pot $9.60 | Rake $0.45 
Board [7h As 7c 9d Td]
Seat 1: Just4Lucky (button) folded before Flop (didn't bet)
Seat 2: LiLZhiMiNG (small blind) folded before Flop
Seat 3: RBinthehouse (big blind) showed [Ad 3d] and lost with two pair, Aces and Sevens
Seat 4: WowSick folded before Flop (didn't bet)
Seat 5: Superflush folded before Flop (didn't bet)
Seat 6: rafaelrrpo folded before Flop (didn't bet)
Seat 7: Alameda22 showed [Jc Ac] and won ($9.15) with two pair, Aces and Sevens
Seat 9: Kevykev88 folded before Flop (didn't bet)



PokerStars Game #19828080752:  Hold'em No Limit ($0.10/$0.25) - 2008/08/23 - 02:25:19 (ET)
Table 'Adeona' 9-max Seat #2 is the button
Seat 1: Just4Lucky ($24.65 in chips) 
Seat 2: LiLZhiMiNG ($24.65 in chips) 
Seat 3: RBinthehouse ($28.10 in chips) 
Seat 4: WowSick ($25 in chips) 
Seat 5: Superflush ($24.55 in chips) 
Seat 6: rafaelrrpo ($8.10 in chips) 
Seat 7: Alameda22 ($30.40 in chips) 
Seat 9: Kevykev88 ($45.90 in chips) 
RBinthehouse: posts small blind $0.10
WowSick: posts big blind $0.25
NileZ: sits out 
*** HOLE CARDS ***
Dealt to Alameda22 [9h 7s]
Superflush: folds 
rafaelrrpo: folds 
Alameda22: folds 
Kevykev88: folds 
Just4Lucky: folds 
LiLZhiMiNG: raises $1 to $1.25
RBinthehouse: calls $1.15
WowSick: folds 
*** FLOP *** [Qc 3d 3c]
RBinthehouse: checks 
LiLZhiMiNG: bets $2.25
RBinthehouse: folds 
Uncalled bet ($2.25) returned to LiLZhiMiNG
LiLZhiMiNG collected $2.65 from pot
LiLZhiMiNG: doesn't show hand 
*** SUMMARY ***
Total pot $2.75 | Rake $0.10 
Board [Qc 3d 3c]
Seat 1: Just4Lucky folded before Flop (didn't bet)
Seat 2: LiLZhiMiNG (button) collected ($2.65)
Seat 3: RBinthehouse (small blind) folded on the Flop
Seat 4: WowSick (big blind) folded before Flop
Seat 5: Superflush folded before Flop (didn't bet)
Seat 6: rafaelrrpo folded before Flop (didn't bet)
Seat 7: Alameda22 folded before Flop (didn't bet)
Seat 9: Kevykev88 folded before Flop (didn't bet)



PokerStars Game #19828092647:  Hold'em No Limit ($0.10/$0.25) - 2008/08/23 - 02:26:18 (ET)
Table 'Adeona' 9-max Seat #3 is the button
Seat 1: Just4Lucky ($24.65 in chips) 
Seat 2: LiLZhiMiNG ($26.05 in chips) 
Seat 3: RBinthehouse ($26.85 in chips) 
Seat 4: WowSick ($24.75 in chips) 
Seat 5: Superflush ($24.55 in chips) 
Seat 6: rafaelrrpo ($8.10 in chips) 
Seat 7: Alameda22 ($30.40 in chips) 
Seat 9: Kevykev88 ($45.90 in chips) 
WowSick: posts small blind $0.10
Superflush: posts big blind $0.25
NileZ: sits out 
*** HOLE CARDS ***
Dealt to Alameda22 [2h Jd]
rafaelrrpo: raises $0.75 to $1
Alameda22: folds 
Kevykev88: calls $1
Just4Lucky: calls $1
LiLZhiMiNG: folds 
RBinthehouse: calls $1
WowSick: folds 
Superflush: folds 
*** FLOP *** [8h Th Qs]
rafaelrrpo: checks 
Kevykev88: checks 
Just4Lucky: bets $2.70
RBinthehouse: calls $2.70
rafaelrrpo: folds 
Kevykev88: folds 
*** TURN *** [8h Th Qs] [Ah]
Just4Lucky: checks 
RBinthehouse: bets $3.50
Just4Lucky: calls $3.50
*** RIVER *** [8h Th Qs Ah] [3s]
Just4Lucky: checks 
RBinthehouse: checks 
*** SHOW DOWN ***
Just4Lucky: shows [Td Ts] (three of a kind, Tens)
RBinthehouse: mucks hand 
Just4Lucky collected $15.95 from pot
*** SUMMARY ***
Total pot $16.75 | Rake $0.80 
Board [8h Th Qs Ah 3s]
Seat 1: Just4Lucky showed [Td Ts] and won ($15.95) with three of a kind, Tens
Seat 2: LiLZhiMiNG folded before Flop (didn't bet)
Seat 3: RBinthehouse (button) mucked [4s Tc]
Seat 4: WowSick (small blind) folded before Flop
Seat 5: Superflush (big blind) folded before Flop
Seat 6: rafaelrrpo folded on the Flop
Seat 7: Alameda22 folded before Flop (didn't bet)
Seat 9: Kevykev88 folded on the Flop



PokerStars Game #19828123499:  Hold'em No Limit ($0.10/$0.25) - 2008/08/23 - 02:28:52 (ET)
Table 'Adeona' 9-max Seat #4 is the button
Seat 1: Just4Lucky ($33.40 in chips) 
Seat 2: LiLZhiMiNG ($26.05 in chips) 
Seat 3: RBinthehouse ($19.65 in chips) 
Seat 4: WowSick ($24.65 in chips) 
Seat 5: Superflush ($24.30 in chips) 
Seat 7: Alameda22 ($30.40 in chips) 
Seat 9: Kevykev88 ($44.90 in chips) 
Superflush: posts small blind $0.10
rafaelrrpo: is sitting out 
rafaelrrpo leaves the table
Alameda22: posts big blind $0.25
NileZ: sits out 
*** HOLE CARDS ***
Dealt to Alameda22 [6c 9c]
Dieteer joins the table at seat #6 
Kevykev88: calls $0.25
Just4Lucky: folds 
LiLZhiMiNG: folds 
RBinthehouse: calls $0.25
WowSick: folds 
Superflush: calls $0.15
Alameda22: checks 
*** FLOP *** [8s 6s 7h]
Superflush: bets $0.75
Alameda22: folds 
Kevykev88: calls $0.75
RBinthehouse: calls $0.75
*** TURN *** [8s 6s 7h] [Kh]
Superflush: bets $2.50
Kevykev88: calls $2.50
RBinthehouse: calls $2.50
*** RIVER *** [8s 6s 7h Kh] [Qc]
Superflush: bets $5
Kevykev88: calls $5
RBinthehouse: folds 
*** SHOW DOWN ***
Superflush: shows [7s 7d] (three of a kind, Sevens)
Kevykev88: mucks hand 
Superflush collected $19.75 from pot
*** SUMMARY ***
Total pot $20.75 | Rake $1 
Board [8s 6s 7h Kh Qc]
Seat 1: Just4Lucky folded before Flop (didn't bet)
Seat 2: LiLZhiMiNG folded before Flop (didn't bet)
Seat 3: RBinthehouse folded on the River
Seat 4: WowSick (button) folded before Flop (didn't bet)
Seat 5: Superflush (small blind) showed [7s 7d] and won ($19.75) with three of a kind, Sevens
Seat 7: Alameda22 (big blind) folded on the Flop
Seat 9: Kevykev88 mucked [Kc 9d]



PokerStars Game #19828145116:  Hold'em No Limit ($0.10/$0.25) - 2008/08/23 - 02:30:42 (ET)
Table 'Adeona' 9-max Seat #5 is the button
Seat 1: Just4Lucky ($33.40 in chips) 
Seat 2: LiLZhiMiNG ($26.05 in chips) 
Seat 3: RBinthehouse ($16.15 in chips) 
Seat 4: WowSick ($24.65 in chips) 
Seat 5: Superflush ($35.55 in chips) 
Seat 7: Alameda22 ($30.15 in chips) 
Seat 8: NileZ ($25 in chips) 
Seat 9: Kevykev88 ($36.40 in chips) 
Dieteer will be allowed to play after the button
Alameda22: posts small blind $0.10
NileZ: posts big blind $0.25
*** HOLE CARDS ***
Dealt to Alameda22 [7d Ah]
Kevykev88: raises $0.25 to $0.50
Just4Lucky: folds 
LiLZhiMiNG: folds 
RBinthehouse: raises $0.25 to $0.75
WowSick: folds 
Superflush: folds 
Alameda22: folds 
NileZ: folds 
Kevykev88: calls $0.25
*** FLOP *** [Kh 2h Kc]
Kevykev88: checks 
RBinthehouse: bets $0.75
Kevykev88: calls $0.75
*** TURN *** [Kh 2h Kc] [6c]
Kevykev88: checks 
RBinthehouse: bets $0.75
Kevykev88: raises $0.75 to $1.50
RBinthehouse: calls $0.75
*** RIVER *** [Kh 2h Kc 6c] [2c]
Kevykev88: bets $7.25
RBinthehouse: calls $7.25
*** SHOW DOWN ***
Kevykev88: shows [Ks 6d] (a full house, Kings full of Sixes)
RBinthehouse: mucks hand 
Kevykev88 collected $19.85 from pot
*** SUMMARY ***
Total pot $20.85 | Rake $1 
Board [Kh 2h Kc 6c 2c]
Seat 1: Just4Lucky folded before Flop (didn't bet)
Seat 2: LiLZhiMiNG folded before Flop (didn't bet)
Seat 3: RBinthehouse mucked [9s 9c]
Seat 4: WowSick folded before Flop (didn't bet)
Seat 5: Superflush (button) folded before Flop (didn't bet)
Seat 7: Alameda22 (small blind) folded before Flop
Seat 8: NileZ (big blind) folded before Flop
Seat 9: Kevykev88 showed [Ks 6d] and won ($19.85) with a full house, Kings full of Sixes



PokerStars Game #19828166276:  Hold'em No Limit ($0.10/$0.25) - 2008/08/23 - 02:32:31 (ET)
Table 'Adeona' 9-max Seat #7 is the button
Seat 1: Just4Lucky ($33.40 in chips) 
Seat 2: LiLZhiMiNG ($26.05 in chips) 
Seat 3: RBinthehouse ($5.90 in chips) 
Seat 4: WowSick ($24.65 in chips) 
Seat 5: Superflush ($35.55 in chips) 
Seat 7: Alameda22 ($30.05 in chips) 
Seat 8: NileZ ($24.75 in chips) 
Seat 9: Kevykev88 ($46 in chips) 
NileZ: posts small blind $0.10
Kevykev88: posts big blind $0.25
Dieteer: sits out 
*** HOLE CARDS ***
Dealt to Alameda22 [Th Td]
Just4Lucky: folds 
LiLZhiMiNG: folds 
RBinthehouse: raises $0.75 to $1
WowSick: folds 
Superflush: folds 
Alameda22: raises $2 to $3
NileZ: folds 
Kevykev88: folds 
RBinthehouse: raises $2.90 to $5.90 and is all-in
Alameda22: calls $2.90
*** FLOP *** [8d Ks Ac]
*** TURN *** [8d Ks Ac] [Kd]
*** RIVER *** [8d Ks Ac Kd] [3d]
*** SHOW DOWN ***
RBinthehouse: shows [As Jc] (two pair, Aces and Kings)
Alameda22: mucks hand 
RBinthehouse collected $11.55 from pot
*** SUMMARY ***
Total pot $12.15 | Rake $0.60 
Board [8d Ks Ac Kd 3d]
Seat 1: Just4Lucky folded before Flop (didn't bet)
Seat 2: LiLZhiMiNG folded before Flop (didn't bet)
Seat 3: RBinthehouse showed [As Jc] and won ($11.55) with two pair, Aces and Kings
Seat 4: WowSick folded before Flop (didn't bet)
Seat 5: Superflush folded before Flop (didn't bet)
Seat 7: Alameda22 (button) mucked [Th Td]
Seat 8: NileZ (small blind) folded before Flop
Seat 9: Kevykev88 (big blind) folded before Flop



PokerStars Game #19828181050:  Hold'em No Limit ($0.10/$0.25) - 2008/08/23 - 02:33:50 (ET)
Table 'Adeona' 9-max Seat #8 is the button
Seat 1: Just4Lucky ($33.40 in chips) 
Seat 2: LiLZhiMiNG ($26.05 in chips) 
Seat 3: RBinthehouse ($11.55 in chips) 
Seat 4: WowSick ($24.65 in chips) 
Seat 5: Superflush ($35.55 in chips) 
Seat 7: Alameda22 ($24.15 in chips) 
Seat 8: NileZ ($24.65 in chips) 
Seat 9: Kevykev88 ($45.75 in chips) 
Kevykev88: posts small blind $0.10
Just4Lucky: posts big blind $0.25
Dieteer: sits out 
*** HOLE CARDS ***
Dealt to Alameda22 [Js 5h]
LiLZhiMiNG: folds 
RBinthehouse: folds 
WowSick: folds 
Superflush: folds 
Alameda22: folds 
NileZ: folds 
Kevykev88: calls $0.15
Just4Lucky: checks 
*** FLOP *** [Qh 6c 8d]
Kevykev88: checks 
Just4Lucky: checks 
*** TURN *** [Qh 6c 8d] [2c]
Kevykev88: checks 
Just4Lucky: checks 
*** RIVER *** [Qh 6c 8d 2c] [9h]
Kevykev88: bets $3.50
Just4Lucky: folds 
Uncalled bet ($3.50) returned to Kevykev88
Kevykev88 collected $0.50 from pot
*** SUMMARY ***
Total pot $0.50 | Rake $0 
Board [Qh 6c 8d 2c 9h]
Seat 1: Just4Lucky (big blind) folded on the River
Seat 2: LiLZhiMiNG folded before Flop (didn't bet)
Seat 3: RBinthehouse folded before Flop (didn't bet)
Seat 4: WowSick folded before Flop (didn't bet)
Seat 5: Superflush folded before Flop (didn't bet)
Seat 7: Alameda22 folded before Flop (didn't bet)
Seat 8: NileZ (button) folded before Flop (didn't bet)
Seat 9: Kevykev88 (small blind) collected ($0.50)



PokerStars Game #19828197338:  Hold'em No Limit ($0.10/$0.25) - 2008/08/23 - 02:35:17 (ET)
Table 'Adeona' 9-max Seat #9 is the button
Seat 1: Just4Lucky ($33.15 in chips) 
Seat 2: LiLZhiMiNG ($26.05 in chips) 
Seat 3: RBinthehouse ($11.55 in chips) 
Seat 4: WowSick ($24.65 in chips) 
Seat 5: Superflush ($35.55 in chips) 
Seat 7: Alameda22 ($24.15 in chips) 
Seat 8: NileZ ($24.65 in chips) 
Seat 9: Kevykev88 ($46 in chips) 
Just4Lucky: posts small blind $0.10
LiLZhiMiNG: posts big blind $0.25
Dieteer: sits out 
*** HOLE CARDS ***
Dealt to Alameda22 [As 8s]
RBinthehouse: folds 
WowSick: folds 
Superflush: folds 
Alameda22: folds 
NileZ: folds 
Kevykev88: folds 
Just4Lucky: folds 
Uncalled bet ($0.15) returned to LiLZhiMiNG
LiLZhiMiNG collected $0.20 from pot
LiLZhiMiNG: doesn't show hand 
*** SUMMARY ***
Total pot $0.20 | Rake $0 
Seat 1: Just4Lucky (small blind) folded before Flop
Seat 2: LiLZhiMiNG (big blind) collected ($0.20)
Seat 3: RBinthehouse folded before Flop (didn't bet)
Seat 4: WowSick folded before Flop (didn't bet)
Seat 5: Superflush folded before Flop (didn't bet)
Seat 7: Alameda22 folded before Flop (didn't bet)
Seat 8: NileZ folded before Flop (didn't bet)
Seat 9: Kevykev88 (button) folded before Flop (didn't bet)



PokerStars Game #19828205423:  Hold'em No Limit ($0.10/$0.25) - 2008/08/23 - 02:36:02 (ET)
Table 'Adeona' 9-max Seat #1 is the button
Seat 1: Just4Lucky ($33.05 in chips) 
Seat 2: LiLZhiMiNG ($26.15 in chips) 
Seat 3: RBinthehouse ($11.55 in chips) 
Seat 4: WowSick ($24.65 in chips) 
Seat 5: Superflush ($35.55 in chips) 
Seat 7: Alameda22 ($24.15 in chips) 
Seat 8: NileZ ($24.65 in chips) 
Seat 9: Kevykev88 ($46 in chips) 
LiLZhiMiNG: posts small blind $0.10
RBinthehouse: posts big blind $0.25
Dieteer: sits out 
*** HOLE CARDS ***
Dealt to Alameda22 [As Jh]
WowSick: folds 
Superflush: folds 
Alameda22: raises $0.50 to $0.75
NileZ: folds 
Kevykev88: calls $0.75
Just4Lucky: folds 
LiLZhiMiNG: folds 
RBinthehouse: calls $0.50
*** FLOP *** [9c 3s Js]
RBinthehouse: checks 
Alameda22: bets $1.50
Kevykev88: calls $1.50
RBinthehouse: calls $1.50
*** TURN *** [9c 3s Js] [9h]
RBinthehouse: checks 
Alameda22: bets $4.25
Kevykev88: folds 
RBinthehouse: calls $4.25
*** RIVER *** [9c 3s Js 9h] [8h]
RBinthehouse: checks 
Alameda22: bets $6
RBinthehouse: calls $5.05 and is all-in
Uncalled bet ($0.95) returned to Alameda22
*** SHOW DOWN ***
Alameda22: shows [As Jh] (two pair, Jacks and Nines)
RBinthehouse: mucks hand 
Alameda22 collected $24.25 from pot
*** SUMMARY ***
Total pot $25.45 | Rake $1.20 
Board [9c 3s Js 9h 8h]
Seat 1: Just4Lucky (button) folded before Flop (didn't bet)
Seat 2: LiLZhiMiNG (small blind) folded before Flop
Seat 3: RBinthehouse (big blind) mucked [6c Jc]
Seat 4: WowSick folded before Flop (didn't bet)
Seat 5: Superflush folded before Flop (didn't bet)
Seat 7: Alameda22 showed [As Jh] and won ($24.25) with two pair, Jacks and Nines
Seat 8: NileZ folded before Flop (didn't bet)
Seat 9: Kevykev88 folded on the Turn



PokerStars Game #19828230518:  Hold'em No Limit ($0.10/$0.25) - 2008/08/23 - 02:38:15 (ET)
Table 'Adeona' 9-max Seat #2 is the button
Seat 1: Just4Lucky ($33.05 in chips) 
Seat 2: LiLZhiMiNG ($26.05 in chips) 
Seat 4: WowSick ($24.65 in chips) 
Seat 5: Superflush ($35.55 in chips) 
Seat 7: Alameda22 ($36.85 in chips) 
Seat 8: NileZ ($25 in chips) 
Seat 9: Kevykev88 ($43.75 in chips) 
WowSick: posts small blind $0.10
Superflush: posts big blind $0.25
Dieteer: sits out 
*** HOLE CARDS ***
Dealt to Alameda22 [9c Qd]
Alameda22: folds 
RBinthehouse has returned
NileZ: folds 
Kevykev88: folds 
Just4Lucky: folds 
LiLZhiMiNG: folds 
WowSick: raises $0.50 to $0.75
Superflush: folds 
Uncalled bet ($0.50) returned to WowSick
WowSick collected $0.50 from pot
WowSick: doesn't show hand 
*** SUMMARY ***
Total pot $0.50 | Rake $0 
Seat 1: Just4Lucky folded before Flop (didn't bet)
Seat 2: LiLZhiMiNG (button) folded before Flop (didn't bet)
Seat 4: WowSick (small blind) collected ($0.50)
Seat 5: Superflush (big blind) folded before Flop
Seat 7: Alameda22 folded before Flop (didn't bet)
Seat 8: NileZ folded before Flop (didn't bet)
Seat 9: Kevykev88 folded before Flop (didn't bet)



PokerStars Game #19828245042:  Hold'em No Limit ($0.10/$0.25) - 2008/08/23 - 02:39:32 (ET)
Table 'Adeona' 9-max Seat #4 is the button
Seat 1: Just4Lucky ($33.05 in chips) 
Seat 2: LiLZhiMiNG ($26.05 in chips) 
Seat 4: WowSick ($24.90 in chips) 
Seat 5: Superflush ($35.30 in chips) 
Seat 6: Dieteer ($5 in chips) 
Seat 7: Alameda22 ($36.85 in chips) 
Seat 8: NileZ ($25 in chips) 
Seat 9: Kevykev88 ($43.75 in chips) 
Superflush: posts small blind $0.10
Dieteer: posts big blind $0.25
*** HOLE CARDS ***
Dealt to Alameda22 [Qd Tc]
Alameda22: folds 
NileZ: folds 
Kevykev88: calls $0.25
Just4Lucky: folds 
LiLZhiMiNG: folds 
WowSick: raises $0.75 to $1
Superflush: folds 
Dieteer: folds 
Kevykev88: folds 
Uncalled bet ($0.75) returned to WowSick
WowSick collected $0.85 from pot
WowSick: doesn't show hand 
*** SUMMARY ***
Total pot $0.85 | Rake $0 
Seat 1: Just4Lucky folded before Flop (didn't bet)
Seat 2: LiLZhiMiNG folded before Flop (didn't bet)
Seat 4: WowSick (button) collected ($0.85)
Seat 5: Superflush (small blind) folded before Flop
Seat 6: Dieteer (big blind) folded before Flop
Seat 7: Alameda22 folded before Flop (didn't bet)
Seat 8: NileZ folded before Flop (didn't bet)
Seat 9: Kevykev88 folded before Flop



PokerStars Game #19828259371:  Hold'em No Limit ($0.10/$0.25) - 2008/08/23 - 02:40:47 (ET)
Table 'Adeona' 9-max Seat #5 is the button
Seat 1: Just4Lucky ($33.05 in chips) 
Seat 2: LiLZhiMiNG ($26.05 in chips) 
Seat 4: WowSick ($25.50 in chips) 
Seat 5: Superflush ($35.20 in chips) 
Seat 6: Dieteer ($4.75 in chips) 
Seat 7: Alameda22 ($36.85 in chips) 
Seat 8: NileZ ($25 in chips) 
Seat 9: Kevykev88 ($43.50 in chips) 
Dieteer: posts small blind $0.10
Alameda22: posts big blind $0.25
*** HOLE CARDS ***
Dealt to Alameda22 [Jc 8s]
NileZ: folds 
Kevykev88: calls $0.25
Just4Lucky: folds 
LiLZhiMiNG: folds 
WowSick: raises $0.75 to $1
Superflush: folds 
Dieteer: folds 
Alameda22: folds 
Kevykev88: folds 
Uncalled bet ($0.75) returned to WowSick
WowSick collected $0.85 from pot
WowSick: doesn't show hand 
*** SUMMARY ***
Total pot $0.85 | Rake $0 
Seat 1: Just4Lucky folded before Flop (didn't bet)
Seat 2: LiLZhiMiNG folded before Flop (didn't bet)
Seat 4: WowSick collected ($0.85)
Seat 5: Superflush (button) folded before Flop (didn't bet)
Seat 6: Dieteer (small blind) folded before Flop
Seat 7: Alameda22 (big blind) folded before Flop
Seat 8: NileZ folded before Flop (didn't bet)
Seat 9: Kevykev88 folded before Flop



PokerStars Game #19828268836:  Hold'em No Limit ($0.10/$0.25) - 2008/08/23 - 02:41:37 (ET)
Table 'Adeona' 9-max Seat #6 is the button
Seat 1: Just4Lucky ($33.05 in chips) 
Seat 2: LiLZhiMiNG ($26.05 in chips) 
Seat 4: WowSick ($26.10 in chips) 
Seat 5: Superflush ($35.20 in chips) 
Seat 6: Dieteer ($4.65 in chips) 
Seat 7: Alameda22 ($36.60 in chips) 
Seat 8: NileZ ($25 in chips) 
Seat 9: Kevykev88 ($43.25 in chips) 
Alameda22: posts small blind $0.10
NileZ: posts big blind $0.25
*** HOLE CARDS ***
Dealt to Alameda22 [Ac Jh]
Kevykev88: calls $0.25
Just4Lucky: folds 
LiLZhiMiNG: folds 
WowSick: folds 
Superflush: folds 
Dieteer: folds 
Alameda22: calls $0.15
NileZ: checks 
*** FLOP *** [As 3d 5h]
Alameda22: bets $0.50
NileZ: folds 
Kevykev88: folds 
Uncalled bet ($0.50) returned to Alameda22
Alameda22 collected $0.75 from pot
Alameda22: doesn't show hand 
*** SUMMARY ***
Total pot $0.75 | Rake $0 
Board [As 3d 5h]
Seat 1: Just4Lucky folded before Flop (didn't bet)
Seat 2: LiLZhiMiNG folded before Flop (didn't bet)
Seat 4: WowSick folded before Flop (didn't bet)
Seat 5: Superflush folded before Flop (didn't bet)
Seat 6: Dieteer (button) folded before Flop (didn't bet)
Seat 7: Alameda22 (small blind) collected ($0.75)
Seat 8: NileZ (big blind) folded on the Flop
Seat 9: Kevykev88 folded on the Flop



PokerStars Game #19828292853:  Hold'em No Limit ($0.10/$0.25) - 2008/08/23 - 02:43:45 (ET)
Table 'Adeona' 9-max Seat #7 is the button
Seat 1: Just4Lucky ($33.05 in chips) 
Seat 2: LiLZhiMiNG ($26.05 in chips) 
Seat 4: WowSick ($26.10 in chips) 
Seat 5: Superflush ($35.20 in chips) 
Seat 6: Dieteer ($4.65 in chips) 
Seat 7: Alameda22 ($37.10 in chips) 
Seat 8: NileZ ($24.75 in chips) 
Seat 9: Kevykev88 ($43 in chips) 
NileZ: posts small blind $0.10
Kevykev88: posts big blind $0.25
*** HOLE CARDS ***
Dealt to Alameda22 [Kh 7h]
Just4Lucky: folds 
LiLZhiMiNG: folds 
WowSick: raises $0.50 to $0.75
Superflush: folds 
Dieteer: folds 
Alameda22: folds 
NileZ: calls $0.65
Kevykev88: folds 
*** FLOP *** [Kd 5h Kc]
NileZ: checks 
WowSick: bets $0.80
NileZ: folds 
Uncalled bet ($0.80) returned to WowSick
WowSick collected $1.70 from pot
WowSick: doesn't show hand 
*** SUMMARY ***
Total pot $1.75 | Rake $0.05 
Board [Kd 5h Kc]
Seat 1: Just4Lucky folded before Flop (didn't bet)
Seat 2: LiLZhiMiNG folded before Flop (didn't bet)
Seat 4: WowSick collected ($1.70)
Seat 5: Superflush folded before Flop (didn't bet)
Seat 6: Dieteer folded before Flop (didn't bet)
Seat 7: Alameda22 (button) folded before Flop (didn't bet)
Seat 8: NileZ (small blind) folded on the Flop
Seat 9: Kevykev88 (big blind) folded before Flop



PokerStars Game #19828309520:  Hold'em No Limit ($0.10/$0.25) - 2008/08/23 - 02:45:16 (ET)
Table 'Adeona' 9-max Seat #8 is the button
Seat 1: Just4Lucky ($33.05 in chips) 
Seat 2: LiLZhiMiNG ($26.05 in chips) 
Seat 4: WowSick ($27.05 in chips) 
Seat 5: Superflush ($35.20 in chips) 
Seat 6: Dieteer ($4.65 in chips) 
Seat 7: Alameda22 ($37.10 in chips) 
Seat 8: NileZ ($24 in chips) 
Seat 9: Kevykev88 ($42.75 in chips) 
Kevykev88: posts small blind $0.10
Just4Lucky: posts big blind $0.25
*** HOLE CARDS ***
Dealt to Alameda22 [Ac 9c]
LiLZhiMiNG: folds 
WowSick: raises $0.75 to $1
Superflush: folds 
Dieteer: folds 
Alameda22: folds 
NileZ: folds 
Kevykev88: folds 
Just4Lucky: folds 
Uncalled bet ($0.75) returned to WowSick
WowSick collected $0.60 from pot
WowSick: doesn't show hand 
*** SUMMARY ***
Total pot $0.60 | Rake $0 
Seat 1: Just4Lucky (big blind) folded before Flop
Seat 2: LiLZhiMiNG folded before Flop (didn't bet)
Seat 4: WowSick collected ($0.60)
Seat 5: Superflush folded before Flop (didn't bet)
Seat 6: Dieteer folded before Flop (didn't bet)
Seat 7: Alameda22 folded before Flop (didn't bet)
Seat 8: NileZ (button) folded before Flop (didn't bet)
Seat 9: Kevykev88 (small blind) folded before Flop



PokerStars Game #19828319414:  Hold'em No Limit ($0.10/$0.25) - 2008/08/23 - 02:46:10 (ET)
Table 'Adeona' 9-max Seat #9 is the button
Seat 1: Just4Lucky ($32.80 in chips) 
Seat 2: LiLZhiMiNG ($26.05 in chips) 
Seat 4: WowSick ($27.40 in chips) 
Seat 5: Superflush ($35.20 in chips) 
Seat 6: Dieteer ($4.65 in chips) 
Seat 7: Alameda22 ($37.10 in chips) 
Seat 8: NileZ ($24 in chips) 
Seat 9: Kevykev88 ($42.65 in chips) 
Just4Lucky: posts small blind $0.10
LiLZhiMiNG: posts big blind $0.25
*** HOLE CARDS ***
Dealt to Alameda22 [7h 8d]
WowSick: folds 
Superflush: calls $0.25
Dieteer: folds 
Alameda22: folds 
NileZ: folds 
Kevykev88: calls $0.25
Just4Lucky: calls $0.15
LiLZhiMiNG: checks 
*** FLOP *** [Ts 2s Kd]
Just4Lucky: checks 
LiLZhiMiNG: checks 
Superflush: bets $0.75
Kevykev88: calls $0.75
Just4Lucky: calls $0.75
LiLZhiMiNG: folds 
*** TURN *** [Ts 2s Kd] [5h]
Just4Lucky: checks 
Superflush: checks 
Kevykev88: checks 
*** RIVER *** [Ts 2s Kd 5h] [4h]
Just4Lucky: bets $2
Superflush: folds 
Kevykev88: folds 
Uncalled bet ($2) returned to Just4Lucky
Just4Lucky collected $3.10 from pot
Just4Lucky: doesn't show hand 
*** SUMMARY ***
Total pot $3.25 | Rake $0.15 
Board [Ts 2s Kd 5h 4h]
Seat 1: Just4Lucky (small blind) collected ($3.10)
Seat 2: LiLZhiMiNG (big blind) folded on the Flop
Seat 4: WowSick folded before Flop (didn't bet)
Seat 5: Superflush folded on the River
Seat 6: Dieteer folded before Flop (didn't bet)
Seat 7: Alameda22 folded before Flop (didn't bet)
Seat 8: NileZ folded before Flop (didn't bet)
Seat 9: Kevykev88 (button) folded on the River



PokerStars Game #19828348503:  Hold'em No Limit ($0.10/$0.25) - 2008/08/23 - 02:48:46 (ET)
Table 'Adeona' 9-max Seat #1 is the button
Seat 1: Just4Lucky ($34.90 in chips) 
Seat 2: LiLZhiMiNG ($25.80 in chips) 
Seat 4: WowSick ($27.40 in chips) 
Seat 5: Superflush ($34.20 in chips) 
Seat 6: Dieteer ($4.65 in chips) 
Seat 7: Alameda22 ($37.10 in chips) 
Seat 8: NileZ ($25 in chips) 
Seat 9: Kevykev88 ($41.65 in chips) 
LiLZhiMiNG: posts small blind $0.10
WowSick: posts big blind $0.25
*** HOLE CARDS ***
Dealt to Alameda22 [Js Kh]
Superflush: calls $0.25
Dieteer: folds 
Alameda22: folds 
NileZ: folds 
Kevykev88: calls $0.25
Just4Lucky: folds 
LiLZhiMiNG: calls $0.15
WowSick: checks 
*** FLOP *** [9s 3c Kc]
LiLZhiMiNG: checks 
WowSick: checks 
Superflush: checks 
Kevykev88: checks 
*** TURN *** [9s 3c Kc] [Qc]
LiLZhiMiNG: bets $0.75
WowSick: folds 
WowSick leaves the table
Superflush: folds 
Kevykev88: folds 
Uncalled bet ($0.75) returned to LiLZhiMiNG
LiLZhiMiNG collected $0.95 from pot
LiLZhiMiNG: doesn't show hand 
*** SUMMARY ***
Total pot $1 | Rake $0.05 
Board [9s 3c Kc Qc]
Seat 1: Just4Lucky (button) folded before Flop (didn't bet)
Seat 2: LiLZhiMiNG (small blind) collected ($0.95)
Seat 4: WowSick (big blind) folded on the Turn
Seat 5: Superflush folded on the Turn
Seat 6: Dieteer folded before Flop (didn't bet)
Seat 7: Alameda22 folded before Flop (didn't bet)
Seat 8: NileZ folded before Flop (didn't bet)
Seat 9: Kevykev88 folded on the Turn



PokerStars Game #19828362344:  Hold'em No Limit ($0.10/$0.25) - 2008/08/23 - 02:50:01 (ET)
Table 'Adeona' 9-max Seat #2 is the button
Seat 1: Just4Lucky ($34.90 in chips) 
Seat 2: LiLZhiMiNG ($26.50 in chips) 
Seat 5: Superflush ($33.95 in chips) 
Seat 6: Dieteer ($4.65 in chips) 
Seat 7: Alameda22 ($37.10 in chips) 
Seat 8: NileZ ($25 in chips) 
Seat 9: Kevykev88 ($41.40 in chips) 
Superflush: posts small blind $0.10
Dieteer: posts big blind $0.25
*** HOLE CARDS ***
Dealt to Alameda22 [6s Js]
Alameda22: folds 
Thief27 joins the table at seat #4 
NileZ: folds 
Kevykev88: calls $0.25
Just4Lucky: folds 
LiLZhiMiNG: folds 
Superflush: raises $1 to $1.25
Dieteer: folds 
Kevykev88: calls $1
*** FLOP *** [3h Qd 4c]
Superflush: bets $1.50
Kevykev88: folds 
Uncalled bet ($1.50) returned to Superflush
Superflush collected $2.65 from pot
*** SUMMARY ***
Total pot $2.75 | Rake $0.10 
Board [3h Qd 4c]
Seat 1: Just4Lucky folded before Flop (didn't bet)
Seat 2: LiLZhiMiNG (button) folded before Flop (didn't bet)
Seat 5: Superflush (small blind) collected ($2.65)
Seat 6: Dieteer (big blind) folded before Flop
Seat 7: Alameda22 folded before Flop (didn't bet)
Seat 8: NileZ folded before Flop (didn't bet)
Seat 9: Kevykev88 folded on the Flop



PokerStars Game #19828375907:  Hold'em No Limit ($0.10/$0.25) - 2008/08/23 - 02:51:15 (ET)
Table 'Adeona' 9-max Seat #5 is the button
Seat 1: Just4Lucky ($34.90 in chips) 
Seat 2: LiLZhiMiNG ($26.50 in chips) 
Seat 4: Thief27 ($7 in chips) 
Seat 5: Superflush ($35.35 in chips) 
Seat 6: Dieteer ($4.40 in chips) 
Seat 7: Alameda22 ($37.10 in chips) 
Seat 8: NileZ ($25 in chips) 
Seat 9: Kevykev88 ($40.15 in chips) 
Dieteer: posts small blind $0.10
Alameda22: posts big blind $0.25
Thief27: posts big blind $0.25
*** HOLE CARDS ***
Dealt to Alameda22 [3d Jd]
NileZ: folds 
Kevykev88: calls $0.25
Just4Lucky: folds 
LiLZhiMiNG: folds 
Thief27: raises $0.50 to $0.75
Superflush: folds 
Dieteer: folds 
Alameda22: folds 
Kevykev88: calls $0.50
*** FLOP *** [8s 3h 7d]
Kevykev88: checks 
Thief27: bets $1
Kevykev88: calls $1
*** TURN *** [8s 3h 7d] [3s]
Kevykev88: checks 
Thief27: checks 
*** RIVER *** [8s 3h 7d 3s] [4d]
Kevykev88: bets $3.75
Thief27: folds 
Uncalled bet ($3.75) returned to Kevykev88
Kevykev88 collected $3.70 from pot
*** SUMMARY ***
Total pot $3.85 | Rake $0.15 
Board [8s 3h 7d 3s 4d]
Seat 1: Just4Lucky folded before Flop (didn't bet)
Seat 2: LiLZhiMiNG folded before Flop (didn't bet)
Seat 4: Thief27 folded on the River
Seat 5: Superflush (button) folded before Flop (didn't bet)
Seat 6: Dieteer (small blind) folded before Flop
Seat 7: Alameda22 (big blind) folded before Flop
Seat 8: NileZ folded before Flop (didn't bet)
Seat 9: Kevykev88 collected ($3.70)



PokerStars Game #19828397104:  Hold'em No Limit ($0.10/$0.25) - 2008/08/23 - 02:53:16 (ET)
Table 'Adeona' 9-max Seat #6 is the button
Seat 1: Just4Lucky ($34.90 in chips) 
Seat 2: LiLZhiMiNG ($26.50 in chips) 
Seat 4: Thief27 ($5.25 in chips) 
Seat 5: Superflush ($35.35 in chips) 
Seat 6: Dieteer ($4.30 in chips) 
Seat 7: Alameda22 ($36.85 in chips) 
Seat 8: NileZ ($25 in chips) 
Seat 9: Kevykev88 ($42.10 in chips) 
Alameda22: posts small blind $0.10
NileZ: posts big blind $0.25
*** HOLE CARDS ***
Dealt to Alameda22 [3h Th]
Kevykev88: raises $0.25 to $0.50
Just4Lucky: folds 
LiLZhiMiNG: folds 
Thief27: raises $1 to $1.50
Superflush: folds 
Dieteer: folds 
Alameda22: folds 
NileZ: folds 
Kevykev88: calls $1
*** FLOP *** [2d Kh 3d]
Kevykev88: bets $3.75
Thief27: folds 
Uncalled bet ($3.75) returned to Kevykev88
Kevykev88 collected $3.20 from pot
Kevykev88: doesn't show hand 
*** SUMMARY ***
Total pot $3.35 | Rake $0.15 
Board [2d Kh 3d]
Seat 1: Just4Lucky folded before Flop (didn't bet)
Seat 2: LiLZhiMiNG folded before Flop (didn't bet)
Seat 4: Thief27 folded on the Flop
Seat 5: Superflush folded before Flop (didn't bet)
Seat 6: Dieteer (button) folded before Flop (didn't bet)
Seat 7: Alameda22 (small blind) folded before Flop
Seat 8: NileZ (big blind) folded before Flop
Seat 9: Kevykev88 collected ($3.20)



PokerStars Game #19828411793:  Hold'em No Limit ($0.10/$0.25) - 2008/08/23 - 02:54:38 (ET)
Table 'Adeona' 9-max Seat #7 is the button
Seat 1: Just4Lucky ($34.90 in chips) 
Seat 2: LiLZhiMiNG ($26.50 in chips) 
Seat 4: Thief27 ($3.75 in chips) 
Seat 5: Superflush ($35.35 in chips) 
Seat 6: Dieteer ($4.30 in chips) 
Seat 7: Alameda22 ($36.75 in chips) 
Seat 8: NileZ ($24.75 in chips) 
Seat 9: Kevykev88 ($43.80 in chips) 
NileZ: posts small blind $0.10
Kevykev88: posts big blind $0.25
*** HOLE CARDS ***
Dealt to Alameda22 [5s 4d]
Just4Lucky: folds 
LiLZhiMiNG: folds 
Thief27: raises $0.75 to $1
Superflush: folds 
Dieteer: folds 
Alameda22: folds 
NileZ: folds 
Kevykev88: calls $0.75
*** FLOP *** [7d Qh 7s]
Kevykev88: checks 
Thief27: checks 
*** TURN *** [7d Qh 7s] [9c]
Kevykev88: bets $0.25
Thief27: raises $0.50 to $0.75
Kevykev88: calls $0.50
*** RIVER *** [7d Qh 7s 9c] [Tc]
Kevykev88: checks 
Thief27: bets $2 and is all-in
Kevykev88: folds 
Uncalled bet ($2) returned to Thief27
Thief27 collected $3.45 from pot
*** SUMMARY ***
Total pot $3.60 | Rake $0.15 
Board [7d Qh 7s 9c Tc]
Seat 1: Just4Lucky folded before Flop (didn't bet)
Seat 2: LiLZhiMiNG folded before Flop (didn't bet)
Seat 4: Thief27 collected ($3.45)
Seat 5: Superflush folded before Flop (didn't bet)
Seat 6: Dieteer folded before Flop (didn't bet)
Seat 7: Alameda22 (button) folded before Flop (didn't bet)
Seat 8: NileZ (small blind) folded before Flop
Seat 9: Kevykev88 (big blind) folded on the River



