PokerStars Game #19974771721:  Hold'em No Limit ($0.10/$0.25) - 2008/08/28 - 19:53:10 (ET)
Table 'Renate III' 9-max Seat #6 is the button
Seat 2: drohne84 ($26.60 in chips) 
Seat 4: ACVW ($24.15 in chips) 
Seat 5: Alameda22 ($25 in chips) 
Seat 6: DuCna ($21.60 in chips) 
Seat 7: daheights1 ($16.95 in chips) 
Seat 8: nuts_play ($13.35 in chips) 
Seat 9: xxieatcakexx ($25.75 in chips) 
daheights1: posts small blind $0.10
nuts_play: posts big blind $0.25
9patty9: sits out 
Alameda22: posts big blind $0.25
*** HOLE CARDS ***
Dealt to Alameda22 [Td 8s]
xxieatcakexx: folds 
drohne84: folds 
ACVW: folds 
Alameda22: checks 
DuCna: folds 
daheights1: calls $0.15
nuts_play: checks 
*** FLOP *** [Tc 5s Kd]
daheights1: checks 
nuts_play: checks 
Alameda22: checks 
*** TURN *** [Tc 5s Kd] [3s]
daheights1: checks 
nuts_play: checks 
Alameda22: checks 
*** RIVER *** [Tc 5s Kd 3s] [5c]
daheights1: checks 
nuts_play: checks 
Alameda22: checks 
*** SHOW DOWN ***
daheights1: shows [Jc 9h] (a pair of Fives)
nuts_play: shows [Qs 8h] (a pair of Fives - King+Queen kicker)
Alameda22: shows [Td 8s] (two pair, Tens and Fives)
Alameda22 collected $0.75 from pot
*** SUMMARY ***
Total pot $0.75 | Rake $0 
Board [Tc 5s Kd 3s 5c]
Seat 2: drohne84 folded before Flop (didn't bet)
Seat 4: ACVW folded before Flop (didn't bet)
Seat 5: Alameda22 showed [Td 8s] and won ($0.75) with two pair, Tens and Fives
Seat 6: DuCna (button) folded before Flop (didn't bet)
Seat 7: daheights1 (small blind) showed [Jc 9h] and lost with a pair of Fives
Seat 8: nuts_play (big blind) showed [Qs 8h] and lost with a pair of Fives
Seat 9: xxieatcakexx folded before Flop (didn't bet)



PokerStars Game #19974807625:  Hold'em No Limit ($0.10/$0.25) - 2008/08/28 - 19:54:49 (ET)
Table 'Renate III' 9-max Seat #7 is the button
Seat 2: drohne84 ($26.60 in chips) 
Seat 4: ACVW ($24.15 in chips) 
Seat 5: Alameda22 ($25.50 in chips) 
Seat 6: DuCna ($25 in chips) 
Seat 7: daheights1 ($16.70 in chips) 
Seat 8: nuts_play ($13.10 in chips) 
Seat 9: xxieatcakexx ($25.75 in chips) 
nuts_play: posts small blind $0.10
xxieatcakexx: posts big blind $0.25
9patty9: sits out 
*** HOLE CARDS ***
Dealt to Alameda22 [Jh 6c]
drohne84: calls $0.25
ACVW: folds 
Alameda22: folds 
DuCna: folds 
daheights1: folds 
nuts_play: folds 
xxieatcakexx: checks 
*** FLOP *** [Ac Td 9d]
xxieatcakexx: checks 
drohne84: bets $0.50
xxieatcakexx: folds 
Uncalled bet ($0.50) returned to drohne84
drohne84 collected $0.60 from pot
drohne84: doesn't show hand 
*** SUMMARY ***
Total pot $0.60 | Rake $0 
Board [Ac Td 9d]
Seat 2: drohne84 collected ($0.60)
Seat 4: ACVW folded before Flop (didn't bet)
Seat 5: Alameda22 folded before Flop (didn't bet)
Seat 6: DuCna folded before Flop (didn't bet)
Seat 7: daheights1 (button) folded before Flop (didn't bet)
Seat 8: nuts_play (small blind) folded before Flop
Seat 9: xxieatcakexx (big blind) folded on the Flop



PokerStars Game #19974821141:  Hold'em No Limit ($0.10/$0.25) - 2008/08/28 - 19:55:26 (ET)
Table 'Renate III' 9-max Seat #8 is the button
Seat 2: drohne84 ($26.95 in chips) 
Seat 4: ACVW ($24.15 in chips) 
Seat 5: Alameda22 ($25.50 in chips) 
Seat 6: DuCna ($25 in chips) 
Seat 7: daheights1 ($16.70 in chips) 
Seat 8: nuts_play ($13 in chips) 
Seat 9: xxieatcakexx ($25.50 in chips) 
xxieatcakexx: posts small blind $0.10
drohne84: posts big blind $0.25
9patty9: sits out 
*** HOLE CARDS ***
Dealt to Alameda22 [8h 2s]
ACVW: folds 
Alameda22: folds 
DuCna: raises $0.75 to $1
daheights1: folds 
daheights1 leaves the table
nuts_play: calls $1
xxieatcakexx: folds 
drohne84: folds 
*** FLOP *** [2c Js Jh]
jackof1 joins the table at seat #7 
DuCna: bets $1.75
nuts_play: folds 
Uncalled bet ($1.75) returned to DuCna
DuCna collected $2.25 from pot
DuCna: doesn't show hand 
smallest88 has returned
*** SUMMARY ***
Total pot $2.35 | Rake $0.10 
Board [2c Js Jh]
Seat 2: drohne84 (big blind) folded before Flop
Seat 4: ACVW folded before Flop (didn't bet)
Seat 5: Alameda22 folded before Flop (didn't bet)
Seat 6: DuCna collected ($2.25)
Seat 7: daheights1 folded before Flop (didn't bet)
Seat 8: nuts_play (button) folded on the Flop
Seat 9: xxieatcakexx (small blind) folded before Flop



PokerStars Game #19974841453:  Hold'em No Limit ($0.10/$0.25) - 2008/08/28 - 19:56:21 (ET)
Table 'Renate III' 9-max Seat #9 is the button
Seat 2: drohne84 ($26.70 in chips) 
Seat 3: 9patty9 ($25 in chips) 
Seat 4: ACVW ($24.15 in chips) 
Seat 5: Alameda22 ($25.50 in chips) 
Seat 6: DuCna ($26.25 in chips) 
Seat 7: jackof1 ($15 in chips) 
Seat 8: nuts_play ($12 in chips) 
Seat 9: xxieatcakexx ($25.40 in chips) 
smallest88 will be allowed to play after the button
drohne84: posts small blind $0.10
9patty9: posts big blind $0.25
jackof1: posts big blind $0.25
*** HOLE CARDS ***
Dealt to Alameda22 [6h 8s]
ACVW: calls $0.25
Alameda22: folds 
DuCna: raises $1.25 to $1.50
jackof1: folds 
nuts_play: folds 
xxieatcakexx: folds 
drohne84: folds 
9patty9: folds 
ACVW: folds 
Uncalled bet ($1.25) returned to DuCna
jackof1 leaves the table
DuCna collected $1.10 from pot
DuCna: doesn't show hand 
*** SUMMARY ***
Total pot $1.10 | Rake $0 
Seat 2: drohne84 (small blind) folded before Flop
Seat 3: 9patty9 (big blind) folded before Flop
Seat 4: ACVW folded before Flop
Seat 5: Alameda22 folded before Flop (didn't bet)
Seat 6: DuCna collected ($1.10)
Seat 7: jackof1 folded before Flop
Seat 8: nuts_play folded before Flop (didn't bet)
Seat 9: xxieatcakexx (button) folded before Flop (didn't bet)



PokerStars Game #19974857545:  Hold'em No Limit ($0.10/$0.25) - 2008/08/28 - 19:57:06 (ET)
Table 'Renate III' 9-max Seat #2 is the button
Seat 1: smallest88 ($21.30 in chips) 
Seat 2: drohne84 ($26.60 in chips) 
Seat 3: 9patty9 ($24.75 in chips) 
Seat 4: ACVW ($23.90 in chips) 
Seat 5: Alameda22 ($25.50 in chips) 
Seat 6: DuCna ($27.10 in chips) 
Seat 8: nuts_play ($12 in chips) 
Seat 9: xxieatcakexx ($25.40 in chips) 
9patty9: posts small blind $0.10
ACVW: posts big blind $0.25
smallest88: posts small & big blinds $0.35
*** HOLE CARDS ***
Dealt to Alameda22 [8h 7h]
amunda joins the table at seat #7 
Alameda22: folds 
DuCna: folds 
nuts_play: folds 
xxieatcakexx: folds 
nuts_play is sitting out
smallest88: checks 
drohne84: calls $0.25
9patty9: folds 
nuts_play leaves the table
ACVW: checks 
*** FLOP *** [As 7c 4s]
ACVW: checks 
smallest88: checks 
drohne84: checks 
*** TURN *** [As 7c 4s] [5d]
ACVW: checks 
smallest88: checks 
drohne84: checks 
*** RIVER *** [As 7c 4s 5d] [Jh]
ACVW: checks 
smallest88: checks 
drohne84: checks 
*** SHOW DOWN ***
ACVW: shows [2s 9d] (high card Ace)
smallest88: shows [5c Ts] (a pair of Fives)
drohne84: mucks hand 
smallest88 collected $0.95 from pot
*** SUMMARY ***
Total pot $0.95 | Rake $0 
Board [As 7c 4s 5d Jh]
Seat 1: smallest88 showed [5c Ts] and won ($0.95) with a pair of Fives
Seat 2: drohne84 (button) mucked [2d 2c]
Seat 3: 9patty9 (small blind) folded before Flop
Seat 4: ACVW (big blind) showed [2s 9d] and lost with high card Ace
Seat 5: Alameda22 folded before Flop (didn't bet)
Seat 6: DuCna folded before Flop (didn't bet)
Seat 8: nuts_play folded before Flop (didn't bet)
Seat 9: xxieatcakexx folded before Flop (didn't bet)



PokerStars Game #19974882102:  Hold'em No Limit ($0.10/$0.25) - 2008/08/28 - 19:58:15 (ET)
Table 'Renate III' 9-max Seat #3 is the button
Seat 1: smallest88 ($21.90 in chips) 
Seat 2: drohne84 ($26.35 in chips) 
Seat 3: 9patty9 ($24.65 in chips) 
Seat 4: ACVW ($23.65 in chips) 
Seat 5: Alameda22 ($25.50 in chips) 
Seat 6: DuCna ($27.10 in chips) 
Seat 9: xxieatcakexx ($25.40 in chips) 
ACVW: posts small blind $0.10
Alameda22: posts big blind $0.25
amunda: sits out 
*** HOLE CARDS ***
Dealt to Alameda22 [7h 2d]
DuCna: folds 
xxieatcakexx: folds 
smallest88 has timed out
smallest88: folds 
smallest88 is sitting out
drohne84: folds 
9patty9: raises $0.25 to $0.50
ACVW: calls $0.40
Alameda22: folds 
*** FLOP *** [Qd 4d 6d]
ACVW: checks 
9patty9: bets $0.50
ACVW: folds 
Uncalled bet ($0.50) returned to 9patty9
9patty9 collected $1.20 from pot
9patty9: doesn't show hand 
*** SUMMARY ***
Total pot $1.25 | Rake $0.05 
Board [Qd 4d 6d]
Seat 1: smallest88 folded before Flop (didn't bet)
Seat 2: drohne84 folded before Flop (didn't bet)
Seat 3: 9patty9 (button) collected ($1.20)
Seat 4: ACVW (small blind) folded on the Flop
Seat 5: Alameda22 (big blind) folded before Flop
Seat 6: DuCna folded before Flop (didn't bet)
Seat 9: xxieatcakexx folded before Flop (didn't bet)



PokerStars Game #19974910106:  Hold'em No Limit ($0.10/$0.25) - 2008/08/28 - 19:59:33 (ET)
Table 'Renate III' 9-max Seat #4 is the button
Seat 2: drohne84 ($26.35 in chips) 
Seat 3: 9patty9 ($25.35 in chips) 
Seat 4: ACVW ($23.15 in chips) 
Seat 5: Alameda22 ($25.25 in chips) 
Seat 7: amunda ($25 in chips) 
Seat 9: xxieatcakexx ($25.40 in chips) 
Alameda22: posts small blind $0.10
DuCna: is sitting out 
DuCna leaves the table
amunda: posts big blind $0.25
*** HOLE CARDS ***
Dealt to Alameda22 [Td Tc]
smallest88 leaves the table
xxieatcakexx: folds 
drohne84: folds 
9patty9: folds 
xxieatcakexx leaves the table
ACVW: calls $0.25
udmbfck joins the table at seat #6 
serkossss joins the table at seat #8 
Alameda22: calls $0.15
amunda: checks 
*** FLOP *** [4h 7s 9s]
Alameda22: bets $0.50
amunda: raises $1 to $1.50
ACVW: folds 
Alameda22: calls $1
*** TURN *** [4h 7s 9s] [Jc]
Alameda22: checks 
amunda: bets $2.30
Alameda22: folds 
Uncalled bet ($2.30) returned to amunda
amunda collected $3.60 from pot
*** SUMMARY ***
Total pot $3.75 | Rake $0.15 
Board [4h 7s 9s Jc]
Seat 2: drohne84 folded before Flop (didn't bet)
Seat 3: 9patty9 folded before Flop (didn't bet)
Seat 4: ACVW (button) folded on the Flop
Seat 5: Alameda22 (small blind) folded on the Turn
Seat 7: amunda (big blind) collected ($3.60)
Seat 9: xxieatcakexx folded before Flop (didn't bet)



PokerStars Game #19974947868:  Hold'em No Limit ($0.10/$0.25) - 2008/08/28 - 20:01:15 (ET)
Table 'Renate III' 9-max Seat #5 is the button
Seat 2: drohne84 ($26.35 in chips) 
Seat 3: 9patty9 ($25.35 in chips) 
Seat 4: ACVW ($22.90 in chips) 
Seat 5: Alameda22 ($23.50 in chips) 
Seat 7: amunda ($26.85 in chips) 
Seat 8: serkossss ($8.20 in chips) 
udmbfck will be allowed to play after the button
amunda: posts small blind $0.10
serkossss: posts big blind $0.25
*** HOLE CARDS ***
Dealt to Alameda22 [8h Jd]
drohne84: folds 
9patty9: folds 
ACVW: folds 
Alameda22: folds 
amunda: folds 
Uncalled bet ($0.15) returned to serkossss
serkossss collected $0.20 from pot
*** SUMMARY ***
Total pot $0.20 | Rake $0 
Seat 2: drohne84 folded before Flop (didn't bet)
Seat 3: 9patty9 folded before Flop (didn't bet)
Seat 4: ACVW folded before Flop (didn't bet)
Seat 5: Alameda22 (button) folded before Flop (didn't bet)
Seat 7: amunda (small blind) folded before Flop
Seat 8: serkossss (big blind) collected ($0.20)



PokerStars Game #19974964282:  Hold'em No Limit ($0.10/$0.25) - 2008/08/28 - 20:02:00 (ET)
Table 'Renate III' 9-max Seat #7 is the button
Seat 2: drohne84 ($26.35 in chips) 
Seat 3: 9patty9 ($25.35 in chips) 
Seat 4: ACVW ($22.90 in chips) 
Seat 5: Alameda22 ($23.50 in chips) 
Seat 6: udmbfck ($15 in chips) 
Seat 7: amunda ($26.75 in chips) 
Seat 8: serkossss ($8.30 in chips) 
serkossss: posts small blind $0.10
drohne84: posts big blind $0.25
udmbfck: posts big blind $0.25
*** HOLE CARDS ***
Dealt to Alameda22 [9h Qc]
9patty9: folds 
ACVW: folds 
Alameda22: folds 
udmbfck: checks 
amunda: raises $1 to $1.25
serkossss: calls $1.15
drohne84: folds 
udmbfck: calls $1
*** FLOP *** [7d 2h 4d]
serkossss: bets $2.25
udmbfck: folds 
udmbfck is sitting out
amunda: raises $8.25 to $10.50
udmbfck leaves the table
serkossss: calls $4.80 and is all-in
Uncalled bet ($3.45) returned to amunda
*** TURN *** [7d 2h 4d] [As]
*** RIVER *** [7d 2h 4d As] [9c]
*** SHOW DOWN ***
serkossss: shows [7s Kd] (a pair of Sevens)
amunda: mucks hand 
serkossss collected $17.25 from pot
*** SUMMARY ***
Total pot $18.10 | Rake $0.85 
Board [7d 2h 4d As 9c]
Seat 2: drohne84 (big blind) folded before Flop
Seat 3: 9patty9 folded before Flop (didn't bet)
Seat 4: ACVW folded before Flop (didn't bet)
Seat 5: Alameda22 folded before Flop (didn't bet)
Seat 6: udmbfck folded on the Flop
Seat 7: amunda (button) mucked [5h 7h]
Seat 8: serkossss (small blind) showed [7s Kd] and won ($17.25) with a pair of Sevens



PokerStars Game #19974984456:  Hold'em No Limit ($0.10/$0.25) - 2008/08/28 - 20:02:56 (ET)
Table 'Renate III' 9-max Seat #8 is the button
Seat 2: drohne84 ($26.10 in chips) 
Seat 3: 9patty9 ($25.35 in chips) 
Seat 4: ACVW ($22.90 in chips) 
Seat 5: Alameda22 ($23.50 in chips) 
Seat 7: amunda ($25 in chips) 
Seat 8: serkossss ($17.25 in chips) 
drohne84: posts small blind $0.10
9patty9: posts big blind $0.25
*** HOLE CARDS ***
Dealt to Alameda22 [9h Jh]
ACVW: calls $0.25
Alameda22: folds 
amunda: folds 
serkossss: raises $1 to $1.25
drohne84: folds 
9patty9: folds 
ACVW: folds 
Uncalled bet ($1) returned to serkossss
serkossss collected $0.85 from pot
9patty9 leaves the table
*** SUMMARY ***
Total pot $0.85 | Rake $0 
Seat 2: drohne84 (small blind) folded before Flop
Seat 3: 9patty9 (big blind) folded before Flop
Seat 4: ACVW folded before Flop
Seat 5: Alameda22 folded before Flop (didn't bet)
Seat 7: amunda folded before Flop (didn't bet)
Seat 8: serkossss (button) collected ($0.85)



PokerStars Game #19974998610:  Hold'em No Limit ($0.10/$0.25) - 2008/08/28 - 20:03:35 (ET)
Table 'Renate III' 9-max Seat #2 is the button
Seat 2: drohne84 ($26 in chips) 
Seat 4: ACVW ($22.65 in chips) 
Seat 5: Alameda22 ($23.50 in chips) 
Seat 7: amunda ($25 in chips) 
Seat 8: serkossss ($17.85 in chips) 
ACVW: posts small blind $0.10
Alameda22: posts big blind $0.25
*** HOLE CARDS ***
Dealt to Alameda22 [Qh 2s]
amunda: folds 
serkossss: folds 
drohne84: raises $0.75 to $1
ACVW: folds 
Alameda22: folds 
Uncalled bet ($0.75) returned to drohne84
drohne84 collected $0.60 from pot
drohne84: doesn't show hand 
*** SUMMARY ***
Total pot $0.60 | Rake $0 
Seat 2: drohne84 (button) collected ($0.60)
Seat 4: ACVW (small blind) folded before Flop
Seat 5: Alameda22 (big blind) folded before Flop
Seat 7: amunda folded before Flop (didn't bet)
Seat 8: serkossss folded before Flop (didn't bet)



PokerStars Game #19975007540:  Hold'em No Limit ($0.10/$0.25) - 2008/08/28 - 20:04:00 (ET)
Table 'Renate III' 9-max Seat #4 is the button
Seat 2: drohne84 ($26.35 in chips) 
Seat 4: ACVW ($22.55 in chips) 
Seat 5: Alameda22 ($23.25 in chips) 
Seat 7: amunda ($25 in chips) 
Seat 8: serkossss ($17.85 in chips) 
Alameda22: posts small blind $0.10
amunda: posts big blind $0.25
*** HOLE CARDS ***
Dealt to Alameda22 [4d 9h]
serkossss: folds 
drohne84: folds 
ACVW: folds 
jonnysd joins the table at seat #9 
Alameda22: folds 
Uncalled bet ($0.15) returned to amunda
amunda collected $0.20 from pot
amunda: doesn't show hand 
*** SUMMARY ***
Total pot $0.20 | Rake $0 
Seat 2: drohne84 folded before Flop (didn't bet)
Seat 4: ACVW (button) folded before Flop (didn't bet)
Seat 5: Alameda22 (small blind) folded before Flop
Seat 7: amunda (big blind) collected ($0.20)
Seat 8: serkossss folded before Flop (didn't bet)



PokerStars Game #19975016987:  Hold'em No Limit ($0.10/$0.25) - 2008/08/28 - 20:04:26 (ET)
Table 'Renate III' 9-max Seat #5 is the button
Seat 2: drohne84 ($26.35 in chips) 
Seat 4: ACVW ($22.55 in chips) 
Seat 5: Alameda22 ($23.15 in chips) 
Seat 7: amunda ($25.10 in chips) 
Seat 8: serkossss ($17.85 in chips) 
Seat 9: jonnysd ($15 in chips) 
amunda: posts small blind $0.10
serkossss: posts big blind $0.25
jonnysd: posts big blind $0.25
*** HOLE CARDS ***
Dealt to Alameda22 [7c 4h]
jonnysd: checks 
drohne84: folds 
ACVW: folds 
Alameda22: folds 
amunda: folds 
serkossss: checks 
*** FLOP *** [Qs 8h Qh]
serkossss: checks 
jonnysd: checks 
*** TURN *** [Qs 8h Qh] [9s]
serkossss: bets $0.25
jonnysd: calls $0.25
*** RIVER *** [Qs 8h Qh 9s] [Kh]
serkossss: bets $0.25
jonnysd: calls $0.25
*** SHOW DOWN ***
serkossss: shows [8d Td] (two pair, Queens and Eights)
jonnysd: shows [9h Ad] (two pair, Queens and Nines)
jonnysd collected $1.55 from pot
*** SUMMARY ***
Total pot $1.60 | Rake $0.05 
Board [Qs 8h Qh 9s Kh]
Seat 2: drohne84 folded before Flop (didn't bet)
Seat 4: ACVW folded before Flop (didn't bet)
Seat 5: Alameda22 (button) folded before Flop (didn't bet)
Seat 7: amunda (small blind) folded before Flop
Seat 8: serkossss (big blind) showed [8d Td] and lost with two pair, Queens and Eights
Seat 9: jonnysd showed [9h Ad] and won ($1.55) with two pair, Queens and Nines



PokerStars Game #19975036638:  Hold'em No Limit ($0.10/$0.25) - 2008/08/28 - 20:05:20 (ET)
Table 'Renate III' 9-max Seat #7 is the button
Seat 2: drohne84 ($26.35 in chips) 
Seat 4: ACVW ($22.55 in chips) 
Seat 5: Alameda22 ($23.15 in chips) 
Seat 7: amunda ($25 in chips) 
Seat 8: serkossss ($17.10 in chips) 
Seat 9: jonnysd ($15.80 in chips) 
serkossss: posts small blind $0.10
jonnysd: posts big blind $0.25
*** HOLE CARDS ***
Dealt to Alameda22 [7s 2s]
drohne84: folds 
ACVW: calls $0.25
Alameda22: folds 
amunda: folds 
serkossss: calls $0.15
jonnysd: checks 
*** FLOP *** [6d 6h 3d]
serkossss: checks 
jonnysd: checks 
ACVW: checks 
*** TURN *** [6d 6h 3d] [Ts]
serkossss: checks 
jonnysd: checks 
ACVW: bets $0.55
serkossss: folds 
jonnysd: folds 
Uncalled bet ($0.55) returned to ACVW
ACVW collected $0.75 from pot
*** SUMMARY ***
Total pot $0.75 | Rake $0 
Board [6d 6h 3d Ts]
Seat 2: drohne84 folded before Flop (didn't bet)
Seat 4: ACVW collected ($0.75)
Seat 5: Alameda22 folded before Flop (didn't bet)
Seat 7: amunda (button) folded before Flop (didn't bet)
Seat 8: serkossss (small blind) folded on the Turn
Seat 9: jonnysd (big blind) folded on the Turn



