PokerStars Game #20148363430:  Hold'em No Limit ($0.25/$0.50) - 2008/09/04 17:51:30 ET
Table 'Bistro II' 9-max Seat #5 is the button
Seat 1: BadBeat69 ($34.30 in chips) 
Seat 2: Robbe72 ($24.15 in chips) 
Seat 3: donkmaster23 ($10.20 in chips) 
Seat 4: Grotz ($9.25 in chips) 
Seat 5: JoeIngram1 ($50.15 in chips) 
Seat 6: Lion_Squall ($29.65 in chips) 
Seat 7: Alameda22 ($50 in chips) 
Seat 8: Soply ($40.75 in chips) 
Seat 9: Hangman1604 ($141.30 in chips) 
Lion_Squall: posts small blind $0.25
Alameda22: posts big blind $0.50
*** HOLE CARDS ***
Dealt to Alameda22 [Kd Th]
Soply: folds 
Hangman1604: folds 
Hangman1604 leaves the table
BadBeat69: folds 
Robbe72: calls $0.50
donkmaster23: folds 
Grotz: folds 
JoeIngram1: folds 
Lion_Squall: calls $0.25
Alameda22: checks 
*** FLOP *** [7s 4c 9c]
Lion_Squall: checks 
Alameda22: checks 
Robbe72: checks 
*** TURN *** [7s 4c 9c] [2c]
Lion_Squall: bets $0.50
NNIT2WINIT joins the table at seat #9 
Alameda22: folds 
Robbe72: folds 
Uncalled bet ($0.50) returned to Lion_Squall
Lion_Squall collected $1.45 from pot
Lion_Squall: doesn't show hand 
*** SUMMARY ***
Total pot $1.50 | Rake $0.05 
Board [7s 4c 9c 2c]
Seat 1: BadBeat69 folded before Flop (didn't bet)
Seat 2: Robbe72 folded on the Turn
Seat 3: donkmaster23 folded before Flop (didn't bet)
Seat 4: Grotz folded before Flop (didn't bet)
Seat 5: JoeIngram1 (button) folded before Flop (didn't bet)
Seat 6: Lion_Squall (small blind) collected ($1.45)
Seat 7: Alameda22 (big blind) folded on the Turn
Seat 8: Soply folded before Flop (didn't bet)
Seat 9: Hangman1604 folded before Flop (didn't bet)



PokerStars Game #20148391674:  Hold'em No Limit ($0.25/$0.50) - 2008/09/04 17:52:40 ET
Table 'Bistro II' 9-max Seat #6 is the button
Seat 1: BadBeat69 ($34.30 in chips) 
Seat 2: Robbe72 ($23.65 in chips) 
Seat 3: donkmaster23 ($10.20 in chips) 
Seat 4: Grotz ($9.25 in chips) 
Seat 5: JoeIngram1 ($50.15 in chips) 
Seat 6: Lion_Squall ($30.60 in chips) 
Seat 7: Alameda22 ($49.50 in chips) 
Seat 8: Soply ($40.75 in chips) 
Alameda22: posts small blind $0.25
Soply: posts big blind $0.50
NNIT2WINIT: sits out 
*** HOLE CARDS ***
Dealt to Alameda22 [3s 5h]
BadBeat69: folds 
Robbe72: folds 
donkmaster23: folds 
Grotz: folds 
JoeIngram1: folds 
Lion_Squall: calls $0.50
Alameda22: folds 
Soply: checks 
*** FLOP *** [Td 5d 6s]
Soply: checks 
Lion_Squall: bets $0.50
Soply: raises $1.50 to $2
Lion_Squall: folds 
Uncalled bet ($1.50) returned to Soply
Soply collected $2.15 from pot
*** SUMMARY ***
Total pot $2.25 | Rake $0.10 
Board [Td 5d 6s]
Seat 1: BadBeat69 folded before Flop (didn't bet)
Seat 2: Robbe72 folded before Flop (didn't bet)
Seat 3: donkmaster23 folded before Flop (didn't bet)
Seat 4: Grotz folded before Flop (didn't bet)
Seat 5: JoeIngram1 folded before Flop (didn't bet)
Seat 6: Lion_Squall (button) folded on the Flop
Seat 7: Alameda22 (small blind) folded before Flop
Seat 8: Soply (big blind) collected ($2.15)



PokerStars Game #20148411442:  Hold'em No Limit ($0.25/$0.50) - 2008/09/04 17:53:29 ET
Table 'Bistro II' 9-max Seat #7 is the button
Seat 1: BadBeat69 ($34.30 in chips) 
Seat 2: Robbe72 ($23.65 in chips) 
Seat 3: donkmaster23 ($10.20 in chips) 
Seat 4: Grotz ($9.25 in chips) 
Seat 5: JoeIngram1 ($50.15 in chips) 
Seat 6: Lion_Squall ($29.60 in chips) 
Seat 7: Alameda22 ($49.25 in chips) 
Seat 8: Soply ($41.90 in chips) 
Seat 9: NNIT2WINIT ($30 in chips) 
Soply: posts small blind $0.25
NNIT2WINIT: posts big blind $0.50
*** HOLE CARDS ***
Dealt to Alameda22 [2s Ah]
BadBeat69: folds 
BadBeat69 leaves the table
Robbe72: folds 
donkmaster23: folds 
Grotz: folds 
JoeIngram1: folds 
Lion_Squall: folds 
Alameda22: folds 
Soply: folds 
Uncalled bet ($0.25) returned to NNIT2WINIT
NNIT2WINIT collected $0.50 from pot
NNIT2WINIT: doesn't show hand 
*** SUMMARY ***
Total pot $0.50 | Rake $0 
Seat 1: BadBeat69 folded before Flop (didn't bet)
Seat 2: Robbe72 folded before Flop (didn't bet)
Seat 3: donkmaster23 folded before Flop (didn't bet)
Seat 4: Grotz folded before Flop (didn't bet)
Seat 5: JoeIngram1 folded before Flop (didn't bet)
Seat 6: Lion_Squall folded before Flop (didn't bet)
Seat 7: Alameda22 (button) folded before Flop (didn't bet)
Seat 8: Soply (small blind) folded before Flop
Seat 9: NNIT2WINIT (big blind) collected ($0.50)



PokerStars Game #20148431300:  Hold'em No Limit ($0.25/$0.50) - 2008/09/04 17:54:18 ET
Table 'Bistro II' 9-max Seat #8 is the button
Seat 3: donkmaster23 ($10.20 in chips) 
Seat 4: Grotz ($9.25 in chips) 
Seat 5: JoeIngram1 ($50.15 in chips) 
Seat 6: Lion_Squall ($29.60 in chips) 
Seat 7: Alameda22 ($49.25 in chips) 
Seat 8: Soply ($41.65 in chips) 
Seat 9: NNIT2WINIT ($30.25 in chips) 
NNIT2WINIT: posts small blind $0.25
Robbe72: is sitting out 
donkmaster23: posts big blind $0.50
*** HOLE CARDS ***
Dealt to Alameda22 [Jh 4d]
Robbe72 leaves the table
Grotz: folds 
JoeIngram1: folds 
Lion_Squall: calls $0.50
Alameda22: folds 
Soply: folds 
NNIT2WINIT: calls $0.25
donkmaster23: raises $2 to $2.50
Lion_Squall: calls $2
NNIT2WINIT: folds 
*** FLOP *** [Qs 9d 9s]
donkmaster23: bets $3.50
Lion_Squall: raises $3.50 to $7
donkmaster23: folds 
Uncalled bet ($3.50) returned to Lion_Squall
Lion_Squall collected $11.90 from pot
Lion_Squall: doesn't show hand 
*** SUMMARY ***
Total pot $12.50 | Rake $0.60 
Board [Qs 9d 9s]
Seat 3: donkmaster23 (big blind) folded on the Flop
Seat 4: Grotz folded before Flop (didn't bet)
Seat 5: JoeIngram1 folded before Flop (didn't bet)
Seat 6: Lion_Squall collected ($11.90)
Seat 7: Alameda22 folded before Flop (didn't bet)
Seat 8: Soply (button) folded before Flop (didn't bet)
Seat 9: NNIT2WINIT (small blind) folded before Flop



PokerStars Game #20148455566:  Hold'em No Limit ($0.25/$0.50) - 2008/09/04 17:55:19 ET
Table 'Bistro II' 9-max Seat #9 is the button
Seat 3: donkmaster23 ($10 in chips) 
Seat 4: Grotz ($9.25 in chips) 
Seat 5: JoeIngram1 ($50.15 in chips) 
Seat 6: Lion_Squall ($35.50 in chips) 
Seat 7: Alameda22 ($49.25 in chips) 
Seat 8: Soply ($41.65 in chips) 
Seat 9: NNIT2WINIT ($29.75 in chips) 
donkmaster23: posts small blind $0.25
Grotz: posts big blind $0.50
*** HOLE CARDS ***
Dealt to Alameda22 [2c 8d]
JoeIngram1: folds 
Lion_Squall: folds 
Alameda22: folds 
Soply: folds 
NNIT2WINIT: raises $0.50 to $1
donkmaster23: folds 
Grotz: folds 
Uncalled bet ($0.50) returned to NNIT2WINIT
NNIT2WINIT collected $1.25 from pot
NNIT2WINIT: doesn't show hand 
*** SUMMARY ***
Total pot $1.25 | Rake $0 
Seat 3: donkmaster23 (small blind) folded before Flop
Seat 4: Grotz (big blind) folded before Flop
Seat 5: JoeIngram1 folded before Flop (didn't bet)
Seat 6: Lion_Squall folded before Flop (didn't bet)
Seat 7: Alameda22 folded before Flop (didn't bet)
Seat 8: Soply folded before Flop (didn't bet)
Seat 9: NNIT2WINIT (button) collected ($1.25)



PokerStars Game #20148466164:  Hold'em No Limit ($0.25/$0.50) - 2008/09/04 17:55:46 ET
Table 'Bistro II' 9-max Seat #3 is the button
Seat 3: donkmaster23 ($9.75 in chips) 
Seat 4: Grotz ($8.75 in chips) 
Seat 5: JoeIngram1 ($50.15 in chips) 
Seat 6: Lion_Squall ($35.50 in chips) 
Seat 7: Alameda22 ($49.25 in chips) 
Seat 8: Soply ($41.65 in chips) 
Seat 9: NNIT2WINIT ($30.50 in chips) 
Grotz: posts small blind $0.25
JoeIngram1: posts big blind $0.50
*** HOLE CARDS ***
Dealt to Alameda22 [Td Tc]
Lion_Squall: folds 
Alameda22: folds 
Soply: folds 
NNIT2WINIT: calls $0.50
donkmaster23: folds 
Grotz: folds 
JoeIngram1: checks 
*** FLOP *** [7s 5c 5s]
JoeIngram1: checks 
NNIT2WINIT: bets $0.50
JoeIngram1: folds 
Uncalled bet ($0.50) returned to NNIT2WINIT
StillBrown joins the table at seat #2 
NNIT2WINIT collected $1.20 from pot
NNIT2WINIT: doesn't show hand 
*** SUMMARY ***
Total pot $1.25 | Rake $0.05 
Board [7s 5c 5s]
Seat 3: donkmaster23 (button) folded before Flop (didn't bet)
Seat 4: Grotz (small blind) folded before Flop
Seat 5: JoeIngram1 (big blind) folded on the Flop
Seat 6: Lion_Squall folded before Flop (didn't bet)
Seat 7: Alameda22 folded before Flop (didn't bet)
Seat 8: Soply folded before Flop (didn't bet)
Seat 9: NNIT2WINIT collected ($1.20)



PokerStars Game #20148480365:  Hold'em No Limit ($0.25/$0.50) - 2008/09/04 17:56:21 ET
Table 'Bistro II' 9-max Seat #4 is the button
Seat 2: StillBrown ($10 in chips) 
Seat 3: donkmaster23 ($9.75 in chips) 
Seat 4: Grotz ($8.50 in chips) 
Seat 5: JoeIngram1 ($49.65 in chips) 
Seat 6: Lion_Squall ($35.50 in chips) 
Seat 7: Alameda22 ($49.25 in chips) 
Seat 8: Soply ($41.65 in chips) 
Seat 9: NNIT2WINIT ($31.20 in chips) 
JoeIngram1: posts small blind $0.25
Lion_Squall: posts big blind $0.50
StillBrown: posts big blind $0.50
*** HOLE CARDS ***
Dealt to Alameda22 [6h Jc]
Alameda22: folds 
Soply: folds 
NNIT2WINIT: raises $1 to $1.50
StillBrown: folds 
donkmaster23: folds 
Grotz: folds 
JoeIngram1: folds 
Lion_Squall: calls $1
*** FLOP *** [9s 5h Kd]
Lion_Squall: checks 
NNIT2WINIT: bets $1
Lion_Squall: folds 
Uncalled bet ($1) returned to NNIT2WINIT
NNIT2WINIT collected $3.60 from pot
NNIT2WINIT: doesn't show hand 
*** SUMMARY ***
Total pot $3.75 | Rake $0.15 
Board [9s 5h Kd]
Seat 2: StillBrown folded before Flop
Seat 3: donkmaster23 folded before Flop (didn't bet)
Seat 4: Grotz (button) folded before Flop (didn't bet)
Seat 5: JoeIngram1 (small blind) folded before Flop
Seat 6: Lion_Squall (big blind) folded on the Flop
Seat 7: Alameda22 folded before Flop (didn't bet)
Seat 8: Soply folded before Flop (didn't bet)
Seat 9: NNIT2WINIT collected ($3.60)



PokerStars Game #20148508487:  Hold'em No Limit ($0.25/$0.50) - 2008/09/04 17:57:33 ET
Table 'Bistro II' 9-max Seat #5 is the button
Seat 2: StillBrown ($9.50 in chips) 
Seat 3: donkmaster23 ($9.75 in chips) 
Seat 4: Grotz ($8.50 in chips) 
Seat 5: JoeIngram1 ($49.40 in chips) 
Seat 6: Lion_Squall ($34 in chips) 
Seat 7: Alameda22 ($49.25 in chips) 
Seat 8: Soply ($41.65 in chips) 
Seat 9: NNIT2WINIT ($33.30 in chips) 
Lion_Squall: posts small blind $0.25
Alameda22: posts big blind $0.50
*** HOLE CARDS ***
Dealt to Alameda22 [Qd 7d]
Soply: folds 
NNIT2WINIT: folds 
StillBrown: folds 
donkmaster23: folds 
Grotz: folds 
JoeIngram1: raises $1 to $1.50
Lion_Squall: calls $1.25
Alameda22: folds 
*** FLOP *** [Ac 9c Kh]
Lion_Squall: checks 
JoeIngram1: checks 
*** TURN *** [Ac 9c Kh] [Kd]
Lion_Squall: bets $2.50
JoeIngram1: calls $2.50
*** RIVER *** [Ac 9c Kh Kd] [8h]
Lion_Squall: bets $2.50
JoeIngram1: raises $10 to $12.50
Lion_Squall: folds 
Uncalled bet ($10) returned to JoeIngram1
JoeIngram1 collected $12.85 from pot
JoeIngram1: doesn't show hand 
*** SUMMARY ***
Total pot $13.50 | Rake $0.65 
Board [Ac 9c Kh Kd 8h]
Seat 2: StillBrown folded before Flop (didn't bet)
Seat 3: donkmaster23 folded before Flop (didn't bet)
Seat 4: Grotz folded before Flop (didn't bet)
Seat 5: JoeIngram1 (button) collected ($12.85)
Seat 6: Lion_Squall (small blind) folded on the River
Seat 7: Alameda22 (big blind) folded before Flop
Seat 8: Soply folded before Flop (didn't bet)
Seat 9: NNIT2WINIT folded before Flop (didn't bet)



PokerStars Game #20148529904:  Hold'em No Limit ($0.25/$0.50) - 2008/09/04 17:58:26 ET
Table 'Bistro II' 9-max Seat #6 is the button
Seat 2: StillBrown ($9.50 in chips) 
Seat 3: donkmaster23 ($9.75 in chips) 
Seat 4: Grotz ($8.50 in chips) 
Seat 5: JoeIngram1 ($55.75 in chips) 
Seat 6: Lion_Squall ($27.50 in chips) 
Seat 7: Alameda22 ($48.75 in chips) 
Seat 8: Soply ($41.65 in chips) 
Seat 9: NNIT2WINIT ($33.30 in chips) 
Alameda22: posts small blind $0.25
Soply: posts big blind $0.50
*** HOLE CARDS ***
Dealt to Alameda22 [Qh Kc]
NNIT2WINIT: calls $0.50
StillBrown: folds 
donkmaster23: folds 
Grotz: folds 
JoeIngram1: folds 
Lion_Squall: folds 
Alameda22: folds 
Soply: checks 
*** FLOP *** [Ah 5s 6h]
Soply: checks 
NNIT2WINIT: checks 
*** TURN *** [Ah 5s 6h] [2c]
Soply: checks 
NNIT2WINIT: checks 
*** RIVER *** [Ah 5s 6h 2c] [8d]
Soply: checks 
NNIT2WINIT: bets $1.50
Soply: folds 
Uncalled bet ($1.50) returned to NNIT2WINIT
NNIT2WINIT collected $1.20 from pot
NNIT2WINIT: doesn't show hand 
*** SUMMARY ***
Total pot $1.25 | Rake $0.05 
Board [Ah 5s 6h 2c 8d]
Seat 2: StillBrown folded before Flop (didn't bet)
Seat 3: donkmaster23 folded before Flop (didn't bet)
Seat 4: Grotz folded before Flop (didn't bet)
Seat 5: JoeIngram1 folded before Flop (didn't bet)
Seat 6: Lion_Squall (button) folded before Flop (didn't bet)
Seat 7: Alameda22 (small blind) folded before Flop
Seat 8: Soply (big blind) folded on the River
Seat 9: NNIT2WINIT collected ($1.20)



PokerStars Game #20148568444:  Hold'em No Limit ($0.25/$0.50) - 2008/09/04 18:00:04 ET
Table 'Bistro II' 9-max Seat #7 is the button
Seat 2: StillBrown ($9.50 in chips) 
Seat 3: donkmaster23 ($9.75 in chips) 
Seat 4: Grotz ($8.50 in chips) 
Seat 5: JoeIngram1 ($55.75 in chips) 
Seat 6: Lion_Squall ($27.50 in chips) 
Seat 7: Alameda22 ($48.50 in chips) 
Seat 8: Soply ($41.15 in chips) 
Seat 9: NNIT2WINIT ($34 in chips) 
Soply: posts small blind $0.25
NNIT2WINIT: posts big blind $0.50
*** HOLE CARDS ***
Dealt to Alameda22 [9c As]
StillBrown: calls $0.50
donkmaster23: folds 
Grotz: folds 
JoeIngram1: folds 
Lion_Squall: calls $0.50
Alameda22: folds 
Soply: folds 
NNIT2WINIT: checks 
*** FLOP *** [Js Ac Th]
NNIT2WINIT: checks 
hhnebula joins the table at seat #1 
StillBrown: bets $1
Lion_Squall: calls $1
NNIT2WINIT: calls $1
*** TURN *** [Js Ac Th] [5s]
NNIT2WINIT: checks 
StillBrown: bets $2
Lion_Squall: calls $2
NNIT2WINIT: calls $2
*** RIVER *** [Js Ac Th 5s] [Tc]
NNIT2WINIT: bets $3
StillBrown: folds 
Lion_Squall: calls $3
*** SHOW DOWN ***
NNIT2WINIT: shows [8h Qs] (a pair of Tens)
Lion_Squall: shows [Jh Kh] (two pair, Jacks and Tens)
Lion_Squall collected $15.95 from pot
*** SUMMARY ***
Total pot $16.75 | Rake $0.80 
Board [Js Ac Th 5s Tc]
Seat 2: StillBrown folded on the River
Seat 3: donkmaster23 folded before Flop (didn't bet)
Seat 4: Grotz folded before Flop (didn't bet)
Seat 5: JoeIngram1 folded before Flop (didn't bet)
Seat 6: Lion_Squall showed [Jh Kh] and won ($15.95) with two pair, Jacks and Tens
Seat 7: Alameda22 (button) folded before Flop (didn't bet)
Seat 8: Soply (small blind) folded before Flop
Seat 9: NNIT2WINIT (big blind) showed [8h Qs] and lost with a pair of Tens



PokerStars Game #20148597490:  Hold'em No Limit ($0.25/$0.50) - 2008/09/04 18:01:19 ET
Table 'Bistro II' 9-max Seat #8 is the button
Seat 1: hhnebula ($28.75 in chips) 
Seat 2: StillBrown ($6 in chips) 
Seat 3: donkmaster23 ($9.75 in chips) 
Seat 4: Grotz ($8.50 in chips) 
Seat 5: JoeIngram1 ($55.75 in chips) 
Seat 6: Lion_Squall ($36.95 in chips) 
Seat 7: Alameda22 ($48.50 in chips) 
Seat 8: Soply ($40.90 in chips) 
Seat 9: NNIT2WINIT ($27.50 in chips) 
NNIT2WINIT: posts small blind $0.25
hhnebula: posts big blind $0.50
*** HOLE CARDS ***
Dealt to Alameda22 [4s Ks]
StillBrown: folds 
donkmaster23: folds 
Grotz: folds 
JoeIngram1: folds 
Lion_Squall: folds 
Alameda22: folds 
Soply: folds 
NNIT2WINIT: raises $1.50 to $2
hhnebula: folds 
Uncalled bet ($1.50) returned to NNIT2WINIT
NNIT2WINIT collected $1 from pot
NNIT2WINIT: doesn't show hand 
*** SUMMARY ***
Total pot $1 | Rake $0 
Seat 1: hhnebula (big blind) folded before Flop
Seat 2: StillBrown folded before Flop (didn't bet)
Seat 3: donkmaster23 folded before Flop (didn't bet)
Seat 4: Grotz folded before Flop (didn't bet)
Seat 5: JoeIngram1 folded before Flop (didn't bet)
Seat 6: Lion_Squall folded before Flop (didn't bet)
Seat 7: Alameda22 folded before Flop (didn't bet)
Seat 8: Soply (button) folded before Flop (didn't bet)
Seat 9: NNIT2WINIT (small blind) collected ($1)



PokerStars Game #20148610222:  Hold'em No Limit ($0.25/$0.50) - 2008/09/04 18:01:51 ET
Table 'Bistro II' 9-max Seat #9 is the button
Seat 1: hhnebula ($28.25 in chips) 
Seat 2: StillBrown ($6 in chips) 
Seat 3: donkmaster23 ($9.75 in chips) 
Seat 4: Grotz ($8.50 in chips) 
Seat 5: JoeIngram1 ($55.75 in chips) 
Seat 6: Lion_Squall ($36.95 in chips) 
Seat 7: Alameda22 ($48.50 in chips) 
Seat 8: Soply ($40.90 in chips) 
Seat 9: NNIT2WINIT ($28 in chips) 
hhnebula: posts small blind $0.25
StillBrown: posts big blind $0.50
*** HOLE CARDS ***
Dealt to Alameda22 [Qc Qh]
donkmaster23: folds 
Grotz: folds 
JoeIngram1: folds 
Lion_Squall: calls $0.50
Alameda22: raises $2 to $2.50
Soply: folds 
NNIT2WINIT: calls $2.50
hhnebula: folds 
StillBrown: folds 
Lion_Squall: calls $2
*** FLOP *** [6d 7h Qs]
Lion_Squall: checks 
Alameda22: bets $5.50
NNIT2WINIT: folds 
Lion_Squall: folds 
Uncalled bet ($5.50) returned to Alameda22
Alameda22 collected $7.85 from pot
Alameda22: doesn't show hand 
*** SUMMARY ***
Total pot $8.25 | Rake $0.40 
Board [6d 7h Qs]
Seat 1: hhnebula (small blind) folded before Flop
Seat 2: StillBrown (big blind) folded before Flop
Seat 3: donkmaster23 folded before Flop (didn't bet)
Seat 4: Grotz folded before Flop (didn't bet)
Seat 5: JoeIngram1 folded before Flop (didn't bet)
Seat 6: Lion_Squall folded on the Flop
Seat 7: Alameda22 collected ($7.85)
Seat 8: Soply folded before Flop (didn't bet)
Seat 9: NNIT2WINIT (button) folded on the Flop



PokerStars Game #20148640726:  Hold'em No Limit ($0.25/$0.50) - 2008/09/04 18:03:11 ET
Table 'Bistro II' 9-max Seat #1 is the button
Seat 1: hhnebula ($28 in chips) 
Seat 2: StillBrown ($5.50 in chips) 
Seat 3: donkmaster23 ($9.75 in chips) 
Seat 4: Grotz ($8.50 in chips) 
Seat 5: JoeIngram1 ($55.75 in chips) 
Seat 6: Lion_Squall ($34.45 in chips) 
Seat 7: Alameda22 ($53.85 in chips) 
Seat 8: Soply ($40.90 in chips) 
Seat 9: NNIT2WINIT ($25.50 in chips) 
StillBrown: posts small blind $0.25
donkmaster23: posts big blind $0.50
*** HOLE CARDS ***
Dealt to Alameda22 [Kc Ac]
Grotz: raises $8 to $8.50 and is all-in
JoeIngram1: folds 
Lion_Squall: folds 
Alameda22: folds 
Soply: folds 
NNIT2WINIT: folds 
hhnebula: folds 
StillBrown: folds 
donkmaster23: folds 
Uncalled bet ($8) returned to Grotz
Grotz collected $1.25 from pot
Grotz: doesn't show hand 
*** SUMMARY ***
Total pot $1.25 | Rake $0 
Seat 1: hhnebula (button) folded before Flop (didn't bet)
Seat 2: StillBrown (small blind) folded before Flop
Seat 3: donkmaster23 (big blind) folded before Flop
Seat 4: Grotz collected ($1.25)
Seat 5: JoeIngram1 folded before Flop (didn't bet)
Seat 6: Lion_Squall folded before Flop (didn't bet)
Seat 7: Alameda22 folded before Flop (didn't bet)
Seat 8: Soply folded before Flop (didn't bet)
Seat 9: NNIT2WINIT folded before Flop (didn't bet)



PokerStars Game #20148660914:  Hold'em No Limit ($0.25/$0.50) - 2008/09/04 18:04:02 ET
Table 'Bistro II' 9-max Seat #2 is the button
Seat 1: hhnebula ($28 in chips) 
Seat 2: StillBrown ($5.25 in chips) 
Seat 3: donkmaster23 ($9.25 in chips) 
Seat 4: Grotz ($9.25 in chips) 
Seat 5: JoeIngram1 ($55.75 in chips) 
Seat 6: Lion_Squall ($34.45 in chips) 
Seat 7: Alameda22 ($53.85 in chips) 
Seat 8: Soply ($40.90 in chips) 
Seat 9: NNIT2WINIT ($25.50 in chips) 
donkmaster23: posts small blind $0.25
Grotz: posts big blind $0.50
*** HOLE CARDS ***
Dealt to Alameda22 [Ts 6d]
JoeIngram1: folds 
Lion_Squall: folds 
Alameda22: folds 
Soply: raises $1.50 to $2
NNIT2WINIT: folds 
hhnebula: folds 
StillBrown: folds 
donkmaster23: folds 
Grotz: folds 
Uncalled bet ($1.50) returned to Soply
Soply collected $1.25 from pot
*** SUMMARY ***
Total pot $1.25 | Rake $0 
Seat 1: hhnebula folded before Flop (didn't bet)
Seat 2: StillBrown (button) folded before Flop (didn't bet)
Seat 3: donkmaster23 (small blind) folded before Flop
Seat 4: Grotz (big blind) folded before Flop
Seat 5: JoeIngram1 folded before Flop (didn't bet)
Seat 6: Lion_Squall folded before Flop (didn't bet)
Seat 7: Alameda22 folded before Flop (didn't bet)
Seat 8: Soply collected ($1.25)
Seat 9: NNIT2WINIT folded before Flop (didn't bet)



PokerStars Game #20148673865:  Hold'em No Limit ($0.25/$0.50) - 2008/09/04 18:04:36 ET
Table 'Bistro II' 9-max Seat #3 is the button
Seat 1: hhnebula ($28 in chips) 
Seat 2: StillBrown ($5.25 in chips) 
Seat 3: donkmaster23 ($9 in chips) 
Seat 4: Grotz ($8.75 in chips) 
Seat 5: JoeIngram1 ($55.75 in chips) 
Seat 6: Lion_Squall ($34.45 in chips) 
Seat 7: Alameda22 ($53.85 in chips) 
Seat 8: Soply ($41.65 in chips) 
Seat 9: NNIT2WINIT ($25.50 in chips) 
Grotz: posts small blind $0.25
JoeIngram1: posts big blind $0.50
*** HOLE CARDS ***
Dealt to Alameda22 [7h 5d]
Lion_Squall: folds 
Alameda22: folds 
Soply: folds 
NNIT2WINIT: folds 
hhnebula: raises $1 to $1.50
StillBrown: folds 
donkmaster23: folds 
Grotz: folds 
JoeIngram1: folds 
Uncalled bet ($1) returned to hhnebula
hhnebula collected $1.25 from pot
*** SUMMARY ***
Total pot $1.25 | Rake $0 
Seat 1: hhnebula collected ($1.25)
Seat 2: StillBrown folded before Flop (didn't bet)
Seat 3: donkmaster23 (button) folded before Flop (didn't bet)
Seat 4: Grotz (small blind) folded before Flop
Seat 5: JoeIngram1 (big blind) folded before Flop
Seat 6: Lion_Squall folded before Flop (didn't bet)
Seat 7: Alameda22 folded before Flop (didn't bet)
Seat 8: Soply folded before Flop (didn't bet)
Seat 9: NNIT2WINIT folded before Flop (didn't bet)



PokerStars Game #20148688238:  Hold'em No Limit ($0.25/$0.50) - 2008/09/04 18:05:13 ET
Table 'Bistro II' 9-max Seat #4 is the button
Seat 1: hhnebula ($28.75 in chips) 
Seat 2: StillBrown ($5.25 in chips) 
Seat 3: donkmaster23 ($9 in chips) 
Seat 4: Grotz ($8.50 in chips) 
Seat 5: JoeIngram1 ($55.25 in chips) 
Seat 6: Lion_Squall ($34.45 in chips) 
Seat 7: Alameda22 ($53.85 in chips) 
Seat 8: Soply ($41.65 in chips) 
Seat 9: NNIT2WINIT ($25.50 in chips) 
JoeIngram1: posts small blind $0.25
Lion_Squall: posts big blind $0.50
*** HOLE CARDS ***
Dealt to Alameda22 [7h Tc]
Alameda22: folds 
Soply: folds 
NNIT2WINIT: folds 
hhnebula: folds 
StillBrown: raises $1 to $1.50
donkmaster23: folds 
Grotz: folds 
JoeIngram1: folds 
Lion_Squall: calls $1
*** FLOP *** [Ks 9h 8s]
Lion_Squall: bets $3.50
StillBrown: raises $0.25 to $3.75 and is all-in
Lion_Squall: calls $0.25
*** TURN *** [Ks 9h 8s] [2h]
*** RIVER *** [Ks 9h 8s 2h] [4d]
*** SHOW DOWN ***
Lion_Squall: shows [Qs Qh] (a pair of Queens)
StillBrown: mucks hand 
Lion_Squall collected $10.25 from pot
*** SUMMARY ***
Total pot $10.75 | Rake $0.50 
Board [Ks 9h 8s 2h 4d]
Seat 1: hhnebula folded before Flop (didn't bet)
Seat 2: StillBrown mucked [Ad Qd]
Seat 3: donkmaster23 folded before Flop (didn't bet)
Seat 4: Grotz (button) folded before Flop (didn't bet)
Seat 5: JoeIngram1 (small blind) folded before Flop
Seat 6: Lion_Squall (big blind) showed [Qs Qh] and won ($10.25) with a pair of Queens
Seat 7: Alameda22 folded before Flop (didn't bet)
Seat 8: Soply folded before Flop (didn't bet)
Seat 9: NNIT2WINIT folded before Flop (didn't bet)



PokerStars Game #20148708407:  Hold'em No Limit ($0.25/$0.50) - 2008/09/04 18:06:05 ET
Table 'Bistro II' 9-max Seat #5 is the button
Seat 1: hhnebula ($28.75 in chips) 
Seat 3: donkmaster23 ($9 in chips) 
Seat 4: Grotz ($8.50 in chips) 
Seat 5: JoeIngram1 ($55 in chips) 
Seat 6: Lion_Squall ($39.45 in chips) 
Seat 7: Alameda22 ($53.85 in chips) 
Seat 8: Soply ($41.65 in chips) 
Seat 9: NNIT2WINIT ($25.50 in chips) 
Lion_Squall: posts small blind $0.25
Alameda22: posts big blind $0.50
*** HOLE CARDS ***
Dealt to Alameda22 [7s Js]
StillBrown has returned
Soply: folds 
NNIT2WINIT: folds 
hhnebula: folds 
donkmaster23: folds 
Grotz: folds 
JoeIngram1: folds 
Lion_Squall: calls $0.25
Alameda22: checks 
*** FLOP *** [4s Qd 4h]
Lion_Squall: checks 
Alameda22: checks 
*** TURN *** [4s Qd 4h] [Jc]
Lion_Squall: checks 
Alameda22: bets $0.50
Lion_Squall: folds 
Uncalled bet ($0.50) returned to Alameda22
Alameda22 collected $0.95 from pot
Alameda22: doesn't show hand 
*** SUMMARY ***
Total pot $1 | Rake $0.05 
Board [4s Qd 4h Jc]
Seat 1: hhnebula folded before Flop (didn't bet)
Seat 3: donkmaster23 folded before Flop (didn't bet)
Seat 4: Grotz folded before Flop (didn't bet)
Seat 5: JoeIngram1 (button) folded before Flop (didn't bet)
Seat 6: Lion_Squall (small blind) folded on the Turn
Seat 7: Alameda22 (big blind) collected ($0.95)
Seat 8: Soply folded before Flop (didn't bet)
Seat 9: NNIT2WINIT folded before Flop (didn't bet)



PokerStars Game #20148730683:  Hold'em No Limit ($0.25/$0.50) - 2008/09/04 18:07:03 ET
Table 'Bistro II' 9-max Seat #6 is the button
Seat 1: hhnebula ($28.75 in chips) 
Seat 2: StillBrown ($10 in chips) 
Seat 3: donkmaster23 ($9 in chips) 
Seat 4: Grotz ($8.50 in chips) 
Seat 5: JoeIngram1 ($55 in chips) 
Seat 6: Lion_Squall ($38.95 in chips) 
Seat 7: Alameda22 ($54.30 in chips) 
Seat 8: Soply ($41.65 in chips) 
Seat 9: NNIT2WINIT ($25.50 in chips) 
Alameda22: posts small blind $0.25
Soply: posts big blind $0.50
*** HOLE CARDS ***
Dealt to Alameda22 [Kc 3c]
NNIT2WINIT: folds 
hhnebula: raises $0.50 to $1
StillBrown: folds 
donkmaster23: raises $2 to $3
Grotz: folds 
JoeIngram1: folds 
Lion_Squall: folds 
Alameda22: folds 
Soply: folds 
hhnebula: calls $2
*** FLOP *** [5d 6c 4d]
hhnebula: checks 
donkmaster23: bets $6 and is all-in
hhnebula: folds 
Uncalled bet ($6) returned to donkmaster23
donkmaster23 collected $6.45 from pot
donkmaster23: doesn't show hand 
*** SUMMARY ***
Total pot $6.75 | Rake $0.30 
Board [5d 6c 4d]
Seat 1: hhnebula folded on the Flop
Seat 2: StillBrown folded before Flop (didn't bet)
Seat 3: donkmaster23 collected ($6.45)
Seat 4: Grotz folded before Flop (didn't bet)
Seat 5: JoeIngram1 folded before Flop (didn't bet)
Seat 6: Lion_Squall (button) folded before Flop (didn't bet)
Seat 7: Alameda22 (small blind) folded before Flop
Seat 8: Soply (big blind) folded before Flop
Seat 9: NNIT2WINIT folded before Flop (didn't bet)



PokerStars Game #20148758456:  Hold'em No Limit ($0.25/$0.50) - 2008/09/04 18:08:14 ET
Table 'Bistro II' 9-max Seat #7 is the button
Seat 1: hhnebula ($25.75 in chips) 
Seat 2: StillBrown ($10 in chips) 
Seat 3: donkmaster23 ($12.45 in chips) 
Seat 4: Grotz ($8.50 in chips) 
Seat 5: JoeIngram1 ($55 in chips) 
Seat 6: Lion_Squall ($38.95 in chips) 
Seat 7: Alameda22 ($54.05 in chips) 
Seat 8: Soply ($41.15 in chips) 
Seat 9: NNIT2WINIT ($25.50 in chips) 
Soply: posts small blind $0.25
NNIT2WINIT: posts big blind $0.50
*** HOLE CARDS ***
Dealt to Alameda22 [Jh 4c]
hhnebula: folds 
StillBrown: folds 
donkmaster23: folds 
Grotz: folds 
JoeIngram1: folds 
Lion_Squall: calls $0.50
Alameda22: folds 
Soply: folds 
NNIT2WINIT: raises $2 to $2.50
Lion_Squall: calls $2
*** FLOP *** [Qd 4s 6s]
NNIT2WINIT: checks 
Lion_Squall: bets $2.50
NNIT2WINIT: raises $4 to $6.50
Lion_Squall: calls $4
*** TURN *** [Qd 4s 6s] [Ad]
NNIT2WINIT: bets $16.50 and is all-in
Lion_Squall: calls $16.50
*** RIVER *** [Qd 4s 6s Ad] [9d]
*** SHOW DOWN ***
NNIT2WINIT: shows [3c 3d] (a pair of Threes)
Lion_Squall: shows [As 8c] (a pair of Aces)
Lion_Squall collected $48.75 from pot
*** SUMMARY ***
Total pot $51.25 | Rake $2.50 
Board [Qd 4s 6s Ad 9d]
Seat 1: hhnebula folded before Flop (didn't bet)
Seat 2: StillBrown folded before Flop (didn't bet)
Seat 3: donkmaster23 folded before Flop (didn't bet)
Seat 4: Grotz folded before Flop (didn't bet)
Seat 5: JoeIngram1 folded before Flop (didn't bet)
Seat 6: Lion_Squall showed [As 8c] and won ($48.75) with a pair of Aces
Seat 7: Alameda22 (button) folded before Flop (didn't bet)
Seat 8: Soply (small blind) folded before Flop
Seat 9: NNIT2WINIT (big blind) showed [3c 3d] and lost with a pair of Threes



PokerStars Game #20148791667:  Hold'em No Limit ($0.25/$0.50) - 2008/09/04 18:09:39 ET
Table 'Bistro II' 9-max Seat #8 is the button
Seat 1: hhnebula ($25.75 in chips) 
Seat 2: StillBrown ($10 in chips) 
Seat 3: donkmaster23 ($12.45 in chips) 
Seat 4: Grotz ($8.50 in chips) 
Seat 5: JoeIngram1 ($55 in chips) 
Seat 6: Lion_Squall ($62.20 in chips) 
Seat 7: Alameda22 ($54.05 in chips) 
Seat 8: Soply ($40.90 in chips) 
hhnebula: posts small blind $0.25
StillBrown: posts big blind $0.50
*** HOLE CARDS ***
Dealt to Alameda22 [Qc 8d]
NNIT2WINIT has returned
donkmaster23: folds 
Grotz: folds 
JoeIngram1: folds 
Lion_Squall: folds 
Alameda22: folds 
Soply: folds 
hhnebula: folds 
Uncalled bet ($0.25) returned to StillBrown
StillBrown collected $0.50 from pot
*** SUMMARY ***
Total pot $0.50 | Rake $0 
Seat 1: hhnebula (small blind) folded before Flop
Seat 2: StillBrown (big blind) collected ($0.50)
Seat 3: donkmaster23 folded before Flop (didn't bet)
Seat 4: Grotz folded before Flop (didn't bet)
Seat 5: JoeIngram1 folded before Flop (didn't bet)
Seat 6: Lion_Squall folded before Flop (didn't bet)
Seat 7: Alameda22 folded before Flop (didn't bet)
Seat 8: Soply (button) folded before Flop (didn't bet)



PokerStars Game #20148811898:  Hold'em No Limit ($0.25/$0.50) - 2008/09/04 18:10:31 ET
Table 'Bistro II' 9-max Seat #1 is the button
Seat 1: hhnebula ($25.50 in chips) 
Seat 2: StillBrown ($10.25 in chips) 
Seat 4: Grotz ($8.50 in chips) 
Seat 5: JoeIngram1 ($55 in chips) 
Seat 6: Lion_Squall ($62.20 in chips) 
Seat 7: Alameda22 ($54.05 in chips) 
Seat 8: Soply ($40.90 in chips) 
StillBrown: posts small blind $0.25
donkmaster23: is sitting out 
Grotz: posts big blind $0.50
*** HOLE CARDS ***
Dealt to Alameda22 [4h Ad]
NNIT2WINIT has returned
donkmaster23 leaves the table
JoeIngram1: folds 
Lion_Squall: folds 
Alameda22: folds 
Soply: raises $1.50 to $2
hhnebula: folds 
StillBrown: calls $1.75
Grotz: folds 
*** FLOP *** [6s 7c 8c]
StillBrown: checks 
Soply: checks 
*** TURN *** [6s 7c 8c] [7h]
StillBrown: checks 
Soply: checks 
*** RIVER *** [6s 7c 8c 7h] [Ac]
StillBrown: checks 
Soply: bets $4
StillBrown: folds 
Uncalled bet ($4) returned to Soply
Soply collected $4.30 from pot
*** SUMMARY ***
Total pot $4.50 | Rake $0.20 
Board [6s 7c 8c 7h Ac]
Seat 1: hhnebula (button) folded before Flop (didn't bet)
Seat 2: StillBrown (small blind) folded on the River
Seat 4: Grotz (big blind) folded before Flop
Seat 5: JoeIngram1 folded before Flop (didn't bet)
Seat 6: Lion_Squall folded before Flop (didn't bet)
Seat 7: Alameda22 folded before Flop (didn't bet)
Seat 8: Soply collected ($4.30)



PokerStars Game #20148839421:  Hold'em No Limit ($0.25/$0.50) - 2008/09/04 18:11:42 ET
Table 'Bistro II' 9-max Seat #2 is the button
Seat 1: hhnebula ($25.50 in chips) 
Seat 2: StillBrown ($8.25 in chips) 
Seat 4: Grotz ($8 in chips) 
Seat 5: JoeIngram1 ($55 in chips) 
Seat 6: Lion_Squall ($62.20 in chips) 
Seat 7: Alameda22 ($54.05 in chips) 
Seat 8: Soply ($43.20 in chips) 
Grotz: posts small blind $0.25
JoeIngram1: posts big blind $0.50
*** HOLE CARDS ***
Dealt to Alameda22 [As Kh]
Lion_Squall: folds 
Alameda22: raises $1.50 to $2
Soply: folds 
hhnebula: folds 
StillBrown: folds 
Grotz: folds 
JoeIngram1: folds 
Uncalled bet ($1.50) returned to Alameda22
Alameda22 collected $1.25 from pot
Alameda22: doesn't show hand 
*** SUMMARY ***
Total pot $1.25 | Rake $0 
Seat 1: hhnebula folded before Flop (didn't bet)
Seat 2: StillBrown (button) folded before Flop (didn't bet)
Seat 4: Grotz (small blind) folded before Flop
Seat 5: JoeIngram1 (big blind) folded before Flop
Seat 6: Lion_Squall folded before Flop (didn't bet)
Seat 7: Alameda22 collected ($1.25)
Seat 8: Soply folded before Flop (didn't bet)



PokerStars Game #20148850216:  Hold'em No Limit ($0.25/$0.50) - 2008/09/04 18:12:10 ET
Table 'Bistro II' 9-max Seat #4 is the button
Seat 1: hhnebula ($25.50 in chips) 
Seat 2: StillBrown ($8.25 in chips) 
Seat 4: Grotz ($7.75 in chips) 
Seat 5: JoeIngram1 ($54.50 in chips) 
Seat 6: Lion_Squall ($62.20 in chips) 
Seat 7: Alameda22 ($54.80 in chips) 
Seat 8: Soply ($43.20 in chips) 
JoeIngram1: posts small blind $0.25
Lion_Squall: posts big blind $0.50
*** HOLE CARDS ***
Dealt to Alameda22 [Qd 2s]
Alameda22: folds 
Karparazzi joins the table at seat #3 
Soply: folds 
hhnebula: folds 
StillBrown: calls $0.50
Grotz: folds 
NNIT2WINIT leaves the table
JoeIngram1: calls $0.25
Lion_Squall: checks 
*** FLOP *** [4d 6s Ts]
JoeIngram1: checks 
Lion_Squall: bets $0.50
StillBrown: calls $0.50
JoeIngram1: calls $0.50
*** TURN *** [4d 6s Ts] [As]
JoeIngram1: checks 
Lion_Squall: checks 
StillBrown: checks 
*** RIVER *** [4d 6s Ts As] [9c]
JoeIngram1: bets $2.50
Lion_Squall: folds 
StillBrown: folds 
Uncalled bet ($2.50) returned to JoeIngram1
JoeIngram1 collected $2.90 from pot
JoeIngram1: doesn't show hand 
*** SUMMARY ***
Total pot $3 | Rake $0.10 
Board [4d 6s Ts As 9c]
Seat 1: hhnebula folded before Flop (didn't bet)
Seat 2: StillBrown folded on the River
Seat 4: Grotz (button) folded before Flop (didn't bet)
Seat 5: JoeIngram1 (small blind) collected ($2.90)
Seat 6: Lion_Squall (big blind) folded on the River
Seat 7: Alameda22 folded before Flop (didn't bet)
Seat 8: Soply folded before Flop (didn't bet)



PokerStars Game #20148881405:  Hold'em No Limit ($0.25/$0.50) - 2008/09/04 18:13:31 ET
Table 'Bistro II' 9-max Seat #5 is the button
Seat 1: hhnebula ($25.50 in chips) 
Seat 2: StillBrown ($7.25 in chips) 
Seat 3: Karparazzi ($27.05 in chips) 
Seat 4: Grotz ($7.75 in chips) 
Seat 5: JoeIngram1 ($56.40 in chips) 
Seat 6: Lion_Squall ($61.20 in chips) 
Seat 7: Alameda22 ($54.80 in chips) 
Seat 8: Soply ($43.20 in chips) 
Lion_Squall: posts small blind $0.25
Alameda22: posts big blind $0.50
Karparazzi: posts big blind $0.50
*** HOLE CARDS ***
Dealt to Alameda22 [9d 4c]
Soply: folds 
hhnebula: folds 
StillBrown: folds 
Karparazzi: raises $1.50 to $2
Grotz: folds 
JoeIngram1: folds 
Lion_Squall: folds 
Alameda22: folds 
Uncalled bet ($1.50) returned to Karparazzi
Karparazzi collected $1.25 from pot
Karparazzi: doesn't show hand 
*** SUMMARY ***
Total pot $1.25 | Rake $0 
Seat 1: hhnebula folded before Flop (didn't bet)
Seat 2: StillBrown folded before Flop (didn't bet)
Seat 3: Karparazzi collected ($1.25)
Seat 4: Grotz folded before Flop (didn't bet)
Seat 5: JoeIngram1 (button) folded before Flop (didn't bet)
Seat 6: Lion_Squall (small blind) folded before Flop
Seat 7: Alameda22 (big blind) folded before Flop
Seat 8: Soply folded before Flop (didn't bet)



PokerStars Game #20148898534:  Hold'em No Limit ($0.25/$0.50) - 2008/09/04 18:14:16 ET
Table 'Bistro II' 9-max Seat #6 is the button
Seat 1: hhnebula ($25.50 in chips) 
Seat 2: StillBrown ($7.25 in chips) 
Seat 3: Karparazzi ($27.80 in chips) 
Seat 4: Grotz ($7.75 in chips) 
Seat 5: JoeIngram1 ($56.40 in chips) 
Seat 6: Lion_Squall ($60.95 in chips) 
Seat 7: Alameda22 ($54.30 in chips) 
Seat 8: Soply ($43.20 in chips) 
Alameda22: posts small blind $0.25
Soply: posts big blind $0.50
*** HOLE CARDS ***
Dealt to Alameda22 [7d 4d]
hhnebula: calls $0.50
StillBrown: folds 
Karparazzi: calls $0.50
Grotz: folds 
JoeIngram1: folds 
Lion_Squall: folds 
Alameda22: folds 
Soply: checks 
*** FLOP *** [Ah Qd Js]
Soply: checks 
hhnebula: bets $0.50
Karparazzi: calls $0.50
Soply: folds 
*** TURN *** [Ah Qd Js] [3s]
StillBrown is disconnected 
StillBrown is connected 
hhnebula: bets $0.50
Karparazzi: calls $0.50
*** RIVER *** [Ah Qd Js 3s] [5c]
hhnebula: bets $1.50
Karparazzi: folds 
Uncalled bet ($1.50) returned to hhnebula
Rentmeester joins the table at seat #9 
hhnebula collected $3.60 from pot
*** SUMMARY ***
Total pot $3.75 | Rake $0.15 
Board [Ah Qd Js 3s 5c]
Seat 1: hhnebula collected ($3.60)
Seat 2: StillBrown folded before Flop (didn't bet)
Seat 3: Karparazzi folded on the River
Seat 4: Grotz folded before Flop (didn't bet)
Seat 5: JoeIngram1 folded before Flop (didn't bet)
Seat 6: Lion_Squall (button) folded before Flop (didn't bet)
Seat 7: Alameda22 (small blind) folded before Flop
Seat 8: Soply (big blind) folded on the Flop



PokerStars Game #20148940676:  Hold'em No Limit ($0.25/$0.50) - 2008/09/04 18:16:05 ET
Table 'Bistro II' 9-max Seat #7 is the button
Seat 1: hhnebula ($27.60 in chips) 
Seat 2: StillBrown ($7.25 in chips) 
Seat 3: Karparazzi ($26.30 in chips) 
Seat 4: Grotz ($7.75 in chips) 
Seat 5: JoeIngram1 ($56.40 in chips) 
Seat 6: Lion_Squall ($60.95 in chips) 
Seat 7: Alameda22 ($54.05 in chips) 
Seat 8: Soply ($42.70 in chips) 
Seat 9: Rentmeester ($50 in chips) 
Soply: posts small blind $0.25
Rentmeester: posts big blind $0.50
*** HOLE CARDS ***
Dealt to Alameda22 [5c 9d]
hhnebula: folds 
StillBrown: folds 
Karparazzi: calls $0.50
Grotz: folds 
JoeIngram1: folds 
Lion_Squall: folds 
Alameda22: folds 
Soply: folds 
Rentmeester: checks 
*** FLOP *** [5h 7c Jd]
Rentmeester: checks 
Karparazzi: checks 
*** TURN *** [5h 7c Jd] [4c]
Rentmeester: bets $0.50
Karparazzi: raises $1.50 to $2
Rentmeester: folds 
Uncalled bet ($1.50) returned to Karparazzi
Karparazzi collected $2.15 from pot
Karparazzi: doesn't show hand 
*** SUMMARY ***
Total pot $2.25 | Rake $0.10 
Board [5h 7c Jd 4c]
Seat 1: hhnebula folded before Flop (didn't bet)
Seat 2: StillBrown folded before Flop (didn't bet)
Seat 3: Karparazzi collected ($2.15)
Seat 4: Grotz folded before Flop (didn't bet)
Seat 5: JoeIngram1 folded before Flop (didn't bet)
Seat 6: Lion_Squall folded before Flop (didn't bet)
Seat 7: Alameda22 (button) folded before Flop (didn't bet)
Seat 8: Soply (small blind) folded before Flop
Seat 9: Rentmeester (big blind) folded on the Turn



PokerStars Game #20148965808:  Hold'em No Limit ($0.25/$0.50) - 2008/09/04 18:17:10 ET
Table 'Bistro II' 9-max Seat #8 is the button
Seat 1: hhnebula ($27.60 in chips) 
Seat 2: StillBrown ($7.25 in chips) 
Seat 3: Karparazzi ($27.45 in chips) 
Seat 4: Grotz ($7.75 in chips) 
Seat 5: JoeIngram1 ($56.40 in chips) 
Seat 6: Lion_Squall ($60.95 in chips) 
Seat 7: Alameda22 ($54.05 in chips) 
Seat 8: Soply ($42.45 in chips) 
Seat 9: Rentmeester ($49 in chips) 
Rentmeester: posts small blind $0.25
hhnebula: posts big blind $0.50
*** HOLE CARDS ***
Dealt to Alameda22 [2h 5c]
StillBrown: folds 
Karparazzi: calls $0.50
Grotz: folds 
JoeIngram1: folds 
Lion_Squall: folds 
Alameda22: folds 
Soply: folds 
Rentmeester: calls $0.25
hhnebula: checks 
*** FLOP *** [9d 6d 7c]
Rentmeester: checks 
hhnebula: checks 
Karparazzi: bets $1.50
Rentmeester: folds 
hhnebula: folds 
Uncalled bet ($1.50) returned to Karparazzi
Karparazzi collected $1.45 from pot
Karparazzi: doesn't show hand 
*** SUMMARY ***
Total pot $1.50 | Rake $0.05 
Board [9d 6d 7c]
Seat 1: hhnebula (big blind) folded on the Flop
Seat 2: StillBrown folded before Flop (didn't bet)
Seat 3: Karparazzi collected ($1.45)
Seat 4: Grotz folded before Flop (didn't bet)
Seat 5: JoeIngram1 folded before Flop (didn't bet)
Seat 6: Lion_Squall folded before Flop (didn't bet)
Seat 7: Alameda22 folded before Flop (didn't bet)
Seat 8: Soply (button) folded before Flop (didn't bet)
Seat 9: Rentmeester (small blind) folded on the Flop



PokerStars Game #20148992272:  Hold'em No Limit ($0.25/$0.50) - 2008/09/04 18:18:18 ET
Table 'Bistro II' 9-max Seat #9 is the button
Seat 1: hhnebula ($27.10 in chips) 
Seat 2: StillBrown ($7.25 in chips) 
Seat 3: Karparazzi ($28.40 in chips) 
Seat 4: Grotz ($7.75 in chips) 
Seat 5: JoeIngram1 ($56.40 in chips) 
Seat 6: Lion_Squall ($60.95 in chips) 
Seat 7: Alameda22 ($54.05 in chips) 
Seat 8: Soply ($42.45 in chips) 
Seat 9: Rentmeester ($48.50 in chips) 
hhnebula: posts small blind $0.25
StillBrown: posts big blind $0.50
*** HOLE CARDS ***
Dealt to Alameda22 [Tc 4c]
Karparazzi: folds 
Grotz: raises $7.25 to $7.75 and is all-in
JoeIngram1: folds 
Lion_Squall: folds 
Alameda22: folds 
Soply: folds 
Rentmeester: folds 
hhnebula: folds 
StillBrown: folds 
Uncalled bet ($7.25) returned to Grotz
Grotz collected $1.25 from pot
Grotz: doesn't show hand 
*** SUMMARY ***
Total pot $1.25 | Rake $0 
Seat 1: hhnebula (small blind) folded before Flop
Seat 2: StillBrown (big blind) folded before Flop
Seat 3: Karparazzi folded before Flop (didn't bet)
Seat 4: Grotz collected ($1.25)
Seat 5: JoeIngram1 folded before Flop (didn't bet)
Seat 6: Lion_Squall folded before Flop (didn't bet)
Seat 7: Alameda22 folded before Flop (didn't bet)
Seat 8: Soply folded before Flop (didn't bet)
Seat 9: Rentmeester (button) folded before Flop (didn't bet)



PokerStars Game #20149001579:  Hold'em No Limit ($0.25/$0.50) - 2008/09/04 18:18:43 ET
Table 'Bistro II' 9-max Seat #1 is the button
Seat 1: hhnebula ($26.85 in chips) 
Seat 2: StillBrown ($6.75 in chips) 
Seat 3: Karparazzi ($28.40 in chips) 
Seat 4: Grotz ($8.50 in chips) 
Seat 5: JoeIngram1 ($56.40 in chips) 
Seat 6: Lion_Squall ($60.95 in chips) 
Seat 7: Alameda22 ($54.05 in chips) 
Seat 8: Soply ($42.45 in chips) 
Seat 9: Rentmeester ($48.50 in chips) 
StillBrown: posts small blind $0.25
Karparazzi: posts big blind $0.50
*** HOLE CARDS ***
Dealt to Alameda22 [Qd 2c]
Grotz: folds 
JoeIngram1: folds 
Lion_Squall: raises $0.50 to $1
Alameda22: folds 
Soply: folds 
Rentmeester: folds 
hhnebula: folds 
StillBrown: calls $0.75
Karparazzi: calls $0.50
*** FLOP *** [Js Th 5d]
StillBrown: checks 
Karparazzi: checks 
Lion_Squall: bets $2.50
StillBrown: folds 
Karparazzi: folds 
Uncalled bet ($2.50) returned to Lion_Squall
Lion_Squall collected $2.85 from pot
Lion_Squall: doesn't show hand 
*** SUMMARY ***
Total pot $3 | Rake $0.15 
Board [Js Th 5d]
Seat 1: hhnebula (button) folded before Flop (didn't bet)
Seat 2: StillBrown (small blind) folded on the Flop
Seat 3: Karparazzi (big blind) folded on the Flop
Seat 4: Grotz folded before Flop (didn't bet)
Seat 5: JoeIngram1 folded before Flop (didn't bet)
Seat 6: Lion_Squall collected ($2.85)
Seat 7: Alameda22 folded before Flop (didn't bet)
Seat 8: Soply folded before Flop (didn't bet)
Seat 9: Rentmeester folded before Flop (didn't bet)



PokerStars Game #20149031889:  Hold'em No Limit ($0.25/$0.50) - 2008/09/04 18:20:02 ET
Table 'Bistro II' 9-max Seat #2 is the button
Seat 1: hhnebula ($26.85 in chips) 
Seat 2: StillBrown ($5.75 in chips) 
Seat 3: Karparazzi ($27.40 in chips) 
Seat 4: Grotz ($8.50 in chips) 
Seat 5: JoeIngram1 ($56.40 in chips) 
Seat 6: Lion_Squall ($62.80 in chips) 
Seat 7: Alameda22 ($54.05 in chips) 
Seat 8: Soply ($42.45 in chips) 
Seat 9: Rentmeester ($48.50 in chips) 
Karparazzi: posts small blind $0.25
Grotz: posts big blind $0.50
*** HOLE CARDS ***
Dealt to Alameda22 [Th Ad]
JoeIngram1: raises $1 to $1.50
Lion_Squall: folds 
Alameda22: folds 
Soply: folds 
Rentmeester: folds 
hhnebula: folds 
StillBrown: folds 
Karparazzi: calls $1.25
Grotz: folds 
*** FLOP *** [Kd As Kh]
Karparazzi: bets $1.50
JoeIngram1: folds 
Uncalled bet ($1.50) returned to Karparazzi
Karparazzi collected $3.35 from pot
Karparazzi: doesn't show hand 
*** SUMMARY ***
Total pot $3.50 | Rake $0.15 
Board [Kd As Kh]
Seat 1: hhnebula folded before Flop (didn't bet)
Seat 2: StillBrown (button) folded before Flop (didn't bet)
Seat 3: Karparazzi (small blind) collected ($3.35)
Seat 4: Grotz (big blind) folded before Flop
Seat 5: JoeIngram1 folded on the Flop
Seat 6: Lion_Squall folded before Flop (didn't bet)
Seat 7: Alameda22 folded before Flop (didn't bet)
Seat 8: Soply folded before Flop (didn't bet)
Seat 9: Rentmeester folded before Flop (didn't bet)



PokerStars Game #20149046733:  Hold'em No Limit ($0.25/$0.50) - 2008/09/04 18:20:41 ET
Table 'Bistro II' 9-max Seat #3 is the button
Seat 1: hhnebula ($26.85 in chips) 
Seat 2: StillBrown ($5.75 in chips) 
Seat 3: Karparazzi ($29.25 in chips) 
Seat 4: Grotz ($8 in chips) 
Seat 5: JoeIngram1 ($54.90 in chips) 
Seat 6: Lion_Squall ($62.80 in chips) 
Seat 7: Alameda22 ($54.05 in chips) 
Seat 8: Soply ($42.45 in chips) 
Seat 9: Rentmeester ($48.50 in chips) 
Grotz: posts small blind $0.25
JoeIngram1: posts big blind $0.50
*** HOLE CARDS ***
Dealt to Alameda22 [8c 2s]
Lion_Squall: folds 
Alameda22: folds 
Soply: folds 
Rentmeester: calls $0.50
hhnebula: folds 
StillBrown: folds 
Karparazzi: calls $0.50
Grotz: raises $7.50 to $8 and is all-in
JoeIngram1: folds 
Rentmeester: folds 
Karparazzi: folds 
Uncalled bet ($7.50) returned to Grotz
Grotz collected $2 from pot
Grotz: doesn't show hand 
*** SUMMARY ***
Total pot $2 | Rake $0 
Seat 1: hhnebula folded before Flop (didn't bet)
Seat 2: StillBrown folded before Flop (didn't bet)
Seat 3: Karparazzi (button) folded before Flop
Seat 4: Grotz (small blind) collected ($2)
Seat 5: JoeIngram1 (big blind) folded before Flop
Seat 6: Lion_Squall folded before Flop (didn't bet)
Seat 7: Alameda22 folded before Flop (didn't bet)
Seat 8: Soply folded before Flop (didn't bet)
Seat 9: Rentmeester folded before Flop



PokerStars Game #20149067275:  Hold'em No Limit ($0.25/$0.50) - 2008/09/04 18:21:35 ET
Table 'Bistro II' 9-max Seat #4 is the button
Seat 1: hhnebula ($26.85 in chips) 
Seat 2: StillBrown ($5.75 in chips) 
Seat 3: Karparazzi ($28.75 in chips) 
Seat 4: Grotz ($9.50 in chips) 
Seat 5: JoeIngram1 ($54.40 in chips) 
Seat 6: Lion_Squall ($62.80 in chips) 
Seat 7: Alameda22 ($54.05 in chips) 
Seat 8: Soply ($42.45 in chips) 
Seat 9: Rentmeester ($48 in chips) 
JoeIngram1: posts small blind $0.25
Lion_Squall: posts big blind $0.50
*** HOLE CARDS ***
Dealt to Alameda22 [9h Js]
Alameda22: folds 
Soply: folds 
Rentmeester: folds 
hhnebula: raises $1 to $1.50
StillBrown: folds 
Karparazzi: folds 
Grotz: folds 
JoeIngram1: folds 
Lion_Squall: calls $1
*** FLOP *** [6c Qh 6d]
Lion_Squall: checks 
hhnebula: bets $1
Lion_Squall: folds 
Uncalled bet ($1) returned to hhnebula
hhnebula collected $3.10 from pot
*** SUMMARY ***
Total pot $3.25 | Rake $0.15 
Board [6c Qh 6d]
Seat 1: hhnebula collected ($3.10)
Seat 2: StillBrown folded before Flop (didn't bet)
Seat 3: Karparazzi folded before Flop (didn't bet)
Seat 4: Grotz (button) folded before Flop (didn't bet)
Seat 5: JoeIngram1 (small blind) folded before Flop
Seat 6: Lion_Squall (big blind) folded on the Flop
Seat 7: Alameda22 folded before Flop (didn't bet)
Seat 8: Soply folded before Flop (didn't bet)
Seat 9: Rentmeester folded before Flop (didn't bet)



PokerStars Game #20149085980:  Hold'em No Limit ($0.25/$0.50) - 2008/09/04 18:22:24 ET
Table 'Bistro II' 9-max Seat #5 is the button
Seat 1: hhnebula ($28.45 in chips) 
Seat 2: StillBrown ($5.75 in chips) 
Seat 3: Karparazzi ($28.75 in chips) 
Seat 4: Grotz ($9.50 in chips) 
Seat 5: JoeIngram1 ($54.15 in chips) 
Seat 6: Lion_Squall ($61.30 in chips) 
Seat 7: Alameda22 ($54.05 in chips) 
Seat 8: Soply ($42.45 in chips) 
Seat 9: Rentmeester ($48 in chips) 
Lion_Squall: posts small blind $0.25
Alameda22: posts big blind $0.50
*** HOLE CARDS ***
Dealt to Alameda22 [Kd Jc]
Soply: folds 
Rentmeester: folds 
hhnebula: folds 
StillBrown: folds 
Karparazzi: folds 
Grotz: folds 
JoeIngram1: folds 
Lion_Squall: folds 
Uncalled bet ($0.25) returned to Alameda22
Alameda22 collected $0.50 from pot
Alameda22: doesn't show hand 
*** SUMMARY ***
Total pot $0.50 | Rake $0 
Seat 1: hhnebula folded before Flop (didn't bet)
Seat 2: StillBrown folded before Flop (didn't bet)
Seat 3: Karparazzi folded before Flop (didn't bet)
Seat 4: Grotz folded before Flop (didn't bet)
Seat 5: JoeIngram1 (button) folded before Flop (didn't bet)
Seat 6: Lion_Squall (small blind) folded before Flop
Seat 7: Alameda22 (big blind) collected ($0.50)
Seat 8: Soply folded before Flop (didn't bet)
Seat 9: Rentmeester folded before Flop (didn't bet)



PokerStars Game #20149097251:  Hold'em No Limit ($0.25/$0.50) - 2008/09/04 18:22:53 ET
Table 'Bistro II' 9-max Seat #6 is the button
Seat 1: hhnebula ($28.45 in chips) 
Seat 2: StillBrown ($5.75 in chips) 
Seat 3: Karparazzi ($28.75 in chips) 
Seat 4: Grotz ($9.50 in chips) 
Seat 5: JoeIngram1 ($54.15 in chips) 
Seat 6: Lion_Squall ($61.05 in chips) 
Seat 7: Alameda22 ($54.30 in chips) 
Seat 8: Soply ($42.45 in chips) 
Seat 9: Rentmeester ($48 in chips) 
Alameda22: posts small blind $0.25
Soply: posts big blind $0.50
*** HOLE CARDS ***
Dealt to Alameda22 [Th 3d]
Rentmeester: folds 
hhnebula: raises $0.50 to $1
StillBrown: folds 
Karparazzi: folds 
Grotz: folds 
JoeIngram1: folds 
Lion_Squall: folds 
Alameda22: folds 
Soply: folds 
Uncalled bet ($0.50) returned to hhnebula
hhnebula collected $1.25 from pot
*** SUMMARY ***
Total pot $1.25 | Rake $0 
Seat 1: hhnebula collected ($1.25)
Seat 2: StillBrown folded before Flop (didn't bet)
Seat 3: Karparazzi folded before Flop (didn't bet)
Seat 4: Grotz folded before Flop (didn't bet)
Seat 5: JoeIngram1 folded before Flop (didn't bet)
Seat 6: Lion_Squall (button) folded before Flop (didn't bet)
Seat 7: Alameda22 (small blind) folded before Flop
Seat 8: Soply (big blind) folded before Flop
Seat 9: Rentmeester folded before Flop (didn't bet)



PokerStars Game #20149113960:  Hold'em No Limit ($0.25/$0.50) - 2008/09/04 18:23:38 ET
Table 'Bistro II' 9-max Seat #7 is the button
Seat 1: hhnebula ($29.20 in chips) 
Seat 2: StillBrown ($5.75 in chips) 
Seat 3: Karparazzi ($28.75 in chips) 
Seat 4: Grotz ($9.50 in chips) 
Seat 5: JoeIngram1 ($54.15 in chips) 
Seat 6: Lion_Squall ($61.05 in chips) 
Seat 7: Alameda22 ($54.05 in chips) 
Seat 8: Soply ($41.95 in chips) 
Seat 9: Rentmeester ($48 in chips) 
Soply: posts small blind $0.25
Rentmeester: posts big blind $0.50
*** HOLE CARDS ***
Dealt to Alameda22 [Th Td]
hhnebula: calls $0.50
StillBrown: calls $0.50
Karparazzi: folds 
Grotz: folds 
JoeIngram1: folds 
Lion_Squall: folds 
Alameda22: calls $0.50
Soply: calls $0.25
Rentmeester: checks 
*** FLOP *** [Kc 6c Qs]
Soply: bets $2
Rentmeester: calls $2
hhnebula: folds 
StillBrown: folds 
Alameda22: folds 
*** TURN *** [Kc 6c Qs] [7d]
Soply: bets $6
Rentmeester: raises $11 to $17
Soply: folds 
Uncalled bet ($11) returned to Rentmeester
Rentmeester collected $17.60 from pot
Rentmeester: doesn't show hand 
*** SUMMARY ***
Total pot $18.50 | Rake $0.90 
Board [Kc 6c Qs 7d]
Seat 1: hhnebula folded on the Flop
Seat 2: StillBrown folded on the Flop
Seat 3: Karparazzi folded before Flop (didn't bet)
Seat 4: Grotz folded before Flop (didn't bet)
Seat 5: JoeIngram1 folded before Flop (didn't bet)
Seat 6: Lion_Squall folded before Flop (didn't bet)
Seat 7: Alameda22 (button) folded on the Flop
Seat 8: Soply (small blind) folded on the Turn
Seat 9: Rentmeester (big blind) collected ($17.60)



PokerStars Game #20149175314:  Hold'em No Limit ($0.25/$0.50) - 2008/09/04 18:26:19 ET
Table 'Bistro II' 9-max Seat #8 is the button
Seat 1: hhnebula ($28.70 in chips) 
Seat 2: StillBrown ($5.25 in chips) 
Seat 3: Karparazzi ($28.75 in chips) 
Seat 4: Grotz ($9.50 in chips) 
Seat 5: JoeIngram1 ($54.15 in chips) 
Seat 6: Lion_Squall ($61.05 in chips) 
Seat 7: Alameda22 ($53.55 in chips) 
Seat 8: Soply ($33.45 in chips) 
Seat 9: Rentmeester ($57.10 in chips) 
Rentmeester: posts small blind $0.25
hhnebula: posts big blind $0.50
*** HOLE CARDS ***
Dealt to Alameda22 [7d Kc]
StillBrown: folds 
Karparazzi: folds 
Grotz: folds 
JoeIngram1: folds 
Lion_Squall: calls $0.50
Alameda22: folds 
Soply: folds 
Rentmeester: calls $0.25
hhnebula: checks 
*** FLOP *** [Td As 7s]
Rentmeester: checks 
hhnebula: checks 
Lion_Squall: bets $1.50
Rentmeester: folds 
hhnebula: folds 
Uncalled bet ($1.50) returned to Lion_Squall
Lion_Squall collected $1.45 from pot
Lion_Squall: doesn't show hand 
*** SUMMARY ***
Total pot $1.50 | Rake $0.05 
Board [Td As 7s]
Seat 1: hhnebula (big blind) folded on the Flop
Seat 2: StillBrown folded before Flop (didn't bet)
Seat 3: Karparazzi folded before Flop (didn't bet)
Seat 4: Grotz folded before Flop (didn't bet)
Seat 5: JoeIngram1 folded before Flop (didn't bet)
Seat 6: Lion_Squall collected ($1.45)
Seat 7: Alameda22 folded before Flop (didn't bet)
Seat 8: Soply (button) folded before Flop (didn't bet)
Seat 9: Rentmeester (small blind) folded on the Flop



PokerStars Game #20149192378:  Hold'em No Limit ($0.25/$0.50) - 2008/09/04 18:27:05 ET
Table 'Bistro II' 9-max Seat #9 is the button
Seat 1: hhnebula ($28.20 in chips) 
Seat 2: StillBrown ($5.25 in chips) 
Seat 3: Karparazzi ($28.75 in chips) 
Seat 4: Grotz ($9.50 in chips) 
Seat 5: JoeIngram1 ($54.15 in chips) 
Seat 6: Lion_Squall ($62 in chips) 
Seat 7: Alameda22 ($53.55 in chips) 
Seat 8: Soply ($50 in chips) 
Seat 9: Rentmeester ($56.60 in chips) 
hhnebula: posts small blind $0.25
StillBrown: posts big blind $0.50
*** HOLE CARDS ***
Dealt to Alameda22 [5c 9d]
Karparazzi: folds 
Grotz: raises $9 to $9.50 and is all-in
JoeIngram1: folds 
Lion_Squall: folds 
Alameda22: folds 
Soply: folds 
Rentmeester: folds 
hhnebula: folds 
StillBrown: folds 
Uncalled bet ($9) returned to Grotz
Grotz collected $1.25 from pot
Grotz: doesn't show hand 
*** SUMMARY ***
Total pot $1.25 | Rake $0 
Seat 1: hhnebula (small blind) folded before Flop
Seat 2: StillBrown (big blind) folded before Flop
Seat 3: Karparazzi folded before Flop (didn't bet)
Seat 4: Grotz collected ($1.25)
Seat 5: JoeIngram1 folded before Flop (didn't bet)
Seat 6: Lion_Squall folded before Flop (didn't bet)
Seat 7: Alameda22 folded before Flop (didn't bet)
Seat 8: Soply folded before Flop (didn't bet)
Seat 9: Rentmeester (button) folded before Flop (didn't bet)



PokerStars Game #20149209830:  Hold'em No Limit ($0.25/$0.50) - 2008/09/04 18:27:51 ET
Table 'Bistro II' 9-max Seat #1 is the button
Seat 1: hhnebula ($27.95 in chips) 
Seat 2: StillBrown ($4.75 in chips) 
Seat 3: Karparazzi ($28.75 in chips) 
Seat 4: Grotz ($10.25 in chips) 
Seat 5: JoeIngram1 ($54.15 in chips) 
Seat 6: Lion_Squall ($62 in chips) 
Seat 7: Alameda22 ($53.55 in chips) 
Seat 8: Soply ($50 in chips) 
Seat 9: Rentmeester ($56.60 in chips) 
StillBrown: posts small blind $0.25
Karparazzi: posts big blind $0.50
*** HOLE CARDS ***
Dealt to Alameda22 [Kc Qh]
Grotz: folds 
JoeIngram1: folds 
Lion_Squall: calls $0.50
Alameda22: folds 
Soply: folds 
Rentmeester: folds 
hhnebula: calls $0.50
StillBrown: calls $0.25
Karparazzi: checks 
*** FLOP *** [8d Th 4d]
StillBrown: checks 
Karparazzi: checks 
Lion_Squall: checks 
hhnebula: bets $0.50
StillBrown: folds 
Karparazzi: calls $0.50
Lion_Squall: calls $0.50
*** TURN *** [8d Th 4d] [Qd]
Karparazzi: bets $1.50
Lion_Squall: calls $1.50
hhnebula: folds 
*** RIVER *** [8d Th 4d Qd] [8c]
Karparazzi: bets $1.50
Lion_Squall: raises $5.50 to $7
Karparazzi: folds 
Uncalled bet ($5.50) returned to Lion_Squall
Lion_Squall collected $9.05 from pot
Lion_Squall: doesn't show hand 
*** SUMMARY ***
Total pot $9.50 | Rake $0.45 
Board [8d Th 4d Qd 8c]
Seat 1: hhnebula (button) folded on the Turn
Seat 2: StillBrown (small blind) folded on the Flop
Seat 3: Karparazzi (big blind) folded on the River
Seat 4: Grotz folded before Flop (didn't bet)
Seat 5: JoeIngram1 folded before Flop (didn't bet)
Seat 6: Lion_Squall collected ($9.05)
Seat 7: Alameda22 folded before Flop (didn't bet)
Seat 8: Soply folded before Flop (didn't bet)
Seat 9: Rentmeester folded before Flop (didn't bet)



PokerStars Game #20149242395:  Hold'em No Limit ($0.25/$0.50) - 2008/09/04 18:29:17 ET
Table 'Bistro II' 9-max Seat #2 is the button
Seat 1: hhnebula ($26.95 in chips) 
Seat 2: StillBrown ($4.25 in chips) 
Seat 3: Karparazzi ($24.75 in chips) 
Seat 4: Grotz ($10.25 in chips) 
Seat 5: JoeIngram1 ($54.15 in chips) 
Seat 6: Lion_Squall ($67.05 in chips) 
Seat 7: Alameda22 ($53.55 in chips) 
Seat 8: Soply ($50 in chips) 
Seat 9: Rentmeester ($56.60 in chips) 
Karparazzi: posts small blind $0.25
Grotz: posts big blind $0.50
*** HOLE CARDS ***
Dealt to Alameda22 [Th 9d]
JoeIngram1: folds 
Lion_Squall: calls $0.50
Alameda22: folds 
Soply: folds 
Rentmeester: raises $1 to $1.50
hhnebula: folds 
StillBrown: folds 
Karparazzi: folds 
Grotz: folds 
Lion_Squall: calls $1
*** FLOP *** [Kc 2c Jd]
Lion_Squall: checks 
Rentmeester: bets $1.50
Lion_Squall: folds 
Uncalled bet ($1.50) returned to Rentmeester
Rentmeester collected $3.60 from pot
Rentmeester: doesn't show hand 
*** SUMMARY ***
Total pot $3.75 | Rake $0.15 
Board [Kc 2c Jd]
Seat 1: hhnebula folded before Flop (didn't bet)
Seat 2: StillBrown (button) folded before Flop (didn't bet)
Seat 3: Karparazzi (small blind) folded before Flop
Seat 4: Grotz (big blind) folded before Flop
Seat 5: JoeIngram1 folded before Flop (didn't bet)
Seat 6: Lion_Squall folded on the Flop
Seat 7: Alameda22 folded before Flop (didn't bet)
Seat 8: Soply folded before Flop (didn't bet)
Seat 9: Rentmeester collected ($3.60)



PokerStars Game #20149260433:  Hold'em No Limit ($0.25/$0.50) - 2008/09/04 18:30:05 ET
Table 'Bistro II' 9-max Seat #3 is the button
Seat 1: hhnebula ($26.95 in chips) 
Seat 2: StillBrown ($4.25 in chips) 
Seat 3: Karparazzi ($24.50 in chips) 
Seat 4: Grotz ($9.75 in chips) 
Seat 5: JoeIngram1 ($54.15 in chips) 
Seat 6: Lion_Squall ($65.55 in chips) 
Seat 7: Alameda22 ($53.55 in chips) 
Seat 8: Soply ($50 in chips) 
Seat 9: Rentmeester ($58.70 in chips) 
Grotz: posts small blind $0.25
JoeIngram1: posts big blind $0.50
*** HOLE CARDS ***
Dealt to Alameda22 [5h Ac]
Lion_Squall: folds 
Alameda22: folds 
Soply: folds 
Rentmeester: folds 
hhnebula: folds 
StillBrown: folds 
Karparazzi: calls $0.50
Grotz: folds 
JoeIngram1: checks 
*** FLOP *** [Kh Qh Qc]
JoeIngram1: checks 
Karparazzi: checks 
*** TURN *** [Kh Qh Qc] [2h]
JoeIngram1: checks 
Karparazzi: checks 
*** RIVER *** [Kh Qh Qc 2h] [Th]
JoeIngram1: checks 
Karparazzi: bets $1.50
JoeIngram1: calls $1.50
*** SHOW DOWN ***
Karparazzi: shows [3s 9s] (a pair of Queens)
JoeIngram1: shows [9c Jh] (a flush, King high)
JoeIngram1 collected $4.05 from pot
*** SUMMARY ***
Total pot $4.25 | Rake $0.20 
Board [Kh Qh Qc 2h Th]
Seat 1: hhnebula folded before Flop (didn't bet)
Seat 2: StillBrown folded before Flop (didn't bet)
Seat 3: Karparazzi (button) showed [3s 9s] and lost with a pair of Queens
Seat 4: Grotz (small blind) folded before Flop
Seat 5: JoeIngram1 (big blind) showed [9c Jh] and won ($4.05) with a flush, King high
Seat 6: Lion_Squall folded before Flop (didn't bet)
Seat 7: Alameda22 folded before Flop (didn't bet)
Seat 8: Soply folded before Flop (didn't bet)
Seat 9: Rentmeester folded before Flop (didn't bet)



PokerStars Game #20149285471:  Hold'em No Limit ($0.25/$0.50) - 2008/09/04 18:31:12 ET
Table 'Bistro II' 9-max Seat #4 is the button
Seat 1: hhnebula ($26.95 in chips) 
Seat 2: StillBrown ($4.25 in chips) 
Seat 3: Karparazzi ($22.50 in chips) 
Seat 4: Grotz ($9.50 in chips) 
Seat 5: JoeIngram1 ($56.20 in chips) 
Seat 6: Lion_Squall ($65.55 in chips) 
Seat 7: Alameda22 ($53.55 in chips) 
Seat 8: Soply ($50 in chips) 
Seat 9: Rentmeester ($58.70 in chips) 
JoeIngram1: posts small blind $0.25
Lion_Squall: posts big blind $0.50
*** HOLE CARDS ***
Dealt to Alameda22 [5s 8s]
Alameda22: folds 
Soply: folds 
Rentmeester: folds 
hhnebula: folds 
StillBrown: folds 
Karparazzi: folds 
Grotz: folds 
JoeIngram1: folds 
Uncalled bet ($0.25) returned to Lion_Squall
Lion_Squall collected $0.50 from pot
*** SUMMARY ***
Total pot $0.50 | Rake $0 
Seat 1: hhnebula folded before Flop (didn't bet)
Seat 2: StillBrown folded before Flop (didn't bet)
Seat 3: Karparazzi folded before Flop (didn't bet)
Seat 4: Grotz (button) folded before Flop (didn't bet)
Seat 5: JoeIngram1 (small blind) folded before Flop
Seat 6: Lion_Squall (big blind) collected ($0.50)
Seat 7: Alameda22 folded before Flop (didn't bet)
Seat 8: Soply folded before Flop (didn't bet)
Seat 9: Rentmeester folded before Flop (didn't bet)



PokerStars Game #20149299322:  Hold'em No Limit ($0.25/$0.50) - 2008/09/04 18:31:49 ET
Table 'Bistro II' 9-max Seat #5 is the button
Seat 1: hhnebula ($26.95 in chips) 
Seat 2: StillBrown ($4.25 in chips) 
Seat 3: Karparazzi ($22.50 in chips) 
Seat 4: Grotz ($9.50 in chips) 
Seat 5: JoeIngram1 ($55.95 in chips) 
Seat 6: Lion_Squall ($65.80 in chips) 
Seat 7: Alameda22 ($53.55 in chips) 
Seat 8: Soply ($50 in chips) 
Seat 9: Rentmeester ($58.70 in chips) 
Lion_Squall: posts small blind $0.25
Alameda22: posts big blind $0.50
*** HOLE CARDS ***
Dealt to Alameda22 [Js 7s]
Soply: folds 
Rentmeester: folds 
hhnebula: folds 
StillBrown: calls $0.50
Karparazzi: folds 
Grotz: folds 
JoeIngram1: folds 
Lion_Squall: folds 
Alameda22: checks 
*** FLOP *** [Td As 3s]
Alameda22: bets $1
StillBrown: calls $1
*** TURN *** [Td As 3s] [4s]
Alameda22: bets $2
StillBrown: raises $0.75 to $2.75 and is all-in
Alameda22: calls $0.75
*** RIVER *** [Td As 3s 4s] [8d]
*** SHOW DOWN ***
Alameda22: shows [Js 7s] (a flush, Ace high)
StillBrown: mucks hand 
Alameda22 collected $8.35 from pot
*** SUMMARY ***
Total pot $8.75 | Rake $0.40 
Board [Td As 3s 4s 8d]
Seat 1: hhnebula folded before Flop (didn't bet)
Seat 2: StillBrown mucked [Ah 2h]
Seat 3: Karparazzi folded before Flop (didn't bet)
Seat 4: Grotz folded before Flop (didn't bet)
Seat 5: JoeIngram1 (button) folded before Flop (didn't bet)
Seat 6: Lion_Squall (small blind) folded before Flop
Seat 7: Alameda22 (big blind) showed [Js 7s] and won ($8.35) with a flush, Ace high
Seat 8: Soply folded before Flop (didn't bet)
Seat 9: Rentmeester folded before Flop (didn't bet)



PokerStars Game #20149320570:  Hold'em No Limit ($0.25/$0.50) - 2008/09/04 18:32:47 ET
Table 'Bistro II' 9-max Seat #6 is the button
Seat 1: hhnebula ($26.95 in chips) 
Seat 3: Karparazzi ($22.50 in chips) 
Seat 4: Grotz ($9.50 in chips) 
Seat 5: JoeIngram1 ($55.95 in chips) 
Seat 6: Lion_Squall ($65.55 in chips) 
Seat 7: Alameda22 ($57.65 in chips) 
Seat 8: Soply ($50 in chips) 
Seat 9: Rentmeester ($58.70 in chips) 
Alameda22: posts small blind $0.25
Soply: posts big blind $0.50
*** HOLE CARDS ***
Dealt to Alameda22 [Td 9d]
Rentmeester: folds 
StillBrown has returned
hhnebula: raises $0.50 to $1
Karparazzi: folds 
Grotz: folds 
JoeIngram1: folds 
Lion_Squall: folds 
Alameda22: folds 
Soply: raises $2 to $3
hhnebula: calls $2
*** FLOP *** [8c 8s 9c]
Soply: bets $5
hhnebula: calls $5
*** TURN *** [8c 8s 9c] [Kc]
Soply: checks 
hhnebula: bets $7.50
Soply: raises $33.50 to $41
hhnebula: calls $11.45 and is all-in
Uncalled bet ($22.05) returned to Soply
*** RIVER *** [8c 8s 9c Kc] [Ts]
*** SHOW DOWN ***
Soply: shows [Ac Ad] (two pair, Aces and Eights)
hhnebula: shows [8h 7h] (three of a kind, Eights)
hhnebula collected $51.50 from pot
*** SUMMARY ***
Total pot $54.15 | Rake $2.65 
Board [8c 8s 9c Kc Ts]
Seat 1: hhnebula showed [8h 7h] and won ($51.50) with three of a kind, Eights
Seat 3: Karparazzi folded before Flop (didn't bet)
Seat 4: Grotz folded before Flop (didn't bet)
Seat 5: JoeIngram1 folded before Flop (didn't bet)
Seat 6: Lion_Squall (button) folded before Flop (didn't bet)
Seat 7: Alameda22 (small blind) folded before Flop
Seat 8: Soply (big blind) showed [Ac Ad] and lost with two pair, Aces and Eights
Seat 9: Rentmeester folded before Flop (didn't bet)



PokerStars Game #20149352539:  Hold'em No Limit ($0.25/$0.50) - 2008/09/04 18:34:13 ET
Table 'Bistro II' 9-max Seat #7 is the button
Seat 1: hhnebula ($51.50 in chips) 
Seat 2: StillBrown ($10 in chips) 
Seat 3: Karparazzi ($22.50 in chips) 
Seat 4: Grotz ($9.50 in chips) 
Seat 5: JoeIngram1 ($55.95 in chips) 
Seat 6: Lion_Squall ($65.55 in chips) 
Seat 7: Alameda22 ($57.40 in chips) 
Seat 8: Soply ($23.05 in chips) 
Seat 9: Rentmeester ($58.70 in chips) 
Soply: posts small blind $0.25
Rentmeester: posts big blind $0.50
*** HOLE CARDS ***
Dealt to Alameda22 [Th Kc]
hhnebula: calls $0.50
StillBrown: folds 
Karparazzi: folds 
Grotz: folds 
JoeIngram1: folds 
Lion_Squall: calls $0.50
Alameda22: folds 
Soply: raises $3.50 to $4
Rentmeester: folds 
hhnebula: folds 
Lion_Squall: calls $3.50
*** FLOP *** [9d 6c 7d]
Soply: bets $7
Lion_Squall: calls $7
*** TURN *** [9d 6c 7d] [2s]
Soply: bets $12.05 and is all-in
Lion_Squall: folds 
Uncalled bet ($12.05) returned to Soply
Soply collected $21.90 from pot
*** SUMMARY ***
Total pot $23 | Rake $1.10 
Board [9d 6c 7d 2s]
Seat 1: hhnebula folded before Flop
Seat 2: StillBrown folded before Flop (didn't bet)
Seat 3: Karparazzi folded before Flop (didn't bet)
Seat 4: Grotz folded before Flop (didn't bet)
Seat 5: JoeIngram1 folded before Flop (didn't bet)
Seat 6: Lion_Squall folded on the Turn
Seat 7: Alameda22 (button) folded before Flop (didn't bet)
Seat 8: Soply (small blind) collected ($21.90)
Seat 9: Rentmeester (big blind) folded before Flop



PokerStars Game #20149388102:  Hold'em No Limit ($0.25/$0.50) - 2008/09/04 18:35:49 ET
Table 'Bistro II' 9-max Seat #8 is the button
Seat 1: hhnebula ($51 in chips) 
Seat 2: StillBrown ($10 in chips) 
Seat 3: Karparazzi ($22.50 in chips) 
Seat 4: Grotz ($9.50 in chips) 
Seat 5: JoeIngram1 ($55.95 in chips) 
Seat 6: Lion_Squall ($54.55 in chips) 
Seat 7: Alameda22 ($57.40 in chips) 
Seat 8: Soply ($50 in chips) 
Seat 9: Rentmeester ($58.20 in chips) 
Rentmeester: posts small blind $0.25
hhnebula: posts big blind $0.50
*** HOLE CARDS ***
Dealt to Alameda22 [5d 4h]
StillBrown: folds 
Karparazzi: folds 
Grotz: folds 
JoeIngram1: folds 
Lion_Squall: folds 
Alameda22: folds 
Soply: folds 
Rentmeester: raises $1.50 to $2
hhnebula: folds 
Uncalled bet ($1.50) returned to Rentmeester
Rentmeester collected $1 from pot
Rentmeester: doesn't show hand 
*** SUMMARY ***
Total pot $1 | Rake $0 
Seat 1: hhnebula (big blind) folded before Flop
Seat 2: StillBrown folded before Flop (didn't bet)
Seat 3: Karparazzi folded before Flop (didn't bet)
Seat 4: Grotz folded before Flop (didn't bet)
Seat 5: JoeIngram1 folded before Flop (didn't bet)
Seat 6: Lion_Squall folded before Flop (didn't bet)
Seat 7: Alameda22 folded before Flop (didn't bet)
Seat 8: Soply (button) folded before Flop (didn't bet)
Seat 9: Rentmeester (small blind) collected ($1)



PokerStars Game #20149407975:  Hold'em No Limit ($0.25/$0.50) - 2008/09/04 18:36:42 ET
Table 'Bistro II' 9-max Seat #9 is the button
Seat 1: hhnebula ($50.50 in chips) 
Seat 2: StillBrown ($10 in chips) 
Seat 3: Karparazzi ($22.50 in chips) 
Seat 4: Grotz ($9.50 in chips) 
Seat 5: JoeIngram1 ($55.95 in chips) 
Seat 6: Lion_Squall ($54.55 in chips) 
Seat 7: Alameda22 ($57.40 in chips) 
Seat 8: Soply ($50 in chips) 
Seat 9: Rentmeester ($58.70 in chips) 
hhnebula: posts small blind $0.25
StillBrown: posts big blind $0.50
*** HOLE CARDS ***
Dealt to Alameda22 [3d 4c]
Karparazzi: folds 
Grotz: folds 
JoeIngram1: folds 
Lion_Squall: calls $0.50
Alameda22: folds 
Soply: folds 
Rentmeester is disconnected 
Rentmeester has timed out while disconnected
Rentmeester: folds 
Rentmeester is sitting out
hhnebula: folds 
StillBrown: checks 
*** FLOP *** [4s Kd 6c]
StillBrown: checks 
Lion_Squall: bets $0.50
StillBrown: folds 
Uncalled bet ($0.50) returned to Lion_Squall
Lion_Squall collected $1.20 from pot
*** SUMMARY ***
Total pot $1.25 | Rake $0.05 
Board [4s Kd 6c]
Seat 1: hhnebula (small blind) folded before Flop
Seat 2: StillBrown (big blind) folded on the Flop
Seat 3: Karparazzi folded before Flop (didn't bet)
Seat 4: Grotz folded before Flop (didn't bet)
Seat 5: JoeIngram1 folded before Flop (didn't bet)
Seat 6: Lion_Squall collected ($1.20)
Seat 7: Alameda22 folded before Flop (didn't bet)
Seat 8: Soply folded before Flop (didn't bet)
Seat 9: Rentmeester (button) folded before Flop (didn't bet)



PokerStars Game #20149435264:  Hold'em No Limit ($0.25/$0.50) - 2008/09/04 18:37:55 ET
Table 'Bistro II' 9-max Seat #1 is the button
Seat 1: hhnebula ($50.25 in chips) 
Seat 2: StillBrown ($9.50 in chips) 
Seat 3: Karparazzi ($22.50 in chips) 
Seat 4: Grotz ($9.50 in chips) 
Seat 5: JoeIngram1 ($55.95 in chips) 
Seat 6: Lion_Squall ($55.25 in chips) 
Seat 7: Alameda22 ($57.40 in chips) 
Seat 8: Soply ($50 in chips) 
StillBrown: posts small blind $0.25
Karparazzi: posts big blind $0.50
*** HOLE CARDS ***
Dealt to Alameda22 [Ad 2h]
Grotz: folds 
JoeIngram1: folds 
Lion_Squall: raises $0.50 to $1
Alameda22: folds 
Soply: folds 
hhnebula: folds 
StillBrown: folds 
Karparazzi: calls $0.50
*** FLOP *** [Js 9h Qc]
Karparazzi: checks 
Lion_Squall: bets $0.50
Karparazzi: folds 
Uncalled bet ($0.50) returned to Lion_Squall
Lion_Squall collected $2.15 from pot
Lion_Squall: doesn't show hand 
*** SUMMARY ***
Total pot $2.25 | Rake $0.10 
Board [Js 9h Qc]
Seat 1: hhnebula (button) folded before Flop (didn't bet)
Seat 2: StillBrown (small blind) folded before Flop
Seat 3: Karparazzi (big blind) folded on the Flop
Seat 4: Grotz folded before Flop (didn't bet)
Seat 5: JoeIngram1 folded before Flop (didn't bet)
Seat 6: Lion_Squall collected ($2.15)
Seat 7: Alameda22 folded before Flop (didn't bet)
Seat 8: Soply folded before Flop (didn't bet)



PokerStars Game #20149456137:  Hold'em No Limit ($0.25/$0.50) - 2008/09/04 18:38:51 ET
Table 'Bistro II' 9-max Seat #2 is the button
Seat 1: hhnebula ($50.25 in chips) 
Seat 2: StillBrown ($9.25 in chips) 
Seat 3: Karparazzi ($21.50 in chips) 
Seat 4: Grotz ($9.50 in chips) 
Seat 5: JoeIngram1 ($55.95 in chips) 
Seat 6: Lion_Squall ($56.40 in chips) 
Seat 7: Alameda22 ($57.40 in chips) 
Seat 8: Soply ($50 in chips) 
Karparazzi: posts small blind $0.25
Grotz: posts big blind $0.50
*** HOLE CARDS ***
Dealt to Alameda22 [Th 4s]
JoeIngram1: folds 
Lion_Squall: calls $0.50
Alameda22: folds 
Soply: raises $2 to $2.50
hhnebula: folds 
StillBrown: folds 
hhnebula leaves the table
Karparazzi: folds 
Grotz: folds 
Rentmeester is connected 
Rentmeester leaves the table
Lion_Squall: calls $2
*** FLOP *** [6c 6s Kd]
Lion_Squall: checks 
Soply: bets $4
Lion_Squall: folds 
Uncalled bet ($4) returned to Soply
Soply collected $5.50 from pot
*** SUMMARY ***
Total pot $5.75 | Rake $0.25 
Board [6c 6s Kd]
Seat 1: hhnebula folded before Flop (didn't bet)
Seat 2: StillBrown (button) folded before Flop (didn't bet)
Seat 3: Karparazzi (small blind) folded before Flop
Seat 4: Grotz (big blind) folded before Flop
Seat 5: JoeIngram1 folded before Flop (didn't bet)
Seat 6: Lion_Squall folded on the Flop
Seat 7: Alameda22 folded before Flop (didn't bet)
Seat 8: Soply collected ($5.50)



PokerStars Game #20149482437:  Hold'em No Limit ($0.25/$0.50) - 2008/09/04 18:40:01 ET
Table 'Bistro II' 9-max Seat #3 is the button
Seat 2: StillBrown ($9.25 in chips) 
Seat 3: Karparazzi ($21.25 in chips) 
Seat 4: Grotz ($9 in chips) 
Seat 5: JoeIngram1 ($55.95 in chips) 
Seat 6: Lion_Squall ($53.90 in chips) 
Seat 7: Alameda22 ($57.40 in chips) 
Seat 8: Soply ($53 in chips) 
Grotz: posts small blind $0.25
JoeIngram1: posts big blind $0.50
*** HOLE CARDS ***
Dealt to Alameda22 [9s 5h]
Lion_Squall: folds 
Alameda22: folds 
Soply: folds 
StillBrown: folds 
Karparazzi: calls $0.50
Grotz: folds 
JoeIngram1: checks 
*** FLOP *** [2s 4d 6h]
JoeIngram1: checks 
Karparazzi: bets $3
JoeIngram1: folds 
Uncalled bet ($3) returned to Karparazzi
Karparazzi collected $1.20 from pot
Karparazzi: doesn't show hand 
*** SUMMARY ***
Total pot $1.25 | Rake $0.05 
Board [2s 4d 6h]
Seat 2: StillBrown folded before Flop (didn't bet)
Seat 3: Karparazzi (button) collected ($1.20)
Seat 4: Grotz (small blind) folded before Flop
Seat 5: JoeIngram1 (big blind) folded on the Flop
Seat 6: Lion_Squall folded before Flop (didn't bet)
Seat 7: Alameda22 folded before Flop (didn't bet)
Seat 8: Soply folded before Flop (didn't bet)



PokerStars Game #20149495591:  Hold'em No Limit ($0.25/$0.50) - 2008/09/04 18:40:36 ET
Table 'Bistro II' 9-max Seat #4 is the button
Seat 2: StillBrown ($9.25 in chips) 
Seat 3: Karparazzi ($21.95 in chips) 
Seat 4: Grotz ($8.75 in chips) 
Seat 5: JoeIngram1 ($55.45 in chips) 
Seat 6: Lion_Squall ($53.90 in chips) 
Seat 7: Alameda22 ($57.40 in chips) 
Seat 8: Soply ($53 in chips) 
JoeIngram1: posts small blind $0.25
Lion_Squall: posts big blind $0.50
*** HOLE CARDS ***
Dealt to Alameda22 [Ts 9h]
Alameda22: folds 
Soply: folds 
StillBrown: folds 
Karparazzi: calls $0.50
Grotz: folds 
JoeIngram1: folds 
Lion_Squall: checks 
*** FLOP *** [2s 5c 7h]
Free-Cash-PS joins the table at seat #1 
Lion_Squall: checks 
Karparazzi: checks 
*** TURN *** [2s 5c 7h] [4d]
Lion_Squall: bets $0.50
Karparazzi: calls $0.50
*** RIVER *** [2s 5c 7h 4d] [5h]
Lion_Squall: bets $0.50
Karparazzi: raises $4.50 to $5
Lion_Squall: folds 
Uncalled bet ($4.50) returned to Karparazzi
Icebox97 joins the table at seat #9 
Karparazzi collected $3.10 from pot
Karparazzi: doesn't show hand 
*** SUMMARY ***
Total pot $3.25 | Rake $0.15 
Board [2s 5c 7h 4d 5h]
Seat 2: StillBrown folded before Flop (didn't bet)
Seat 3: Karparazzi collected ($3.10)
Seat 4: Grotz (button) folded before Flop (didn't bet)
Seat 5: JoeIngram1 (small blind) folded before Flop
Seat 6: Lion_Squall (big blind) folded on the River
Seat 7: Alameda22 folded before Flop (didn't bet)
Seat 8: Soply folded before Flop (didn't bet)



PokerStars Game #20149518602:  Hold'em No Limit ($0.25/$0.50) - 2008/09/04 18:41:39 ET
Table 'Bistro II' 9-max Seat #5 is the button
Seat 2: StillBrown ($9.25 in chips) 
Seat 3: Karparazzi ($23.55 in chips) 
Seat 4: Grotz ($8.75 in chips) 
Seat 5: JoeIngram1 ($55.20 in chips) 
Seat 6: Lion_Squall ($52.40 in chips) 
Seat 7: Alameda22 ($57.40 in chips) 
Seat 8: Soply ($53 in chips) 
Lion_Squall: posts small blind $0.25
Alameda22: posts big blind $0.50
Icebox97: sits out 
Free-Cash-PS: sits out 
*** HOLE CARDS ***
Dealt to Alameda22 [8c 8h]
Soply: folds 
StillBrown: raises $1 to $1.50
Karparazzi: folds 
Grotz: raises $7.25 to $8.75 and is all-in
JoeIngram1: folds 
Lion_Squall: folds 
Alameda22: folds 
StillBrown: calls $7.25
*** FLOP *** [Qc 5c 2s]
*** TURN *** [Qc 5c 2s] [5d]
*** RIVER *** [Qc 5c 2s 5d] [9c]
*** SHOW DOWN ***
StillBrown: shows [Qh Ac] (two pair, Queens and Fives)
Grotz: mucks hand 
StillBrown collected $17.35 from pot
*** SUMMARY ***
Total pot $18.25 | Rake $0.90 
Board [Qc 5c 2s 5d 9c]
Seat 2: StillBrown showed [Qh Ac] and won ($17.35) with two pair, Queens and Fives
Seat 3: Karparazzi folded before Flop (didn't bet)
Seat 4: Grotz mucked [Ah Kh]
Seat 5: JoeIngram1 (button) folded before Flop (didn't bet)
Seat 6: Lion_Squall (small blind) folded before Flop
Seat 7: Alameda22 (big blind) folded before Flop
Seat 8: Soply folded before Flop (didn't bet)



PokerStars Game #20149539914:  Hold'em No Limit ($0.25/$0.50) - 2008/09/04 18:42:37 ET
Table 'Bistro II' 9-max Seat #6 is the button
Seat 2: StillBrown ($17.85 in chips) 
Seat 3: Karparazzi ($23.55 in chips) 
Seat 5: JoeIngram1 ($55.20 in chips) 
Seat 6: Lion_Squall ($52.15 in chips) 
Seat 7: Alameda22 ($56.90 in chips) 
Seat 8: Soply ($53 in chips) 
Alameda22: posts small blind $0.25
Soply: posts big blind $0.50
Icebox97: sits out 
Free-Cash-PS: sits out 
*** HOLE CARDS ***
Dealt to Alameda22 [2h Kc]
StillBrown: folds 
Grotz has returned
Karparazzi: calls $0.50
JoeIngram1: folds 
Lion_Squall: folds 
Alameda22: folds 
Soply: checks 
*** FLOP *** [5s 6d Ts]
Soply: checks 
Karparazzi: bets $2.50
Soply: folds 
Uncalled bet ($2.50) returned to Karparazzi
Karparazzi collected $1.20 from pot
*** SUMMARY ***
Total pot $1.25 | Rake $0.05 
Board [5s 6d Ts]
Seat 2: StillBrown folded before Flop (didn't bet)
Seat 3: Karparazzi collected ($1.20)
Seat 5: JoeIngram1 folded before Flop (didn't bet)
Seat 6: Lion_Squall (button) folded before Flop (didn't bet)
Seat 7: Alameda22 (small blind) folded before Flop
Seat 8: Soply (big blind) folded on the Flop



PokerStars Game #20149568258:  Hold'em No Limit ($0.25/$0.50) - 2008/09/04 18:43:54 ET
Table 'Bistro II' 9-max Seat #7 is the button
Seat 2: StillBrown ($17.85 in chips) 
Seat 3: Karparazzi ($24.25 in chips) 
Seat 4: Grotz ($10 in chips) 
Seat 5: JoeIngram1 ($55.20 in chips) 
Seat 6: Lion_Squall ($52.15 in chips) 
Seat 7: Alameda22 ($56.65 in chips) 
Seat 8: Soply ($52.50 in chips) 
Seat 9: Icebox97 ($20 in chips) 
Soply: posts small blind $0.25
Icebox97: posts big blind $0.50
Free-Cash-PS: sits out 
*** HOLE CARDS ***
Dealt to Alameda22 [8c Ts]
StillBrown: folds 
Karparazzi: folds 
Grotz: folds 
JoeIngram1: folds 
Lion_Squall: calls $0.50
Alameda22: folds 
Soply: folds 
Icebox97: checks 
*** FLOP *** [Tc 5c Ad]
Icebox97: bets $1
Lion_Squall: raises $1 to $2
Icebox97: folds 
Uncalled bet ($1) returned to Lion_Squall
Lion_Squall collected $3.10 from pot
Lion_Squall: doesn't show hand 
*** SUMMARY ***
Total pot $3.25 | Rake $0.15 
Board [Tc 5c Ad]
Seat 2: StillBrown folded before Flop (didn't bet)
Seat 3: Karparazzi folded before Flop (didn't bet)
Seat 4: Grotz folded before Flop (didn't bet)
Seat 5: JoeIngram1 folded before Flop (didn't bet)
Seat 6: Lion_Squall collected ($3.10)
Seat 7: Alameda22 (button) folded before Flop (didn't bet)
Seat 8: Soply (small blind) folded before Flop
Seat 9: Icebox97 (big blind) folded on the Flop



PokerStars Game #20149591140:  Hold'em No Limit ($0.25/$0.50) - 2008/09/04 18:44:56 ET
Table 'Bistro II' 9-max Seat #8 is the button
Seat 1: Free-Cash-PS ($50 in chips) 
Seat 2: StillBrown ($17.85 in chips) 
Seat 3: Karparazzi ($24.25 in chips) 
Seat 4: Grotz ($10 in chips) 
Seat 5: JoeIngram1 ($55.20 in chips) 
Seat 6: Lion_Squall ($53.75 in chips) 
Seat 7: Alameda22 ($56.65 in chips) 
Seat 8: Soply ($52.25 in chips) 
Seat 9: Icebox97 ($18.50 in chips) 
Icebox97: posts small blind $0.25
Free-Cash-PS: posts big blind $0.50
*** HOLE CARDS ***
Dealt to Alameda22 [5c Qh]
StillBrown: folds 
Karparazzi: folds 
Grotz: folds 
JoeIngram1: folds 
Lion_Squall: folds 
Alameda22: folds 
Soply: folds 
Icebox97: raises $0.50 to $1
Free-Cash-PS: folds 
Uncalled bet ($0.50) returned to Icebox97
Icebox97 collected $1 from pot
Icebox97: doesn't show hand 
*** SUMMARY ***
Total pot $1 | Rake $0 
Seat 1: Free-Cash-PS (big blind) folded before Flop
Seat 2: StillBrown folded before Flop (didn't bet)
Seat 3: Karparazzi folded before Flop (didn't bet)
Seat 4: Grotz folded before Flop (didn't bet)
Seat 5: JoeIngram1 folded before Flop (didn't bet)
Seat 6: Lion_Squall folded before Flop (didn't bet)
Seat 7: Alameda22 folded before Flop (didn't bet)
Seat 8: Soply (button) folded before Flop (didn't bet)
Seat 9: Icebox97 (small blind) collected ($1)



PokerStars Game #20149612437:  Hold'em No Limit ($0.25/$0.50) - 2008/09/04 18:45:54 ET
Table 'Bistro II' 9-max Seat #9 is the button
Seat 1: Free-Cash-PS ($49.50 in chips) 
Seat 2: StillBrown ($17.85 in chips) 
Seat 3: Karparazzi ($24.25 in chips) 
Seat 4: Grotz ($10 in chips) 
Seat 5: JoeIngram1 ($55.20 in chips) 
Seat 6: Lion_Squall ($53.75 in chips) 
Seat 7: Alameda22 ($56.65 in chips) 
Seat 8: Soply ($52.25 in chips) 
Seat 9: Icebox97 ($19 in chips) 
Free-Cash-PS: posts small blind $0.25
StillBrown: posts big blind $0.50
*** HOLE CARDS ***
Dealt to Alameda22 [5s 7h]
Karparazzi: folds 
Grotz: folds 
JoeIngram1: folds 
Lion_Squall: folds 
Alameda22: folds 
Soply: folds 
Icebox97: folds 
Free-Cash-PS: folds 
Uncalled bet ($0.25) returned to StillBrown
StillBrown collected $0.50 from pot
*** SUMMARY ***
Total pot $0.50 | Rake $0 
Seat 1: Free-Cash-PS (small blind) folded before Flop
Seat 2: StillBrown (big blind) collected ($0.50)
Seat 3: Karparazzi folded before Flop (didn't bet)
Seat 4: Grotz folded before Flop (didn't bet)
Seat 5: JoeIngram1 folded before Flop (didn't bet)
Seat 6: Lion_Squall folded before Flop (didn't bet)
Seat 7: Alameda22 folded before Flop (didn't bet)
Seat 8: Soply folded before Flop (didn't bet)
Seat 9: Icebox97 (button) folded before Flop (didn't bet)



PokerStars Game #20149623616:  Hold'em No Limit ($0.25/$0.50) - 2008/09/04 18:46:25 ET
Table 'Bistro II' 9-max Seat #1 is the button
Seat 1: Free-Cash-PS ($49.25 in chips) 
Seat 2: StillBrown ($18.10 in chips) 
Seat 3: Karparazzi ($24.25 in chips) 
Seat 4: Grotz ($10 in chips) 
Seat 5: JoeIngram1 ($55.20 in chips) 
Seat 6: Lion_Squall ($53.75 in chips) 
Seat 7: Alameda22 ($56.65 in chips) 
Seat 8: Soply ($52.25 in chips) 
Seat 9: Icebox97 ($19 in chips) 
StillBrown: posts small blind $0.25
Karparazzi: posts big blind $0.50
*** HOLE CARDS ***
Dealt to Alameda22 [8d 7h]
Grotz: folds 
JoeIngram1: folds 
Lion_Squall: folds 
Alameda22: folds 
Soply: folds 
Icebox97: folds 
Free-Cash-PS: folds 
StillBrown: calls $0.25
Karparazzi: checks 
*** FLOP *** [Ac 2c Tc]
StillBrown: checks 
Karparazzi: checks 
*** TURN *** [Ac 2c Tc] [Qd]
StillBrown: bets $0.50
Karparazzi: calls $0.50
*** RIVER *** [Ac 2c Tc Qd] [Kc]
StillBrown: checks 
Karparazzi: bets $1.50
StillBrown: folds 
Uncalled bet ($1.50) returned to Karparazzi
Karparazzi collected $1.95 from pot
Karparazzi: shows [7c Qs] (a flush, Ace high)
*** SUMMARY ***
Total pot $2 | Rake $0.05 
Board [Ac 2c Tc Qd Kc]
Seat 1: Free-Cash-PS (button) folded before Flop (didn't bet)
Seat 2: StillBrown (small blind) folded on the River
Seat 3: Karparazzi (big blind) collected ($1.95)
Seat 4: Grotz folded before Flop (didn't bet)
Seat 5: JoeIngram1 folded before Flop (didn't bet)
Seat 6: Lion_Squall folded before Flop (didn't bet)
Seat 7: Alameda22 folded before Flop (didn't bet)
Seat 8: Soply folded before Flop (didn't bet)
Seat 9: Icebox97 folded before Flop (didn't bet)



PokerStars Game #20149647330:  Hold'em No Limit ($0.25/$0.50) - 2008/09/04 18:47:29 ET
Table 'Bistro II' 9-max Seat #2 is the button
Seat 1: Free-Cash-PS ($49.25 in chips) 
Seat 2: StillBrown ($17.10 in chips) 
Seat 3: Karparazzi ($25.20 in chips) 
Seat 5: JoeIngram1 ($55.20 in chips) 
Seat 6: Lion_Squall ($53.75 in chips) 
Seat 7: Alameda22 ($56.65 in chips) 
Seat 8: Soply ($52.25 in chips) 
Seat 9: Icebox97 ($19 in chips) 
Karparazzi: posts small blind $0.25
Grotz: is sitting out 
JoeIngram1: posts big blind $0.50
*** HOLE CARDS ***
Dealt to Alameda22 [Kd 9c]
Grotz leaves the table
Lion_Squall: calls $0.50
Alameda22: folds 
Soply: folds 
Icebox97: folds 
Free-Cash-PS: raises $1.50 to $2
StillBrown: folds 
Karparazzi: folds 
JoeIngram1: folds 
Lion_Squall: calls $1.50
*** FLOP *** [7h 4h 9h]
Lion_Squall: checks 
Free-Cash-PS: bets $2.50
Lion_Squall: folds 
Uncalled bet ($2.50) returned to Free-Cash-PS
Free-Cash-PS collected $4.55 from pot
Free-Cash-PS: doesn't show hand 
*** SUMMARY ***
Total pot $4.75 | Rake $0.20 
Board [7h 4h 9h]
Seat 1: Free-Cash-PS collected ($4.55)
Seat 2: StillBrown (button) folded before Flop (didn't bet)
Seat 3: Karparazzi (small blind) folded before Flop
Seat 5: JoeIngram1 (big blind) folded before Flop
Seat 6: Lion_Squall folded on the Flop
Seat 7: Alameda22 folded before Flop (didn't bet)
Seat 8: Soply folded before Flop (didn't bet)
Seat 9: Icebox97 folded before Flop (didn't bet)



PokerStars Game #20149667135:  Hold'em No Limit ($0.25/$0.50) - 2008/09/04 18:48:22 ET
Table 'Bistro II' 9-max Seat #3 is the button
Seat 1: Free-Cash-PS ($51.80 in chips) 
Seat 2: StillBrown ($17.10 in chips) 
Seat 3: Karparazzi ($24.95 in chips) 
Seat 5: JoeIngram1 ($54.70 in chips) 
Seat 6: Lion_Squall ($51.75 in chips) 
Seat 7: Alameda22 ($56.65 in chips) 
Seat 8: Soply ($52.25 in chips) 
Seat 9: Icebox97 ($19 in chips) 
JoeIngram1: posts small blind $0.25
Lion_Squall: posts big blind $0.50
*** HOLE CARDS ***
Dealt to Alameda22 [2h 8h]
Alameda22: folds 
Soply: folds 
Icebox97: folds 
Free-Cash-PS: folds 
StillBrown: raises $1 to $1.50
Karparazzi: folds 
JoeIngram1: folds 
Lion_Squall: folds 
Uncalled bet ($1) returned to StillBrown
StillBrown collected $1.25 from pot
*** SUMMARY ***
Total pot $1.25 | Rake $0 
Seat 1: Free-Cash-PS folded before Flop (didn't bet)
Seat 2: StillBrown collected ($1.25)
Seat 3: Karparazzi (button) folded before Flop (didn't bet)
Seat 5: JoeIngram1 (small blind) folded before Flop
Seat 6: Lion_Squall (big blind) folded before Flop
Seat 7: Alameda22 folded before Flop (didn't bet)
Seat 8: Soply folded before Flop (didn't bet)
Seat 9: Icebox97 folded before Flop (didn't bet)



PokerStars Game #20149679164:  Hold'em No Limit ($0.25/$0.50) - 2008/09/04 18:48:55 ET
Table 'Bistro II' 9-max Seat #5 is the button
Seat 1: Free-Cash-PS ($51.80 in chips) 
Seat 2: StillBrown ($17.85 in chips) 
Seat 3: Karparazzi ($24.95 in chips) 
Seat 5: JoeIngram1 ($54.45 in chips) 
Seat 6: Lion_Squall ($51.25 in chips) 
Seat 7: Alameda22 ($56.65 in chips) 
Seat 8: Soply ($52.25 in chips) 
Seat 9: Icebox97 ($19 in chips) 
Lion_Squall: posts small blind $0.25
Alameda22: posts big blind $0.50
*** HOLE CARDS ***
Dealt to Alameda22 [Ks Js]
Soply: folds 
Icebox97: folds 
Free-Cash-PS: raises $0.75 to $1.25
StillBrown: folds 
Karparazzi: calls $1.25
JoeIngram1: folds 
Lion_Squall: folds 
Alameda22: calls $0.75
*** FLOP *** [9c Qc Qd]
Alameda22: checks 
OugA joins the table at seat #4 
Free-Cash-PS: bets $3
Karparazzi: folds 
Alameda22: folds 
Uncalled bet ($3) returned to Free-Cash-PS
Free-Cash-PS collected $3.80 from pot
Free-Cash-PS: doesn't show hand 
*** SUMMARY ***
Total pot $4 | Rake $0.20 
Board [9c Qc Qd]
Seat 1: Free-Cash-PS collected ($3.80)
Seat 2: StillBrown folded before Flop (didn't bet)
Seat 3: Karparazzi folded on the Flop
Seat 5: JoeIngram1 (button) folded before Flop (didn't bet)
Seat 6: Lion_Squall (small blind) folded before Flop
Seat 7: Alameda22 (big blind) folded on the Flop
Seat 8: Soply folded before Flop (didn't bet)
Seat 9: Icebox97 folded before Flop (didn't bet)



PokerStars Game #20149710095:  Hold'em No Limit ($0.25/$0.50) - 2008/09/04 18:50:19 ET
Table 'Bistro II' 9-max Seat #6 is the button
Seat 1: Free-Cash-PS ($54.35 in chips) 
Seat 2: StillBrown ($17.85 in chips) 
Seat 3: Karparazzi ($23.70 in chips) 
Seat 4: OugA ($30 in chips) 
Seat 5: JoeIngram1 ($54.45 in chips) 
Seat 6: Lion_Squall ($51 in chips) 
Seat 7: Alameda22 ($55.40 in chips) 
Seat 8: Soply ($52.25 in chips) 
Seat 9: Icebox97 ($19 in chips) 
Alameda22: posts small blind $0.25
Soply: posts big blind $0.50
OugA: posts big blind $0.50
*** HOLE CARDS ***
Dealt to Alameda22 [Jc 3c]
Icebox97: folds 
Free-Cash-PS: folds 
StillBrown: folds 
Karparazzi: folds 
OugA: checks 
JoeIngram1: folds 
Lion_Squall: folds 
Alameda22: folds 
Soply: checks 
*** FLOP *** [Ad 4d 3d]
Soply: checks 
OugA: bets $0.50
Soply: folds 
Uncalled bet ($0.50) returned to OugA
OugA collected $1.20 from pot
OugA: doesn't show hand 
*** SUMMARY ***
Total pot $1.25 | Rake $0.05 
Board [Ad 4d 3d]
Seat 1: Free-Cash-PS folded before Flop (didn't bet)
Seat 2: StillBrown folded before Flop (didn't bet)
Seat 3: Karparazzi folded before Flop (didn't bet)
Seat 4: OugA collected ($1.20)
Seat 5: JoeIngram1 folded before Flop (didn't bet)
Seat 6: Lion_Squall (button) folded before Flop (didn't bet)
Seat 7: Alameda22 (small blind) folded before Flop
Seat 8: Soply (big blind) folded on the Flop
Seat 9: Icebox97 folded before Flop (didn't bet)



PokerStars Game #20149735699:  Hold'em No Limit ($0.25/$0.50) - 2008/09/04 18:51:29 ET
Table 'Bistro II' 9-max Seat #7 is the button
Seat 1: Free-Cash-PS ($54.35 in chips) 
Seat 2: StillBrown ($17.85 in chips) 
Seat 3: Karparazzi ($23.70 in chips) 
Seat 4: OugA ($30.70 in chips) 
Seat 5: JoeIngram1 ($54.45 in chips) 
Seat 6: Lion_Squall ($51 in chips) 
Seat 7: Alameda22 ($55.15 in chips) 
Seat 8: Soply ($51.75 in chips) 
Seat 9: Icebox97 ($19 in chips) 
Soply: posts small blind $0.25
Icebox97: posts big blind $0.50
*** HOLE CARDS ***
Dealt to Alameda22 [Tc 7d]
Free-Cash-PS: folds 
StillBrown: folds 
Karparazzi: folds 
OugA: folds 
JoeIngram1: folds 
Lion_Squall: calls $0.50
Alameda22: folds 
Soply: folds 
Icebox97: checks 
*** FLOP *** [8s Kh 5s]
Icebox97: checks 
Lion_Squall: bets $1.50
Icebox97: folds 
Uncalled bet ($1.50) returned to Lion_Squall
Lion_Squall collected $1.20 from pot
Lion_Squall: doesn't show hand 
*** SUMMARY ***
Total pot $1.25 | Rake $0.05 
Board [8s Kh 5s]
Seat 1: Free-Cash-PS folded before Flop (didn't bet)
Seat 2: StillBrown folded before Flop (didn't bet)
Seat 3: Karparazzi folded before Flop (didn't bet)
Seat 4: OugA folded before Flop (didn't bet)
Seat 5: JoeIngram1 folded before Flop (didn't bet)
Seat 6: Lion_Squall collected ($1.20)
Seat 7: Alameda22 (button) folded before Flop (didn't bet)
Seat 8: Soply (small blind) folded before Flop
Seat 9: Icebox97 (big blind) folded on the Flop



PokerStars Game #20149758170:  Hold'em No Limit ($0.25/$0.50) - 2008/09/04 18:52:30 ET
Table 'Bistro II' 9-max Seat #8 is the button
Seat 1: Free-Cash-PS ($54.35 in chips) 
Seat 2: StillBrown ($17.85 in chips) 
Seat 3: Karparazzi ($23.70 in chips) 
Seat 4: OugA ($30.70 in chips) 
Seat 5: JoeIngram1 ($54.45 in chips) 
Seat 6: Lion_Squall ($51.70 in chips) 
Seat 7: Alameda22 ($55.15 in chips) 
Seat 8: Soply ($51.50 in chips) 
Seat 9: Icebox97 ($18.50 in chips) 
Icebox97: posts small blind $0.25
Free-Cash-PS: posts big blind $0.50
*** HOLE CARDS ***
Dealt to Alameda22 [2h 6c]
StillBrown: folds 
Karparazzi: folds 
OugA: folds 
JoeIngram1: folds 
Lion_Squall: calls $0.50
Alameda22: folds 
Soply: folds 
Icebox97: folds 
Free-Cash-PS: checks 
*** FLOP *** [7d Kd 8s]
Free-Cash-PS: checks 
Lion_Squall: bets $1.50
Free-Cash-PS: folds 
Uncalled bet ($1.50) returned to Lion_Squall
Lion_Squall collected $1.20 from pot
Lion_Squall: doesn't show hand 
*** SUMMARY ***
Total pot $1.25 | Rake $0.05 
Board [7d Kd 8s]
Seat 1: Free-Cash-PS (big blind) folded on the Flop
Seat 2: StillBrown folded before Flop (didn't bet)
Seat 3: Karparazzi folded before Flop (didn't bet)
Seat 4: OugA folded before Flop (didn't bet)
Seat 5: JoeIngram1 folded before Flop (didn't bet)
Seat 6: Lion_Squall collected ($1.20)
Seat 7: Alameda22 folded before Flop (didn't bet)
Seat 8: Soply (button) folded before Flop (didn't bet)
Seat 9: Icebox97 (small blind) folded before Flop



PokerStars Game #20149794518:  Hold'em No Limit ($0.25/$0.50) - 2008/09/04 18:54:09 ET
Table 'Bistro II' 9-max Seat #9 is the button
Seat 1: Free-Cash-PS ($53.85 in chips) 
Seat 2: StillBrown ($17.85 in chips) 
Seat 3: Karparazzi ($23.70 in chips) 
Seat 4: OugA ($30.70 in chips) 
Seat 5: JoeIngram1 ($54.45 in chips) 
Seat 6: Lion_Squall ($52.40 in chips) 
Seat 7: Alameda22 ($55.15 in chips) 
Seat 8: Soply ($51.50 in chips) 
Seat 9: Icebox97 ($18.25 in chips) 
Free-Cash-PS: posts small blind $0.25
StillBrown: posts big blind $0.50
*** HOLE CARDS ***
Dealt to Alameda22 [Js 6s]
Karparazzi: folds 
OugA: folds 
JoeIngram1: folds 
Lion_Squall: folds 
Alameda22: folds 
Soply: raises $1.50 to $2
Icebox97: folds 
Free-Cash-PS: folds 
StillBrown: folds 
Uncalled bet ($1.50) returned to Soply
Soply collected $1.25 from pot
*** SUMMARY ***
Total pot $1.25 | Rake $0 
Seat 1: Free-Cash-PS (small blind) folded before Flop
Seat 2: StillBrown (big blind) folded before Flop
Seat 3: Karparazzi folded before Flop (didn't bet)
Seat 4: OugA folded before Flop (didn't bet)
Seat 5: JoeIngram1 folded before Flop (didn't bet)
Seat 6: Lion_Squall folded before Flop (didn't bet)
Seat 7: Alameda22 folded before Flop (didn't bet)
Seat 8: Soply collected ($1.25)
Seat 9: Icebox97 (button) folded before Flop (didn't bet)



PokerStars Game #20149816585:  Hold'em No Limit ($0.25/$0.50) - 2008/09/04 18:55:10 ET
Table 'Bistro II' 9-max Seat #1 is the button
Seat 1: Free-Cash-PS ($53.60 in chips) 
Seat 2: StillBrown ($17.35 in chips) 
Seat 3: Karparazzi ($23.70 in chips) 
Seat 4: OugA ($30.70 in chips) 
Seat 5: JoeIngram1 ($54.45 in chips) 
Seat 6: Lion_Squall ($52.40 in chips) 
Seat 7: Alameda22 ($55.15 in chips) 
Seat 8: Soply ($52.25 in chips) 
Seat 9: Icebox97 ($18.25 in chips) 
StillBrown: posts small blind $0.25
Karparazzi: posts big blind $0.50
*** HOLE CARDS ***
Dealt to Alameda22 [6s Jh]
OugA: raises $1 to $1.50
JoeIngram1: folds 
Lion_Squall: calls $1.50
Alameda22: folds 
Soply: folds 
Icebox97: folds 
Free-Cash-PS: folds 
StillBrown: folds 
Karparazzi: folds 
*** FLOP *** [9h 4d 8h]
OugA: bets $2
Lion_Squall: calls $2
*** TURN *** [9h 4d 8h] [Th]
OugA: checks 
Lion_Squall: bets $8.50
OugA: folds 
Uncalled bet ($8.50) returned to Lion_Squall
Lion_Squall collected $7.40 from pot
*** SUMMARY ***
Total pot $7.75 | Rake $0.35 
Board [9h 4d 8h Th]
Seat 1: Free-Cash-PS (button) folded before Flop (didn't bet)
Seat 2: StillBrown (small blind) folded before Flop
Seat 3: Karparazzi (big blind) folded before Flop
Seat 4: OugA folded on the Turn
Seat 5: JoeIngram1 folded before Flop (didn't bet)
Seat 6: Lion_Squall collected ($7.40)
Seat 7: Alameda22 folded before Flop (didn't bet)
Seat 8: Soply folded before Flop (didn't bet)
Seat 9: Icebox97 folded before Flop (didn't bet)



PokerStars Game #20149846214:  Hold'em No Limit ($0.25/$0.50) - 2008/09/04 18:56:32 ET
Table 'Bistro II' 9-max Seat #2 is the button
Seat 1: Free-Cash-PS ($53.60 in chips) 
Seat 2: StillBrown ($17.10 in chips) 
Seat 3: Karparazzi ($23.20 in chips) 
Seat 4: OugA ($27.20 in chips) 
Seat 5: JoeIngram1 ($54.45 in chips) 
Seat 6: Lion_Squall ($56.30 in chips) 
Seat 7: Alameda22 ($55.15 in chips) 
Seat 8: Soply ($52.25 in chips) 
Seat 9: Icebox97 ($18.25 in chips) 
Karparazzi: posts small blind $0.25
OugA: posts big blind $0.50
*** HOLE CARDS ***
Dealt to Alameda22 [Kh Jh]
JoeIngram1: folds 
Lion_Squall: folds 
Alameda22: folds 
Soply: folds 
Icebox97: folds 
JoeIngram1 is sitting out
Free-Cash-PS: folds 
StillBrown: raises $1 to $1.50
Karparazzi: folds 
OugA: folds 
Uncalled bet ($1) returned to StillBrown
StillBrown collected $1.25 from pot
*** SUMMARY ***
Total pot $1.25 | Rake $0 
Seat 1: Free-Cash-PS folded before Flop (didn't bet)
Seat 2: StillBrown (button) collected ($1.25)
Seat 3: Karparazzi (small blind) folded before Flop
Seat 4: OugA (big blind) folded before Flop
Seat 5: JoeIngram1 folded before Flop (didn't bet)
Seat 6: Lion_Squall folded before Flop (didn't bet)
Seat 7: Alameda22 folded before Flop (didn't bet)
Seat 8: Soply folded before Flop (didn't bet)
Seat 9: Icebox97 folded before Flop (didn't bet)



PokerStars Game #20155967837:  Hold'em No Limit ($0.25/$0.50) - 2008/09/04 23:42:22 ET
Table 'Bistro II' 9-max Seat #5 is the button
Seat 1: markwin11 ($55.55 in chips) 
Seat 2: MonsPub_s ($31.15 in chips) 
Seat 3: R1S2T3 ($49.50 in chips) 
Seat 4: ricecooka972 ($56.45 in chips) 
Seat 5: jmk0721 ($30.50 in chips) 
Seat 7: tycusiyo ($49.50 in chips) 
Seat 8: Alameda22 ($50 in chips) 
Seat 9: Indy5_turn3 ($62.55 in chips) 
nykbbal will be allowed to play after the button
tycusiyo: posts small blind $0.25
Alameda22: posts big blind $0.50
*** HOLE CARDS ***
Dealt to Alameda22 [7s 8h]
Indy5_turn3: raises $2 to $2.50
markwin11: folds 
MonsPub_s: folds 
R1S2T3: folds 
ricecooka972: folds 
jmk0721: folds 
tycusiyo: folds 
Alameda22: folds 
Uncalled bet ($2) returned to Indy5_turn3
Indy5_turn3 collected $1.25 from pot
*** SUMMARY ***
Total pot $1.25 | Rake $0 
Seat 1: markwin11 folded before Flop (didn't bet)
Seat 2: MonsPub_s folded before Flop (didn't bet)
Seat 3: R1S2T3 folded before Flop (didn't bet)
Seat 4: ricecooka972 folded before Flop (didn't bet)
Seat 5: jmk0721 (button) folded before Flop (didn't bet)
Seat 7: tycusiyo (small blind) folded before Flop
Seat 8: Alameda22 (big blind) folded before Flop
Seat 9: Indy5_turn3 collected ($1.25)



PokerStars Game #20155983124:  Hold'em No Limit ($0.25/$0.50) - 2008/09/04 23:43:11 ET
Table 'Bistro II' 9-max Seat #7 is the button
Seat 1: markwin11 ($55.55 in chips) 
Seat 2: MonsPub_s ($31.15 in chips) 
Seat 3: R1S2T3 ($49.50 in chips) 
Seat 4: ricecooka972 ($56.45 in chips) 
Seat 5: jmk0721 ($30.50 in chips) 
Seat 7: tycusiyo ($49.25 in chips) 
Seat 8: Alameda22 ($49.50 in chips) 
Seat 9: Indy5_turn3 ($63.30 in chips) 
Alameda22: posts small blind $0.25
Indy5_turn3: posts big blind $0.50
nykbbal: sits out 
*** HOLE CARDS ***
Dealt to Alameda22 [Qh 9h]
markwin11: folds 
MonsPub_s: folds 
R1S2T3: folds 
ricecooka972: folds 
jmk0721: folds 
tycusiyo: raises $1.50 to $2
Alameda22: folds 
Indy5_turn3: calls $1.50
*** FLOP *** [4h Ad 6d]
Indy5_turn3: checks 
tycusiyo: bets $3
Indy5_turn3: calls $3
*** TURN *** [4h Ad 6d] [7h]
Indy5_turn3: bets $3
tycusiyo: folds 
Uncalled bet ($3) returned to Indy5_turn3
Indy5_turn3 collected $9.75 from pot
Indy5_turn3: doesn't show hand 
*** SUMMARY ***
Total pot $10.25 | Rake $0.50 
Board [4h Ad 6d 7h]
Seat 1: markwin11 folded before Flop (didn't bet)
Seat 2: MonsPub_s folded before Flop (didn't bet)
Seat 3: R1S2T3 folded before Flop (didn't bet)
Seat 4: ricecooka972 folded before Flop (didn't bet)
Seat 5: jmk0721 folded before Flop (didn't bet)
Seat 7: tycusiyo (button) folded on the Turn
Seat 8: Alameda22 (small blind) folded before Flop
Seat 9: Indy5_turn3 (big blind) collected ($9.75)



PokerStars Game #20156004392:  Hold'em No Limit ($0.25/$0.50) - 2008/09/04 23:44:19 ET
Table 'Bistro II' 9-max Seat #8 is the button
Seat 1: markwin11 ($55.55 in chips) 
Seat 2: MonsPub_s ($31.15 in chips) 
Seat 3: R1S2T3 ($49.50 in chips) 
Seat 4: ricecooka972 ($56.45 in chips) 
Seat 5: jmk0721 ($30.50 in chips) 
Seat 7: tycusiyo ($44.25 in chips) 
Seat 8: Alameda22 ($49.25 in chips) 
Seat 9: Indy5_turn3 ($68.05 in chips) 
Indy5_turn3: posts small blind $0.25
markwin11: posts big blind $0.50
nykbbal: sits out 
*** HOLE CARDS ***
Dealt to Alameda22 [2c 2s]
MonsPub_s: folds 
R1S2T3: folds 
ricecooka972: folds 
jmk0721: folds 
tycusiyo: raises $1.50 to $2
Alameda22: calls $2
Indy5_turn3: calls $1.75
markwin11: folds 
*** FLOP *** [Jd Kd 6d]
Indy5_turn3: bets $2.50
tycusiyo: folds 
Alameda22: folds 
Uncalled bet ($2.50) returned to Indy5_turn3
Indy5_turn3 collected $6.20 from pot
Indy5_turn3: doesn't show hand 
*** SUMMARY ***
Total pot $6.50 | Rake $0.30 
Board [Jd Kd 6d]
Seat 1: markwin11 (big blind) folded before Flop
Seat 2: MonsPub_s folded before Flop (didn't bet)
Seat 3: R1S2T3 folded before Flop (didn't bet)
Seat 4: ricecooka972 folded before Flop (didn't bet)
Seat 5: jmk0721 folded before Flop (didn't bet)
Seat 7: tycusiyo folded on the Flop
Seat 8: Alameda22 (button) folded on the Flop
Seat 9: Indy5_turn3 (small blind) collected ($6.20)



PokerStars Game #20156026283:  Hold'em No Limit ($0.25/$0.50) - 2008/09/04 23:45:29 ET
Table 'Bistro II' 9-max Seat #9 is the button
Seat 1: markwin11 ($55.05 in chips) 
Seat 2: MonsPub_s ($31.15 in chips) 
Seat 3: R1S2T3 ($49.50 in chips) 
Seat 4: ricecooka972 ($56.45 in chips) 
Seat 5: jmk0721 ($30.50 in chips) 
Seat 7: tycusiyo ($42.25 in chips) 
Seat 8: Alameda22 ($47.25 in chips) 
Seat 9: Indy5_turn3 ($72.25 in chips) 
markwin11: posts small blind $0.25
MonsPub_s: posts big blind $0.50
nykbbal: sits out 
*** HOLE CARDS ***
Dealt to Alameda22 [Ah 3c]
R1S2T3: calls $0.50
ricecooka972: folds 
jmk0721: folds 
tycusiyo: folds 
Alameda22: folds 
Indy5_turn3: raises $0.50 to $1
markwin11: folds 
MonsPub_s: calls $0.50
R1S2T3: calls $0.50
*** FLOP *** [Ks 5h Th]
MonsPub_s: checks 
R1S2T3: bets $1
Indy5_turn3: calls $1
MonsPub_s: folds 
*** TURN *** [Ks 5h Th] [6h]
R1S2T3: bets $3
Indy5_turn3: folds 
Uncalled bet ($3) returned to R1S2T3
R1S2T3 collected $5 from pot
R1S2T3: doesn't show hand 
*** SUMMARY ***
Total pot $5.25 | Rake $0.25 
Board [Ks 5h Th 6h]
Seat 1: markwin11 (small blind) folded before Flop
Seat 2: MonsPub_s (big blind) folded on the Flop
Seat 3: R1S2T3 collected ($5)
Seat 4: ricecooka972 folded before Flop (didn't bet)
Seat 5: jmk0721 folded before Flop (didn't bet)
Seat 7: tycusiyo folded before Flop (didn't bet)
Seat 8: Alameda22 folded before Flop (didn't bet)
Seat 9: Indy5_turn3 (button) folded on the Turn



PokerStars Game #20156054244:  Hold'em No Limit ($0.25/$0.50) - 2008/09/04 23:46:58 ET
Table 'Bistro II' 9-max Seat #1 is the button
Seat 1: markwin11 ($54.80 in chips) 
Seat 2: MonsPub_s ($30.15 in chips) 
Seat 3: R1S2T3 ($52.50 in chips) 
Seat 4: ricecooka972 ($56.45 in chips) 
Seat 5: jmk0721 ($30.50 in chips) 
Seat 7: tycusiyo ($50 in chips) 
Seat 8: Alameda22 ($47.25 in chips) 
Seat 9: Indy5_turn3 ($70.25 in chips) 
MonsPub_s: posts small blind $0.25
R1S2T3: posts big blind $0.50
nykbbal: sits out 
*** HOLE CARDS ***
Dealt to Alameda22 [5c 9d]
ricecooka972: folds 
jmk0721: raises $1 to $1.50
tycusiyo: folds 
Alameda22: folds 
Indy5_turn3: folds 
markwin11: folds 
MonsPub_s: folds 
R1S2T3: folds 
Uncalled bet ($1) returned to jmk0721
jmk0721 collected $1.25 from pot
jmk0721: doesn't show hand 
*** SUMMARY ***
Total pot $1.25 | Rake $0 
Seat 1: markwin11 (button) folded before Flop (didn't bet)
Seat 2: MonsPub_s (small blind) folded before Flop
Seat 3: R1S2T3 (big blind) folded before Flop
Seat 4: ricecooka972 folded before Flop (didn't bet)
Seat 5: jmk0721 collected ($1.25)
Seat 7: tycusiyo folded before Flop (didn't bet)
Seat 8: Alameda22 folded before Flop (didn't bet)
Seat 9: Indy5_turn3 folded before Flop (didn't bet)



PokerStars Game #20156071265:  Hold'em No Limit ($0.25/$0.50) - 2008/09/04 23:47:53 ET
Table 'Bistro II' 9-max Seat #2 is the button
Seat 1: markwin11 ($54.80 in chips) 
Seat 2: MonsPub_s ($29.90 in chips) 
Seat 3: R1S2T3 ($52 in chips) 
Seat 4: ricecooka972 ($56.45 in chips) 
Seat 5: jmk0721 ($31.25 in chips) 
Seat 7: tycusiyo ($50 in chips) 
Seat 8: Alameda22 ($47.25 in chips) 
Seat 9: Indy5_turn3 ($70.25 in chips) 
R1S2T3: posts small blind $0.25
ricecooka972: posts big blind $0.50
nykbbal: sits out 
*** HOLE CARDS ***
Dealt to Alameda22 [5c 8c]
jmk0721: calls $0.50
tycusiyo: folds 
Alameda22: folds 
Indy5_turn3: calls $0.50
markwin11: folds 
MonsPub_s: raises $0.50 to $1
R1S2T3: calls $0.75
ricecooka972: folds 
jmk0721: calls $0.50
Indy5_turn3: calls $0.50
*** FLOP *** [Kh 8d 5d]
R1S2T3: checks 
jmk0721: checks 
Indy5_turn3: checks 
MonsPub_s: bets $1.50
R1S2T3: folds 
jmk0721: calls $1.50
Indy5_turn3: folds 
*** TURN *** [Kh 8d 5d] [Qh]
MonsPub_s said, "wake up sleepy head"
jmk0721: checks 
MonsPub_s: checks 
*** RIVER *** [Kh 8d 5d Qh] [9d]
jmk0721: checks 
MonsPub_s: checks 
*** SHOW DOWN ***
jmk0721: shows [6s 6d] (a pair of Sixes)
MonsPub_s: mucks hand 
jmk0721 collected $7.15 from pot
*** SUMMARY ***
Total pot $7.50 | Rake $0.35 
Board [Kh 8d 5d Qh 9d]
Seat 1: markwin11 folded before Flop (didn't bet)
Seat 2: MonsPub_s (button) mucked [Td 3h]
Seat 3: R1S2T3 (small blind) folded on the Flop
Seat 4: ricecooka972 (big blind) folded before Flop
Seat 5: jmk0721 showed [6s 6d] and won ($7.15) with a pair of Sixes
Seat 7: tycusiyo folded before Flop (didn't bet)
Seat 8: Alameda22 folded before Flop (didn't bet)
Seat 9: Indy5_turn3 folded on the Flop



PokerStars Game #20156118862:  Hold'em No Limit ($0.25/$0.50) - 2008/09/04 23:50:26 ET
Table 'Bistro II' 9-max Seat #3 is the button
Seat 1: markwin11 ($54.80 in chips) 
Seat 2: MonsPub_s ($27.40 in chips) 
Seat 3: R1S2T3 ($51 in chips) 
Seat 4: ricecooka972 ($55.95 in chips) 
Seat 5: jmk0721 ($35.90 in chips) 
Seat 7: tycusiyo ($50 in chips) 
Seat 8: Alameda22 ($47.25 in chips) 
Seat 9: Indy5_turn3 ($69.25 in chips) 
ricecooka972: posts small blind $0.25
jmk0721: posts big blind $0.50
nykbbal: sits out 
*** HOLE CARDS ***
Dealt to Alameda22 [4h 2d]
tycusiyo: folds 
Alameda22: folds 
Indy5_turn3: calls $0.50
markwin11: folds 
MonsPub_s: folds 
MonsPub_s leaves the table
R1S2T3: calls $0.50
ricecooka972: folds 
jmk0721: checks 
*** FLOP *** [5h 3c 8d]
tomchap joins the table at seat #2 
jmk0721: checks 
Indy5_turn3: bets $1.50
R1S2T3: folds 
jmk0721: calls $1.50
*** TURN *** [5h 3c 8d] [7c]
jmk0721: checks 
Indy5_turn3: bets $3
jmk0721: calls $3
*** RIVER *** [5h 3c 8d 7c] [As]
jmk0721: checks 
Indy5_turn3: bets $5
jmk0721: raises $6 to $11
Indy5_turn3: folds 
Uncalled bet ($6) returned to jmk0721
jmk0721 collected $19.75 from pot
jmk0721: doesn't show hand 
*** SUMMARY ***
Total pot $20.75 | Rake $1 
Board [5h 3c 8d 7c As]
Seat 1: markwin11 folded before Flop (didn't bet)
Seat 2: MonsPub_s folded before Flop (didn't bet)
Seat 3: R1S2T3 (button) folded on the Flop
Seat 4: ricecooka972 (small blind) folded before Flop
Seat 5: jmk0721 (big blind) collected ($19.75)
Seat 7: tycusiyo folded before Flop (didn't bet)
Seat 8: Alameda22 folded before Flop (didn't bet)
Seat 9: Indy5_turn3 folded on the River



PokerStars Game #20156164976:  Hold'em No Limit ($0.25/$0.50) - 2008/09/04 23:52:56 ET
Table 'Bistro II' 9-max Seat #4 is the button
Seat 1: markwin11 ($54.80 in chips) 
Seat 2: tomchap ($50 in chips) 
Seat 3: R1S2T3 ($50.50 in chips) 
Seat 4: ricecooka972 ($55.70 in chips) 
Seat 5: jmk0721 ($45.65 in chips) 
Seat 6: nykbbal ($20 in chips) 
Seat 7: tycusiyo ($50 in chips) 
Seat 8: Alameda22 ($47.25 in chips) 
Seat 9: Indy5_turn3 ($59.25 in chips) 
jmk0721: posts small blind $0.25
nykbbal: posts big blind $0.50
tomchap: posts big blind $0.50
*** HOLE CARDS ***
Dealt to Alameda22 [5c Qd]
tycusiyo: folds 
Alameda22: folds 
Indy5_turn3: calls $0.50
markwin11: folds 
tomchap: checks 
R1S2T3: calls $0.50
ricecooka972: folds 
jmk0721: calls $0.25
nykbbal: checks 
*** FLOP *** [5d Ks Jd]
jmk0721: checks 
nykbbal: checks 
Indy5_turn3: checks 
tomchap: bets $1.50
R1S2T3: folds 
jmk0721: calls $1.50
nykbbal: folds 
Indy5_turn3: folds 
*** TURN *** [5d Ks Jd] [Ah]
jmk0721: checks 
tomchap: checks 
*** RIVER *** [5d Ks Jd Ah] [6c]
jmk0721: bets $2.70
tomchap: calls $2.70
*** SHOW DOWN ***
jmk0721: shows [9c Ts] (high card Ace)
tomchap: shows [Kh 6d] (two pair, Kings and Sixes)
tomchap collected $10.40 from pot
*** SUMMARY ***
Total pot $10.90 | Rake $0.50 
Board [5d Ks Jd Ah 6c]
Seat 1: markwin11 folded before Flop (didn't bet)
Seat 2: tomchap showed [Kh 6d] and won ($10.40) with two pair, Kings and Sixes
Seat 3: R1S2T3 folded on the Flop
Seat 4: ricecooka972 (button) folded before Flop (didn't bet)
Seat 5: jmk0721 (small blind) showed [9c Ts] and lost with high card Ace
Seat 6: nykbbal (big blind) folded on the Flop
Seat 7: tycusiyo folded before Flop (didn't bet)
Seat 8: Alameda22 folded before Flop (didn't bet)
Seat 9: Indy5_turn3 folded on the Flop



PokerStars Game #20156194758:  Hold'em No Limit ($0.25/$0.50) - 2008/09/04 23:54:33 ET
Table 'Bistro II' 9-max Seat #5 is the button
Seat 1: markwin11 ($54.80 in chips) 
Seat 2: tomchap ($55.70 in chips) 
Seat 3: R1S2T3 ($50 in chips) 
Seat 4: ricecooka972 ($55.70 in chips) 
Seat 5: jmk0721 ($40.95 in chips) 
Seat 6: nykbbal ($19.50 in chips) 
Seat 7: tycusiyo ($50 in chips) 
Seat 8: Alameda22 ($47.25 in chips) 
Seat 9: Indy5_turn3 ($58.75 in chips) 
nykbbal: posts small blind $0.25
tycusiyo: posts big blind $0.50
*** HOLE CARDS ***
Dealt to Alameda22 [7h 4h]
Alameda22: folds 
Indy5_turn3: calls $0.50
markwin11 is disconnected 
markwin11 is connected 
markwin11: folds 
tomchap: folds 
R1S2T3: folds 
ricecooka972: raises $2.50 to $3
jmk0721: folds 
nykbbal: folds 
tycusiyo: folds 
Indy5_turn3: calls $2.50
*** FLOP *** [3h Js Qh]
Indy5_turn3: checks 
ricecooka972: bets $6
Indy5_turn3: folds 
Uncalled bet ($6) returned to ricecooka972
ricecooka972 collected $6.45 from pot
ricecooka972: doesn't show hand 
*** SUMMARY ***
Total pot $6.75 | Rake $0.30 
Board [3h Js Qh]
Seat 1: markwin11 folded before Flop (didn't bet)
Seat 2: tomchap folded before Flop (didn't bet)
Seat 3: R1S2T3 folded before Flop (didn't bet)
Seat 4: ricecooka972 collected ($6.45)
Seat 5: jmk0721 (button) folded before Flop (didn't bet)
Seat 6: nykbbal (small blind) folded before Flop
Seat 7: tycusiyo (big blind) folded before Flop
Seat 8: Alameda22 folded before Flop (didn't bet)
Seat 9: Indy5_turn3 folded on the Flop



PokerStars Game #20156216525:  Hold'em No Limit ($0.25/$0.50) - 2008/09/04 23:55:45 ET
Table 'Bistro II' 9-max Seat #6 is the button
Seat 1: markwin11 ($54.80 in chips) 
Seat 2: tomchap ($55.70 in chips) 
Seat 3: R1S2T3 ($50 in chips) 
Seat 4: ricecooka972 ($59.15 in chips) 
Seat 5: jmk0721 ($40.95 in chips) 
Seat 6: nykbbal ($19.25 in chips) 
Seat 7: tycusiyo ($49.50 in chips) 
Seat 8: Alameda22 ($47.25 in chips) 
Seat 9: Indy5_turn3 ($55.75 in chips) 
tycusiyo: posts small blind $0.25
Alameda22: posts big blind $0.50
*** HOLE CARDS ***
Dealt to Alameda22 [Qc 9h]
Indy5_turn3: raises $0.50 to $1
markwin11: folds 
tomchap: folds 
R1S2T3: calls $1
ricecooka972: folds 
jmk0721: calls $1
nykbbal: folds 
tycusiyo: folds 
Alameda22: folds 
*** FLOP *** [Qd 6c Kc]
Indy5_turn3: checks 
R1S2T3: checks 
jmk0721: bets $1.50
Indy5_turn3: calls $1.50
R1S2T3: folds 
*** TURN *** [Qd 6c Kc] [Tc]
Indy5_turn3: bets $2.25
jmk0721: calls $2.25
*** RIVER *** [Qd 6c Kc Tc] [6d]
Indy5_turn3: checks 
jmk0721: bets $6
Indy5_turn3: calls $6
*** SHOW DOWN ***
jmk0721: shows [Qs 9s] (two pair, Queens and Sixes)
Indy5_turn3: mucks hand 
jmk0721 collected $22.15 from pot
*** SUMMARY ***
Total pot $23.25 | Rake $1.10 
Board [Qd 6c Kc Tc 6d]
Seat 1: markwin11 folded before Flop (didn't bet)
Seat 2: tomchap folded before Flop (didn't bet)
Seat 3: R1S2T3 folded on the Flop
Seat 4: ricecooka972 folded before Flop (didn't bet)
Seat 5: jmk0721 showed [Qs 9s] and won ($22.15) with two pair, Queens and Sixes
Seat 6: nykbbal (button) folded before Flop (didn't bet)
Seat 7: tycusiyo (small blind) folded before Flop
Seat 8: Alameda22 (big blind) folded before Flop
Seat 9: Indy5_turn3 mucked [Ah 2h]



PokerStars Game #20156255124:  Hold'em No Limit ($0.25/$0.50) - 2008/09/04 23:57:51 ET
Table 'Bistro II' 9-max Seat #7 is the button
Seat 1: markwin11 ($54.80 in chips) 
Seat 2: tomchap ($55.70 in chips) 
Seat 3: R1S2T3 ($49 in chips) 
Seat 4: ricecooka972 ($59.15 in chips) 
Seat 5: jmk0721 ($52.35 in chips) 
Seat 6: nykbbal ($19.25 in chips) 
Seat 7: tycusiyo ($49.25 in chips) 
Seat 8: Alameda22 ($46.75 in chips) 
Seat 9: Indy5_turn3 ($45 in chips) 
Alameda22: posts small blind $0.25
Indy5_turn3: posts big blind $0.50
*** HOLE CARDS ***
Dealt to Alameda22 [3s 2s]
markwin11: folds 
tomchap: folds 
R1S2T3: folds 
ricecooka972: folds 
jmk0721: folds 
jmk0721 leaves the table
Chrisinjo joins the table at seat #5 
nykbbal: raises $1.50 to $2
Chrisinjo is sitting out
tycusiyo: folds 
Alameda22: folds 
Indy5_turn3: calls $1.50
*** FLOP *** [Tc 2d 4s]
Indy5_turn3: checks 
nykbbal: checks 
*** TURN *** [Tc 2d 4s] [Ad]
Indy5_turn3: bets $2
nykbbal: folds 
Uncalled bet ($2) returned to Indy5_turn3
Indy5_turn3 collected $4.05 from pot
Indy5_turn3: doesn't show hand 
*** SUMMARY ***
Total pot $4.25 | Rake $0.20 
Board [Tc 2d 4s Ad]
Seat 1: markwin11 folded before Flop (didn't bet)
Seat 2: tomchap folded before Flop (didn't bet)
Seat 3: R1S2T3 folded before Flop (didn't bet)
Seat 4: ricecooka972 folded before Flop (didn't bet)
Seat 5: jmk0721 folded before Flop (didn't bet)
Seat 6: nykbbal folded on the Turn
Seat 7: tycusiyo (button) folded before Flop (didn't bet)
Seat 8: Alameda22 (small blind) folded before Flop
Seat 9: Indy5_turn3 (big blind) collected ($4.05)



PokerStars Game #20156271334:  Hold'em No Limit ($0.25/$0.50) - 2008/09/04 23:58:45 ET
Table 'Bistro II' 9-max Seat #8 is the button
Seat 2: tomchap ($55.70 in chips) 
Seat 3: R1S2T3 ($49 in chips) 
Seat 4: ricecooka972 ($59.15 in chips) 
Seat 6: nykbbal ($17.25 in chips) 
Seat 7: tycusiyo ($49.25 in chips) 
Seat 8: Alameda22 ($46.50 in chips) 
Seat 9: Indy5_turn3 ($47.05 in chips) 
Indy5_turn3: posts small blind $0.25
markwin11: is sitting out 
tomchap: posts big blind $0.50
*** HOLE CARDS ***
Dealt to Alameda22 [4h 8d]
markwin11 leaves the table
R1S2T3: folds 
ricecooka972: folds 
nykbbal: folds 
RicoJay13 joins the table at seat #1 
tycusiyo: folds 
Alameda22: folds 
Indy5_turn3: calls $0.25
tomchap: checks 
*** FLOP *** [6d 7s 9d]
Indy5_turn3: checks 
tomchap: bets $1
Indy5_turn3: calls $1
*** TURN *** [6d 7s 9d] [9s]
Indy5_turn3: checks 
tomchap: checks 
*** RIVER *** [6d 7s 9d 9s] [4c]
Indy5_turn3: bets $2.50
tomchap: calls $2.50
*** SHOW DOWN ***
Indy5_turn3: shows [Tc 2s] (a pair of Nines)
tomchap: shows [7h Js] (two pair, Nines and Sevens)
tomchap collected $7.65 from pot
*** SUMMARY ***
Total pot $8 | Rake $0.35 
Board [6d 7s 9d 9s 4c]
Seat 2: tomchap (big blind) showed [7h Js] and won ($7.65) with two pair, Nines and Sevens
Seat 3: R1S2T3 folded before Flop (didn't bet)
Seat 4: ricecooka972 folded before Flop (didn't bet)
Seat 6: nykbbal folded before Flop (didn't bet)
Seat 7: tycusiyo folded before Flop (didn't bet)
Seat 8: Alameda22 (button) folded before Flop (didn't bet)
Seat 9: Indy5_turn3 (small blind) showed [Tc 2s] and lost with a pair of Nines



