PokerStars Game #19837683778:  Hold'em No Limit ($0.10/$0.25) - 2008/08/23 - 13:49:01 (ET)
Table 'Echo III' 9-max Seat #6 is the button
Seat 1: semja ($48.25 in chips) 
Seat 2: aDeepDiver77 ($25.95 in chips) 
Seat 3: HBBK25 ($15.25 in chips) 
Seat 4: Ace's Dudes ($24.15 in chips) 
Seat 5: daviddubya87 ($2.90 in chips) 
Seat 6: crusser2 ($9.40 in chips) 
Seat 7: Brat_at_UofC ($50.85 in chips) 
Seat 8: Alameda22 ($25 in chips) 
Seat 9: mikedugan ($22 in chips) 
Brat_at_UofC: posts small blind $0.10
Alameda22: posts big blind $0.25
*** HOLE CARDS ***
Dealt to Alameda22 [5s 3s]
mikedugan: folds 
semja: raises $0.75 to $1
aDeepDiver77: folds 
mikedugan leaves the table
HBBK25: folds 
Ace's Dudes: folds 
daviddubya87: folds 
crusser2: folds 
Brat_at_UofC: folds 
Alameda22: folds 
Uncalled bet ($0.75) returned to semja
semja collected $0.60 from pot
semja: doesn't show hand 
crusser2 leaves the table
*** SUMMARY ***
Total pot $0.60 | Rake $0 
Seat 1: semja collected ($0.60)
Seat 2: aDeepDiver77 folded before Flop (didn't bet)
Seat 3: HBBK25 folded before Flop (didn't bet)
Seat 4: Ace's Dudes folded before Flop (didn't bet)
Seat 5: daviddubya87 folded before Flop (didn't bet)
Seat 6: crusser2 (button) folded before Flop (didn't bet)
Seat 7: Brat_at_UofC (small blind) folded before Flop
Seat 8: Alameda22 (big blind) folded before Flop
Seat 9: mikedugan folded before Flop (didn't bet)



PokerStars Game #19837703316:  Hold'em No Limit ($0.10/$0.25) - 2008/08/23 - 13:49:50 (ET)
Table 'Echo III' 9-max Seat #7 is the button
Seat 1: semja ($48.60 in chips) 
Seat 2: aDeepDiver77 ($25.95 in chips) 
Seat 3: HBBK25 ($15.25 in chips) 
Seat 4: Ace's Dudes ($24.15 in chips) 
Seat 5: daviddubya87 ($2.90 in chips) 
Seat 7: Brat_at_UofC ($50.75 in chips) 
Seat 8: Alameda22 ($24.75 in chips) 
Alameda22: posts small blind $0.10
semja: posts big blind $0.25
*** HOLE CARDS ***
Dealt to Alameda22 [6s Ks]
aDeepDiver77: raises $0.75 to $1
HBBK25: calls $1
Ace's Dudes: folds 
daviddubya87: folds 
Brat_at_UofC: folds 
Alameda22: folds 
semja: calls $0.75
*** FLOP *** [4d 2s 6h]
semja: checks 
aDeepDiver77: checks 
HBBK25: checks 
*** TURN *** [4d 2s 6h] [Kc]
semja: checks 
aDeepDiver77: bets $1
HBBK25: folds 
semja: folds 
Uncalled bet ($1) returned to aDeepDiver77
aDeepDiver77 collected $2.95 from pot
aDeepDiver77: doesn't show hand 
*** SUMMARY ***
Total pot $3.10 | Rake $0.15 
Board [4d 2s 6h Kc]
Seat 1: semja (big blind) folded on the Turn
Seat 2: aDeepDiver77 collected ($2.95)
Seat 3: HBBK25 folded on the Turn
Seat 4: Ace's Dudes folded before Flop (didn't bet)
Seat 5: daviddubya87 folded before Flop (didn't bet)
Seat 7: Brat_at_UofC (button) folded before Flop (didn't bet)
Seat 8: Alameda22 (small blind) folded before Flop



PokerStars Game #19837744439:  Hold'em No Limit ($0.10/$0.25) - 2008/08/23 - 13:51:34 (ET)
Table 'Echo III' 9-max Seat #8 is the button
Seat 1: semja ($47.60 in chips) 
Seat 2: aDeepDiver77 ($27.90 in chips) 
Seat 3: HBBK25 ($14.25 in chips) 
Seat 4: Ace's Dudes ($24.15 in chips) 
Seat 5: daviddubya87 ($2.90 in chips) 
Seat 7: Brat_at_UofC ($50.75 in chips) 
Seat 8: Alameda22 ($24.65 in chips) 
semja: posts small blind $0.10
aDeepDiver77: posts big blind $0.25
*** HOLE CARDS ***
Dealt to Alameda22 [7h 5s]
HBBK25: folds 
Ace's Dudes: folds 
daviddubya87: raises $0.50 to $0.75
Brat_at_UofC: calls $0.75
Alameda22: folds 
semja: raises $0.75 to $1.50
aDeepDiver77: folds 
daviddubya87: calls $0.75
Brat_at_UofC: calls $0.75
*** FLOP *** [As Ks 2d]
garrymdp joins the table at seat #6 
semja: bets $3
daviddubya87: calls $1.40 and is all-in
Brat_at_UofC: calls $3
*** TURN *** [As Ks 2d] [9h]
semja: bets $4.50
Brat_at_UofC: calls $4.50
*** RIVER *** [As Ks 2d 9h] [Kd]
semja: bets $17.50
Brat_at_UofC: folds 
Uncalled bet ($17.50) returned to semja
*** SHOW DOWN ***
semja: shows [Kc Ad] (a full house, Kings full of Aces)
semja collected $11.60 from side pot
daviddubya87: mucks hand 
Ace's Dudes said, "nh"
semja collected $8.55 from main pot
daviddubya87 leaves the table
*** SUMMARY ***
Total pot $21.15 Main pot $8.55. Side pot $11.60. | Rake $1 
Board [As Ks 2d 9h Kd]
Seat 1: semja (small blind) showed [Kc Ad] and won ($20.15) with a full house, Kings full of Aces
Seat 2: aDeepDiver77 (big blind) folded before Flop
Seat 3: HBBK25 folded before Flop (didn't bet)
Seat 4: Ace's Dudes folded before Flop (didn't bet)
Seat 5: daviddubya87 mucked [4c Ac]
Seat 7: Brat_at_UofC folded on the River
Seat 8: Alameda22 (button) folded before Flop (didn't bet)



PokerStars Game #19837787704:  Hold'em No Limit ($0.10/$0.25) - 2008/08/23 - 13:53:23 (ET)
Table 'Echo III' 9-max Seat #1 is the button
Seat 1: semja ($58.75 in chips) 
Seat 2: aDeepDiver77 ($27.65 in chips) 
Seat 3: HBBK25 ($14.25 in chips) 
Seat 4: Ace's Dudes ($24.15 in chips) 
Seat 7: Brat_at_UofC ($41.75 in chips) 
Seat 8: Alameda22 ($24.65 in chips) 
aDeepDiver77: posts small blind $0.10
HBBK25: posts big blind $0.25
garrymdp: sits out 
*** HOLE CARDS ***
Dealt to Alameda22 [Kc As]
Ace's Dudes: folds 
Brat_at_UofC said, "nice job giving me all the odds I needed"
Brat_at_UofC said, ":D"
Brat_at_UofC: folds 
Alameda22: raises $0.50 to $0.75
semja: folds 
headbussaboy joins the table at seat #5 
aDeepDiver77: folds 
hollis12 joins the table at seat #9 
HBBK25: folds 
Uncalled bet ($0.50) returned to Alameda22
Alameda22 collected $0.60 from pot
Alameda22: doesn't show hand 
*** SUMMARY ***
Total pot $0.60 | Rake $0 
Seat 1: semja (button) folded before Flop (didn't bet)
Seat 2: aDeepDiver77 (small blind) folded before Flop
Seat 3: HBBK25 (big blind) folded before Flop
Seat 4: Ace's Dudes folded before Flop (didn't bet)
Seat 7: Brat_at_UofC folded before Flop (didn't bet)
Seat 8: Alameda22 collected ($0.60)



PokerStars Game #19837801902:  Hold'em No Limit ($0.10/$0.25) - 2008/08/23 - 13:53:59 (ET)
Table 'Echo III' 9-max Seat #2 is the button
Seat 1: semja ($58.75 in chips) 
Seat 2: aDeepDiver77 ($27.55 in chips) 
Seat 3: HBBK25 ($14 in chips) 
Seat 4: Ace's Dudes ($24.15 in chips) 
Seat 5: headbussaboy ($25 in chips) 
Seat 7: Brat_at_UofC ($41.75 in chips) 
Seat 8: Alameda22 ($25 in chips) 
Seat 9: hollis12 ($15 in chips) 
HBBK25: posts small blind $0.10
Ace's Dudes: posts big blind $0.25
headbussaboy: posts big blind $0.25
garrymdp: sits out 
hollis12: posts big blind $0.25
*** HOLE CARDS ***
Dealt to Alameda22 [8s Qc]
headbussaboy: checks 
Brat_at_UofC: folds 
Alameda22: folds 
hollis12: checks 
semja: calls $0.25
aDeepDiver77: calls $0.25
HBBK25: folds 
Ace's Dudes: checks 
*** FLOP *** [5c Ad 4s]
Ace's Dudes: checks 
headbussaboy: checks 
hollis12: checks 
semja: checks 
aDeepDiver77: bets $0.75
Ace's Dudes: folds 
headbussaboy: folds 
hollis12: calls $0.75
semja: calls $0.75
*** TURN *** [5c Ad 4s] [9d]
hollis12: checks 
semja: checks 
aDeepDiver77: checks 
*** RIVER *** [5c Ad 4s 9d] [Kc]
hollis12: checks 
semja: checks 
aDeepDiver77: bets $1.75
hollis12: folds 
semja: folds 
Uncalled bet ($1.75) returned to aDeepDiver77
aDeepDiver77 collected $3.45 from pot
aDeepDiver77: doesn't show hand 
*** SUMMARY ***
Total pot $3.60 | Rake $0.15 
Board [5c Ad 4s 9d Kc]
Seat 1: semja folded on the River
Seat 2: aDeepDiver77 (button) collected ($3.45)
Seat 3: HBBK25 (small blind) folded before Flop
Seat 4: Ace's Dudes (big blind) folded on the Flop
Seat 5: headbussaboy folded on the Flop
Seat 7: Brat_at_UofC folded before Flop (didn't bet)
Seat 8: Alameda22 folded before Flop (didn't bet)
Seat 9: hollis12 folded on the River



PokerStars Game #19837834205:  Hold'em No Limit ($0.10/$0.25) - 2008/08/23 - 13:55:23 (ET)
Table 'Echo III' 9-max Seat #3 is the button
Seat 1: semja ($57.75 in chips) 
Seat 2: aDeepDiver77 ($30 in chips) 
Seat 3: HBBK25 ($13.90 in chips) 
Seat 4: Ace's Dudes ($23.90 in chips) 
Seat 5: headbussaboy ($24.75 in chips) 
Seat 7: Brat_at_UofC ($41.75 in chips) 
Seat 8: Alameda22 ($25 in chips) 
Seat 9: hollis12 ($14 in chips) 
Ace's Dudes: posts small blind $0.10
headbussaboy: posts big blind $0.25
garrymdp: sits out 
*** HOLE CARDS ***
Dealt to Alameda22 [Js 2d]
Brat_at_UofC: folds 
Alameda22: folds 
hollis12: calls $0.25
semja: calls $0.25
aDeepDiver77: folds 
HBBK25: calls $0.25
Ace's Dudes: calls $0.15
headbussaboy: checks 
*** FLOP *** [9s Kd 8d]
Ace's Dudes: checks 
headbussaboy: checks 
hollis12: checks 
semja: checks 
HBBK25: bets $0.75
Ace's Dudes: folds 
headbussaboy: folds 
hollis12: calls $0.75
semja: calls $0.75
*** TURN *** [9s Kd 8d] [4s]
hollis12: checks 
semja: checks 
HBBK25: bets $2.25
hollis12: calls $2.25
semja: folds 
*** RIVER *** [9s Kd 8d 4s] [2h]
hollis12: checks 
HBBK25: checks 
*** SHOW DOWN ***
hollis12: shows [5s 7s] (high card King)
HBBK25: shows [Kc 8c] (two pair, Kings and Eights)
HBBK25 collected $7.65 from pot
*** SUMMARY ***
Total pot $8 | Rake $0.35 
Board [9s Kd 8d 4s 2h]
Seat 1: semja folded on the Turn
Seat 2: aDeepDiver77 folded before Flop (didn't bet)
Seat 3: HBBK25 (button) showed [Kc 8c] and won ($7.65) with two pair, Kings and Eights
Seat 4: Ace's Dudes (small blind) folded on the Flop
Seat 5: headbussaboy (big blind) folded on the Flop
Seat 7: Brat_at_UofC folded before Flop (didn't bet)
Seat 8: Alameda22 folded before Flop (didn't bet)
Seat 9: hollis12 showed [5s 7s] and lost with high card King



PokerStars Game #19837884434:  Hold'em No Limit ($0.10/$0.25) - 2008/08/23 - 13:57:33 (ET)
Table 'Echo III' 9-max Seat #4 is the button
Seat 1: semja ($56.75 in chips) 
Seat 2: aDeepDiver77 ($30 in chips) 
Seat 3: HBBK25 ($18.30 in chips) 
Seat 4: Ace's Dudes ($23.65 in chips) 
Seat 5: headbussaboy ($24.50 in chips) 
Seat 6: garrymdp ($6 in chips) 
Seat 7: Brat_at_UofC ($41.75 in chips) 
Seat 8: Alameda22 ($25 in chips) 
Seat 9: hollis12 ($10.75 in chips) 
headbussaboy: posts small blind $0.10
garrymdp: posts big blind $0.25
*** HOLE CARDS ***
Dealt to Alameda22 [8s 7h]
Brat_at_UofC: folds 
Alameda22: folds 
hollis12: raises $0.75 to $1
semja: folds 
aDeepDiver77: calls $1
HBBK25: folds 
Ace's Dudes: folds 
headbussaboy: folds 
garrymdp: folds 
*** FLOP *** [Tc 9c Jc]
hollis12: bets $1.75
aDeepDiver77: raises $2.25 to $4
hollis12: raises $2.25 to $6.25
aDeepDiver77: calls $2.25
*** TURN *** [Tc 9c Jc] [Ts]
hollis12: bets $3.50 and is all-in
aDeepDiver77: calls $3.50
*** RIVER *** [Tc 9c Jc Ts] [7s]
*** SHOW DOWN ***
hollis12: shows [Jd Ac] (two pair, Jacks and Tens)
aDeepDiver77: shows [Th Td] (four of a kind, Tens)
aDeepDiver77 collected $20.80 from pot
hollis12 leaves the table
*** SUMMARY ***
Total pot $21.85 | Rake $1.05 
Board [Tc 9c Jc Ts 7s]
Seat 1: semja folded before Flop (didn't bet)
Seat 2: aDeepDiver77 showed [Th Td] and won ($20.80) with four of a kind, Tens
Seat 3: HBBK25 folded before Flop (didn't bet)
Seat 4: Ace's Dudes (button) folded before Flop (didn't bet)
Seat 5: headbussaboy (small blind) folded before Flop
Seat 6: garrymdp (big blind) folded before Flop
Seat 7: Brat_at_UofC folded before Flop (didn't bet)
Seat 8: Alameda22 folded before Flop (didn't bet)
Seat 9: hollis12 showed [Jd Ac] and lost with two pair, Jacks and Tens



PokerStars Game #19837909410:  Hold'em No Limit ($0.10/$0.25) - 2008/08/23 - 13:58:38 (ET)
Table 'Echo III' 9-max Seat #5 is the button
Seat 1: semja ($56.75 in chips) 
Seat 2: aDeepDiver77 ($40.05 in chips) 
Seat 3: HBBK25 ($18.30 in chips) 
Seat 4: Ace's Dudes ($23.65 in chips) 
Seat 5: headbussaboy ($24.40 in chips) 
Seat 6: garrymdp ($5.75 in chips) 
Seat 7: Brat_at_UofC ($41.75 in chips) 
Seat 8: Alameda22 ($25 in chips) 
garrymdp: posts small blind $0.10
Brat_at_UofC: posts big blind $0.25
*** HOLE CARDS ***
Dealt to Alameda22 [Ac 7s]
Alameda22: folds 
Ra-DBR joins the table at seat #9 
semja: folds 
aDeepDiver77: folds 
HBBK25: folds 
Ace's Dudes: folds 
headbussaboy: folds 
garrymdp: folds 
Uncalled bet ($0.15) returned to Brat_at_UofC
Brat_at_UofC collected $0.20 from pot
Brat_at_UofC: doesn't show hand 
*** SUMMARY ***
Total pot $0.20 | Rake $0 
Seat 1: semja folded before Flop (didn't bet)
Seat 2: aDeepDiver77 folded before Flop (didn't bet)
Seat 3: HBBK25 folded before Flop (didn't bet)
Seat 4: Ace's Dudes folded before Flop (didn't bet)
Seat 5: headbussaboy (button) folded before Flop (didn't bet)
Seat 6: garrymdp (small blind) folded before Flop
Seat 7: Brat_at_UofC (big blind) collected ($0.20)
Seat 8: Alameda22 folded before Flop (didn't bet)



PokerStars Game #19837924067:  Hold'em No Limit ($0.10/$0.25) - 2008/08/23 - 13:59:16 (ET)
Table 'Echo III' 9-max Seat #6 is the button
Seat 1: semja ($56.75 in chips) 
Seat 2: aDeepDiver77 ($40.05 in chips) 
Seat 3: HBBK25 ($18.30 in chips) 
Seat 4: Ace's Dudes ($23.65 in chips) 
Seat 5: headbussaboy ($24.40 in chips) 
Seat 6: garrymdp ($5.65 in chips) 
Seat 7: Brat_at_UofC ($41.85 in chips) 
Seat 8: Alameda22 ($25 in chips) 
Brat_at_UofC: posts small blind $0.10
Alameda22: posts big blind $0.25
Ra-DBR: sits out 
*** HOLE CARDS ***
Dealt to Alameda22 [3c 4c]
semja: folds 
aDeepDiver77: folds 
HBBK25: raises $0.50 to $0.75
Ace's Dudes: folds 
headbussaboy: calls $0.75
garrymdp: folds 
Brat_at_UofC: folds 
Alameda22: folds 
*** FLOP *** [8s Jd Qs]
HBBK25: bets $1.25
headbussaboy: raises $1.75 to $3
HBBK25: folds 
Uncalled bet ($1.75) returned to headbussaboy
headbussaboy collected $4.15 from pot
*** SUMMARY ***
Total pot $4.35 | Rake $0.20 
Board [8s Jd Qs]
Seat 1: semja folded before Flop (didn't bet)
Seat 2: aDeepDiver77 folded before Flop (didn't bet)
Seat 3: HBBK25 folded on the Flop
Seat 4: Ace's Dudes folded before Flop (didn't bet)
Seat 5: headbussaboy collected ($4.15)
Seat 6: garrymdp (button) folded before Flop (didn't bet)
Seat 7: Brat_at_UofC (small blind) folded before Flop
Seat 8: Alameda22 (big blind) folded before Flop



PokerStars Game #19837961783:  Hold'em No Limit ($0.10/$0.25) - 2008/08/23 - 14:00:54 (ET)
Table 'Echo III' 9-max Seat #7 is the button
Seat 1: semja ($56.75 in chips) 
Seat 2: aDeepDiver77 ($40.05 in chips) 
Seat 3: HBBK25 ($16.30 in chips) 
Seat 4: Ace's Dudes ($23.65 in chips) 
Seat 5: headbussaboy ($26.55 in chips) 
Seat 6: garrymdp ($5.65 in chips) 
Seat 7: Brat_at_UofC ($41.75 in chips) 
Seat 8: Alameda22 ($24.75 in chips) 
Seat 9: Ra-DBR ($5 in chips) 
Alameda22: posts small blind $0.10
Ra-DBR: posts big blind $0.25
*** HOLE CARDS ***
Dealt to Alameda22 [6c 2c]
semja has timed out
semja: folds 
semja is sitting out
aDeepDiver77: raises $0.50 to $0.75
HBBK25: folds 
Ace's Dudes: folds 
headbussaboy: folds 
garrymdp: folds 
Brat_at_UofC: folds 
Alameda22: folds 
semja has returned
Ra-DBR: folds 
Uncalled bet ($0.50) returned to aDeepDiver77
aDeepDiver77 collected $0.60 from pot
aDeepDiver77: doesn't show hand 
*** SUMMARY ***
Total pot $0.60 | Rake $0 
Seat 1: semja folded before Flop (didn't bet)
Seat 2: aDeepDiver77 collected ($0.60)
Seat 3: HBBK25 folded before Flop (didn't bet)
Seat 4: Ace's Dudes folded before Flop (didn't bet)
Seat 5: headbussaboy folded before Flop (didn't bet)
Seat 6: garrymdp folded before Flop (didn't bet)
Seat 7: Brat_at_UofC (button) folded before Flop (didn't bet)
Seat 8: Alameda22 (small blind) folded before Flop
Seat 9: Ra-DBR (big blind) folded before Flop



PokerStars Game #19837994544:  Hold'em No Limit ($0.10/$0.25) - 2008/08/23 - 14:02:17 (ET)
Table 'Echo III' 9-max Seat #8 is the button
Seat 1: semja ($56.75 in chips) 
Seat 2: aDeepDiver77 ($40.40 in chips) 
Seat 3: HBBK25 ($16.30 in chips) 
Seat 4: Ace's Dudes ($23.65 in chips) 
Seat 5: headbussaboy ($26.55 in chips) 
Seat 6: garrymdp ($5.65 in chips) 
Seat 7: Brat_at_UofC ($41.75 in chips) 
Seat 8: Alameda22 ($24.65 in chips) 
Seat 9: Ra-DBR ($4.75 in chips) 
Ra-DBR: posts small blind $0.10
semja: posts big blind $0.25
*** HOLE CARDS ***
Dealt to Alameda22 [Qs Qc]
aDeepDiver77: folds 
HBBK25: calls $0.25
Ace's Dudes: folds 
headbussaboy: folds 
garrymdp: folds 
Brat_at_UofC: folds 
Alameda22: raises $0.75 to $1
Ra-DBR: folds 
semja: folds 
HBBK25: calls $0.75
*** FLOP *** [5h 9h 6s]
HBBK25: checks 
Alameda22: bets $1.50
HBBK25: folds 
Uncalled bet ($1.50) returned to Alameda22
Alameda22 collected $2.25 from pot
Alameda22: doesn't show hand 
*** SUMMARY ***
Total pot $2.35 | Rake $0.10 
Board [5h 9h 6s]
Seat 1: semja (big blind) folded before Flop
Seat 2: aDeepDiver77 folded before Flop (didn't bet)
Seat 3: HBBK25 folded on the Flop
Seat 4: Ace's Dudes folded before Flop (didn't bet)
Seat 5: headbussaboy folded before Flop (didn't bet)
Seat 6: garrymdp folded before Flop (didn't bet)
Seat 7: Brat_at_UofC folded before Flop (didn't bet)
Seat 8: Alameda22 (button) collected ($2.25)
Seat 9: Ra-DBR (small blind) folded before Flop



PokerStars Game #19838019214:  Hold'em No Limit ($0.10/$0.25) - 2008/08/23 - 14:03:20 (ET)
Table 'Echo III' 9-max Seat #9 is the button
Seat 1: semja ($56.50 in chips) 
Seat 2: aDeepDiver77 ($40.40 in chips) 
Seat 3: HBBK25 ($15.30 in chips) 
Seat 4: Ace's Dudes ($23.65 in chips) 
Seat 5: headbussaboy ($26.55 in chips) 
Seat 6: garrymdp ($5.65 in chips) 
Seat 7: Brat_at_UofC ($41.75 in chips) 
Seat 8: Alameda22 ($25.90 in chips) 
Seat 9: Ra-DBR ($4.65 in chips) 
semja: posts small blind $0.10
aDeepDiver77: posts big blind $0.25
*** HOLE CARDS ***
Dealt to Alameda22 [Td 8s]
HBBK25: calls $0.25
Ace's Dudes: folds 
headbussaboy: folds 
garrymdp: folds 
Brat_at_UofC: folds 
Alameda22: folds 
Ra-DBR: folds 
semja: raises $0.50 to $0.75
aDeepDiver77: calls $0.50
HBBK25: folds 
*** FLOP *** [2c Qs Ks]
semja: bets $1.50
aDeepDiver77: calls $1.50
*** TURN *** [2c Qs Ks] [Kh]
semja: bets $5
aDeepDiver77: calls $5
*** RIVER *** [2c Qs Ks Kh] [3c]
semja: bets $8.50
aDeepDiver77: calls $8.50
*** SHOW DOWN ***
semja: shows [Kd Jh] (three of a kind, Kings)
aDeepDiver77: mucks hand 
semja collected $30.20 from pot
*** SUMMARY ***
Total pot $31.75 | Rake $1.55 
Board [2c Qs Ks Kh 3c]
Seat 1: semja (small blind) showed [Kd Jh] and won ($30.20) with three of a kind, Kings
Seat 2: aDeepDiver77 (big blind) mucked [Qd As]
Seat 3: HBBK25 folded before Flop
Seat 4: Ace's Dudes folded before Flop (didn't bet)
Seat 5: headbussaboy folded before Flop (didn't bet)
Seat 6: garrymdp folded before Flop (didn't bet)
Seat 7: Brat_at_UofC folded before Flop (didn't bet)
Seat 8: Alameda22 folded before Flop (didn't bet)
Seat 9: Ra-DBR (button) folded before Flop (didn't bet)



PokerStars Game #19838066153:  Hold'em No Limit ($0.10/$0.25) - 2008/08/23 - 14:05:22 (ET)
Table 'Echo III' 9-max Seat #1 is the button
Seat 1: semja ($70.95 in chips) 
Seat 2: aDeepDiver77 ($24.65 in chips) 
Seat 3: HBBK25 ($15.05 in chips) 
Seat 4: Ace's Dudes ($23.65 in chips) 
Seat 5: headbussaboy ($26.55 in chips) 
Seat 6: garrymdp ($5.65 in chips) 
Seat 7: Brat_at_UofC ($41.75 in chips) 
Seat 8: Alameda22 ($25.90 in chips) 
Seat 9: Ra-DBR ($4.65 in chips) 
aDeepDiver77: posts small blind $0.10
HBBK25: posts big blind $0.25
*** HOLE CARDS ***
Dealt to Alameda22 [7d Jc]
Ace's Dudes: calls $0.25
headbussaboy: calls $0.25
garrymdp: folds 
Brat_at_UofC: folds 
Alameda22: folds 
Ra-DBR: folds 
semja: calls $0.25
aDeepDiver77: folds 
HBBK25: checks 
*** FLOP *** [2d 4h 4d]
HBBK25: checks 
Ace's Dudes: bets $0.75
headbussaboy: folds 
semja: calls $0.75
HBBK25: folds 
*** TURN *** [2d 4h 4d] [8c]
Ace's Dudes: bets $0.75
semja: calls $0.75
*** RIVER *** [2d 4h 4d 8c] [4s]
Ace's Dudes: bets $1
semja: calls $1
*** SHOW DOWN ***
Ace's Dudes: shows [7s 7h] (a full house, Fours full of Sevens)
semja: mucks hand 
Ace's Dudes collected $5.85 from pot
*** SUMMARY ***
Total pot $6.10 | Rake $0.25 
Board [2d 4h 4d 8c 4s]
Seat 1: semja (button) mucked [3c 3s]
Seat 2: aDeepDiver77 (small blind) folded before Flop
Seat 3: HBBK25 (big blind) folded on the Flop
Seat 4: Ace's Dudes showed [7s 7h] and won ($5.85) with a full house, Fours full of Sevens
Seat 5: headbussaboy folded on the Flop
Seat 6: garrymdp folded before Flop (didn't bet)
Seat 7: Brat_at_UofC folded before Flop (didn't bet)
Seat 8: Alameda22 folded before Flop (didn't bet)
Seat 9: Ra-DBR folded before Flop (didn't bet)



PokerStars Game #19838095319:  Hold'em No Limit ($0.10/$0.25) - 2008/08/23 - 14:06:39 (ET)
Table 'Echo III' 9-max Seat #2 is the button
Seat 1: semja ($68.20 in chips) 
Seat 2: aDeepDiver77 ($24.55 in chips) 
Seat 3: HBBK25 ($14.80 in chips) 
Seat 4: Ace's Dudes ($26.75 in chips) 
Seat 5: headbussaboy ($26.30 in chips) 
Seat 6: garrymdp ($5.65 in chips) 
Seat 7: Brat_at_UofC ($41.75 in chips) 
Seat 8: Alameda22 ($25.90 in chips) 
Seat 9: Ra-DBR ($4.65 in chips) 
HBBK25: posts small blind $0.10
Ace's Dudes: posts big blind $0.25
*** HOLE CARDS ***
Dealt to Alameda22 [Qc 7s]
headbussaboy: folds 
garrymdp: folds 
Brat_at_UofC: folds 
Alameda22: folds 
Ra-DBR: folds 
semja: folds 
aDeepDiver77: folds 
HBBK25: folds 
Uncalled bet ($0.15) returned to Ace's Dudes
Ace's Dudes collected $0.20 from pot
Ace's Dudes: doesn't show hand 
*** SUMMARY ***
Total pot $0.20 | Rake $0 
Seat 1: semja folded before Flop (didn't bet)
Seat 2: aDeepDiver77 (button) folded before Flop (didn't bet)
Seat 3: HBBK25 (small blind) folded before Flop
Seat 4: Ace's Dudes (big blind) collected ($0.20)
Seat 5: headbussaboy folded before Flop (didn't bet)
Seat 6: garrymdp folded before Flop (didn't bet)
Seat 7: Brat_at_UofC folded before Flop (didn't bet)
Seat 8: Alameda22 folded before Flop (didn't bet)
Seat 9: Ra-DBR folded before Flop (didn't bet)



PokerStars Game #19838119838:  Hold'em No Limit ($0.10/$0.25) - 2008/08/23 - 14:07:43 (ET)
Table 'Echo III' 9-max Seat #3 is the button
Seat 1: semja ($68.20 in chips) 
Seat 2: aDeepDiver77 ($24.55 in chips) 
Seat 3: HBBK25 ($14.70 in chips) 
Seat 4: Ace's Dudes ($26.85 in chips) 
Seat 5: headbussaboy ($26.30 in chips) 
Seat 6: garrymdp ($5.65 in chips) 
Seat 7: Brat_at_UofC ($41.75 in chips) 
Seat 8: Alameda22 ($25.90 in chips) 
Seat 9: Ra-DBR ($4.65 in chips) 
Ace's Dudes: posts small blind $0.10
headbussaboy: posts big blind $0.25
*** HOLE CARDS ***
Dealt to Alameda22 [2s Qd]
garrymdp: folds 
Brat_at_UofC: folds 
Alameda22: folds 
Ra-DBR: folds 
semja: folds 
aDeepDiver77: folds 
HBBK25: raises $0.50 to $0.75
Ace's Dudes: folds 
headbussaboy: calls $0.50
*** FLOP *** [2h 6h Kc]
headbussaboy: bets $1
HBBK25: folds 
Uncalled bet ($1) returned to headbussaboy
headbussaboy collected $1.55 from pot
*** SUMMARY ***
Total pot $1.60 | Rake $0.05 
Board [2h 6h Kc]
Seat 1: semja folded before Flop (didn't bet)
Seat 2: aDeepDiver77 folded before Flop (didn't bet)
Seat 3: HBBK25 (button) folded on the Flop
Seat 4: Ace's Dudes (small blind) folded before Flop
Seat 5: headbussaboy (big blind) collected ($1.55)
Seat 6: garrymdp folded before Flop (didn't bet)
Seat 7: Brat_at_UofC folded before Flop (didn't bet)
Seat 8: Alameda22 folded before Flop (didn't bet)
Seat 9: Ra-DBR folded before Flop (didn't bet)



PokerStars Game #19838140736:  Hold'em No Limit ($0.10/$0.25) - 2008/08/23 - 14:08:38 (ET)
Table 'Echo III' 9-max Seat #4 is the button
Seat 1: semja ($68.20 in chips) 
Seat 2: aDeepDiver77 ($24.55 in chips) 
Seat 3: HBBK25 ($13.95 in chips) 
Seat 4: Ace's Dudes ($26.75 in chips) 
Seat 5: headbussaboy ($27.10 in chips) 
Seat 6: garrymdp ($5.65 in chips) 
Seat 7: Brat_at_UofC ($41.75 in chips) 
Seat 8: Alameda22 ($25.90 in chips) 
Seat 9: Ra-DBR ($4.65 in chips) 
headbussaboy: posts small blind $0.10
garrymdp: posts big blind $0.25
*** HOLE CARDS ***
Dealt to Alameda22 [5s 4d]
Brat_at_UofC: folds 
Alameda22: folds 
Ra-DBR: folds 
semja: raises $0.75 to $1
aDeepDiver77: folds 
HBBK25: folds 
Ace's Dudes: folds 
headbussaboy: folds 
garrymdp: folds 
Uncalled bet ($0.75) returned to semja
semja collected $0.60 from pot
semja: doesn't show hand 
*** SUMMARY ***
Total pot $0.60 | Rake $0 
Seat 1: semja collected ($0.60)
Seat 2: aDeepDiver77 folded before Flop (didn't bet)
Seat 3: HBBK25 folded before Flop (didn't bet)
Seat 4: Ace's Dudes (button) folded before Flop (didn't bet)
Seat 5: headbussaboy (small blind) folded before Flop
Seat 6: garrymdp (big blind) folded before Flop
Seat 7: Brat_at_UofC folded before Flop (didn't bet)
Seat 8: Alameda22 folded before Flop (didn't bet)
Seat 9: Ra-DBR folded before Flop (didn't bet)



PokerStars Game #19838152373:  Hold'em No Limit ($0.10/$0.25) - 2008/08/23 - 14:09:09 (ET)
Table 'Echo III' 9-max Seat #5 is the button
Seat 1: semja ($68.55 in chips) 
Seat 2: aDeepDiver77 ($24.55 in chips) 
Seat 3: HBBK25 ($13.95 in chips) 
Seat 4: Ace's Dudes ($26.75 in chips) 
Seat 5: headbussaboy ($27 in chips) 
Seat 6: garrymdp ($5.40 in chips) 
Seat 7: Brat_at_UofC ($41.75 in chips) 
Seat 8: Alameda22 ($25.90 in chips) 
Seat 9: Ra-DBR ($4.65 in chips) 
garrymdp: posts small blind $0.10
Brat_at_UofC: posts big blind $0.25
*** HOLE CARDS ***
Dealt to Alameda22 [Qd Ah]
Alameda22: raises $0.50 to $0.75
Ra-DBR: folds 
semja: folds 
aDeepDiver77: folds 
HBBK25: folds 
Ace's Dudes: folds 
headbussaboy: calls $0.75
garrymdp: folds 
Brat_at_UofC: folds 
*** FLOP *** [Ac 8d 5s]
Alameda22: bets $1.25
headbussaboy: calls $1.25
*** TURN *** [Ac 8d 5s] [3h]
Alameda22: bets $3
headbussaboy: calls $3
*** RIVER *** [Ac 8d 5s 3h] [8h]
Alameda22: bets $6.50
headbussaboy: folds 
Uncalled bet ($6.50) returned to Alameda22
Alameda22 collected $9.85 from pot
Alameda22: doesn't show hand 
*** SUMMARY ***
Total pot $10.35 | Rake $0.50 
Board [Ac 8d 5s 3h 8h]
Seat 1: semja folded before Flop (didn't bet)
Seat 2: aDeepDiver77 folded before Flop (didn't bet)
Seat 3: HBBK25 folded before Flop (didn't bet)
Seat 4: Ace's Dudes folded before Flop (didn't bet)
Seat 5: headbussaboy (button) folded on the River
Seat 6: garrymdp (small blind) folded before Flop
Seat 7: Brat_at_UofC (big blind) folded before Flop
Seat 8: Alameda22 collected ($9.85)
Seat 9: Ra-DBR folded before Flop (didn't bet)



PokerStars Game #19838179743:  Hold'em No Limit ($0.10/$0.25) - 2008/08/23 - 14:10:21 (ET)
Table 'Echo III' 9-max Seat #6 is the button
Seat 1: semja ($68.55 in chips) 
Seat 2: aDeepDiver77 ($24.55 in chips) 
Seat 3: HBBK25 ($13.95 in chips) 
Seat 4: Ace's Dudes ($26.75 in chips) 
Seat 5: headbussaboy ($22 in chips) 
Seat 6: garrymdp ($5.30 in chips) 
Seat 7: Brat_at_UofC ($41.50 in chips) 
Seat 8: Alameda22 ($30.75 in chips) 
Seat 9: Ra-DBR ($4.65 in chips) 
Brat_at_UofC: posts small blind $0.10
Alameda22: posts big blind $0.25
*** HOLE CARDS ***
Dealt to Alameda22 [8s As]
Ra-DBR: folds 
semja: folds 
aDeepDiver77: folds 
HBBK25: raises $0.50 to $0.75
Ace's Dudes: folds 
headbussaboy: folds 
garrymdp: folds 
Brat_at_UofC: folds 
Alameda22: folds 
Uncalled bet ($0.50) returned to HBBK25
HBBK25 collected $0.60 from pot
HBBK25: doesn't show hand 
*** SUMMARY ***
Total pot $0.60 | Rake $0 
Seat 1: semja folded before Flop (didn't bet)
Seat 2: aDeepDiver77 folded before Flop (didn't bet)
Seat 3: HBBK25 collected ($0.60)
Seat 4: Ace's Dudes folded before Flop (didn't bet)
Seat 5: headbussaboy folded before Flop (didn't bet)
Seat 6: garrymdp (button) folded before Flop (didn't bet)
Seat 7: Brat_at_UofC (small blind) folded before Flop
Seat 8: Alameda22 (big blind) folded before Flop
Seat 9: Ra-DBR folded before Flop (didn't bet)



PokerStars Game #19838197506:  Hold'em No Limit ($0.10/$0.25) - 2008/08/23 - 14:11:07 (ET)
Table 'Echo III' 9-max Seat #7 is the button
Seat 1: semja ($68.55 in chips) 
Seat 2: aDeepDiver77 ($24.55 in chips) 
Seat 3: HBBK25 ($14.30 in chips) 
Seat 4: Ace's Dudes ($26.75 in chips) 
Seat 5: headbussaboy ($22 in chips) 
Seat 6: garrymdp ($5.30 in chips) 
Seat 7: Brat_at_UofC ($41.40 in chips) 
Seat 8: Alameda22 ($30.50 in chips) 
Seat 9: Ra-DBR ($4.65 in chips) 
Alameda22: posts small blind $0.10
Ra-DBR: posts big blind $0.25
*** HOLE CARDS ***
Dealt to Alameda22 [Qs 3d]
semja: folds 
aDeepDiver77: folds 
HBBK25: folds 
Ace's Dudes: folds 
headbussaboy: folds 
garrymdp: folds 
Brat_at_UofC: folds 
Alameda22: folds 
Uncalled bet ($0.15) returned to Ra-DBR
Ra-DBR collected $0.20 from pot
Ra-DBR: doesn't show hand 
*** SUMMARY ***
Total pot $0.20 | Rake $0 
Seat 1: semja folded before Flop (didn't bet)
Seat 2: aDeepDiver77 folded before Flop (didn't bet)
Seat 3: HBBK25 folded before Flop (didn't bet)
Seat 4: Ace's Dudes folded before Flop (didn't bet)
Seat 5: headbussaboy folded before Flop (didn't bet)
Seat 6: garrymdp folded before Flop (didn't bet)
Seat 7: Brat_at_UofC (button) folded before Flop (didn't bet)
Seat 8: Alameda22 (small blind) folded before Flop
Seat 9: Ra-DBR (big blind) collected ($0.20)



PokerStars Game #19838211359:  Hold'em No Limit ($0.10/$0.25) - 2008/08/23 - 14:11:44 (ET)
Table 'Echo III' 9-max Seat #8 is the button
Seat 1: semja ($68.55 in chips) 
Seat 2: aDeepDiver77 ($24.55 in chips) 
Seat 3: HBBK25 ($14.30 in chips) 
Seat 4: Ace's Dudes ($26.75 in chips) 
Seat 5: headbussaboy ($22 in chips) 
Seat 6: garrymdp ($5.30 in chips) 
Seat 7: Brat_at_UofC ($41.40 in chips) 
Seat 8: Alameda22 ($30.40 in chips) 
Seat 9: Ra-DBR ($4.75 in chips) 
Ra-DBR: posts small blind $0.10
semja: posts big blind $0.25
*** HOLE CARDS ***
Dealt to Alameda22 [6c Jh]
aDeepDiver77: folds 
HBBK25: folds 
Ace's Dudes: folds 
headbussaboy: folds 
garrymdp: folds 
Brat_at_UofC: folds 
Alameda22: folds 
Ra-DBR: raises $0.75 to $1
semja: folds 
Uncalled bet ($0.75) returned to Ra-DBR
Ra-DBR collected $0.50 from pot
Ra-DBR: doesn't show hand 
*** SUMMARY ***
Total pot $0.50 | Rake $0 
Seat 1: semja (big blind) folded before Flop
Seat 2: aDeepDiver77 folded before Flop (didn't bet)
Seat 3: HBBK25 folded before Flop (didn't bet)
Seat 4: Ace's Dudes folded before Flop (didn't bet)
Seat 5: headbussaboy folded before Flop (didn't bet)
Seat 6: garrymdp folded before Flop (didn't bet)
Seat 7: Brat_at_UofC folded before Flop (didn't bet)
Seat 8: Alameda22 (button) folded before Flop (didn't bet)
Seat 9: Ra-DBR (small blind) collected ($0.50)



PokerStars Game #19838225145:  Hold'em No Limit ($0.10/$0.25) - 2008/08/23 - 14:12:20 (ET)
Table 'Echo III' 9-max Seat #9 is the button
Seat 1: semja ($68.30 in chips) 
Seat 2: aDeepDiver77 ($24.55 in chips) 
Seat 3: HBBK25 ($14.30 in chips) 
Seat 4: Ace's Dudes ($26.75 in chips) 
Seat 5: headbussaboy ($22 in chips) 
Seat 6: garrymdp ($5.30 in chips) 
Seat 7: Brat_at_UofC ($41.40 in chips) 
Seat 8: Alameda22 ($30.40 in chips) 
Seat 9: Ra-DBR ($5 in chips) 
semja: posts small blind $0.10
aDeepDiver77: posts big blind $0.25
*** HOLE CARDS ***
Dealt to Alameda22 [Kc 8h]
HBBK25: folds 
Ace's Dudes: folds 
headbussaboy: folds 
garrymdp: folds 
Brat_at_UofC: folds 
Alameda22: folds 
Ra-DBR: folds 
semja: calls $0.15
aDeepDiver77: checks 
*** FLOP *** [6d 5h 2h]
semja: checks 
aDeepDiver77: bets $0.50
semja: calls $0.50
*** TURN *** [6d 5h 2h] [7d]
semja: checks 
aDeepDiver77: bets $1
semja: raises $2 to $3
aDeepDiver77: folds 
Uncalled bet ($2) returned to semja
semja collected $3.35 from pot
semja: doesn't show hand 
*** SUMMARY ***
Total pot $3.50 | Rake $0.15 
Board [6d 5h 2h 7d]
Seat 1: semja (small blind) collected ($3.35)
Seat 2: aDeepDiver77 (big blind) folded on the Turn
Seat 3: HBBK25 folded before Flop (didn't bet)
Seat 4: Ace's Dudes folded before Flop (didn't bet)
Seat 5: headbussaboy folded before Flop (didn't bet)
Seat 6: garrymdp folded before Flop (didn't bet)
Seat 7: Brat_at_UofC folded before Flop (didn't bet)
Seat 8: Alameda22 folded before Flop (didn't bet)
Seat 9: Ra-DBR (button) folded before Flop (didn't bet)



PokerStars Game #19838277563:  Hold'em No Limit ($0.10/$0.25) - 2008/08/23 - 14:14:38 (ET)
Table 'Echo III' 9-max Seat #1 is the button
Seat 1: semja ($69.90 in chips) 
Seat 2: aDeepDiver77 ($22.80 in chips) 
Seat 3: HBBK25 ($14.30 in chips) 
Seat 4: Ace's Dudes ($26.75 in chips) 
Seat 5: headbussaboy ($22 in chips) 
Seat 6: garrymdp ($5.30 in chips) 
Seat 7: Brat_at_UofC ($41.40 in chips) 
Seat 8: Alameda22 ($30.40 in chips) 
Seat 9: Ra-DBR ($5 in chips) 
aDeepDiver77: posts small blind $0.10
HBBK25: posts big blind $0.25
*** HOLE CARDS ***
Dealt to Alameda22 [Kc 4s]
Ace's Dudes: folds 
headbussaboy: calls $0.25
garrymdp: folds 
Brat_at_UofC: folds 
Alameda22: folds 
Ra-DBR: folds 
semja: folds 
aDeepDiver77: calls $0.15
HBBK25: checks 
*** FLOP *** [5s 2d Qh]
aDeepDiver77: checks 
HBBK25: checks 
headbussaboy: checks 
*** TURN *** [5s 2d Qh] [Ks]
aDeepDiver77: checks 
HBBK25: checks 
headbussaboy: checks 
*** RIVER *** [5s 2d Qh Ks] [As]
aDeepDiver77: checks 
HBBK25: checks 
headbussaboy: bets $0.50
aDeepDiver77: folds 
HBBK25: folds 
Uncalled bet ($0.50) returned to headbussaboy
headbussaboy collected $0.75 from pot
*** SUMMARY ***
Total pot $0.75 | Rake $0 
Board [5s 2d Qh Ks As]
Seat 1: semja (button) folded before Flop (didn't bet)
Seat 2: aDeepDiver77 (small blind) folded on the River
Seat 3: HBBK25 (big blind) folded on the River
Seat 4: Ace's Dudes folded before Flop (didn't bet)
Seat 5: headbussaboy collected ($0.75)
Seat 6: garrymdp folded before Flop (didn't bet)
Seat 7: Brat_at_UofC folded before Flop (didn't bet)
Seat 8: Alameda22 folded before Flop (didn't bet)
Seat 9: Ra-DBR folded before Flop (didn't bet)



PokerStars Game #19838314555:  Hold'em No Limit ($0.10/$0.25) - 2008/08/23 - 14:16:13 (ET)
Table 'Echo III' 9-max Seat #2 is the button
Seat 1: semja ($69.90 in chips) 
Seat 2: aDeepDiver77 ($22.55 in chips) 
Seat 3: HBBK25 ($14.05 in chips) 
Seat 4: Ace's Dudes ($26.75 in chips) 
Seat 5: headbussaboy ($22.50 in chips) 
Seat 6: garrymdp ($5.30 in chips) 
Seat 7: Brat_at_UofC ($41.40 in chips) 
Seat 8: Alameda22 ($30.40 in chips) 
Seat 9: Ra-DBR ($5 in chips) 
HBBK25: posts small blind $0.10
Ace's Dudes: posts big blind $0.25
*** HOLE CARDS ***
Dealt to Alameda22 [6s 3d]
headbussaboy: folds 
garrymdp: folds 
Brat_at_UofC: folds 
Alameda22: folds 
Ra-DBR: folds 
semja: calls $0.25
aDeepDiver77: calls $0.25
HBBK25: folds 
Ace's Dudes: checks 
*** FLOP *** [3s Ks 9s]
Ace's Dudes: checks 
semja: bets $0.50
aDeepDiver77: folds 
Ace's Dudes: folds 
Uncalled bet ($0.50) returned to semja
semja collected $0.85 from pot
semja: doesn't show hand 
*** SUMMARY ***
Total pot $0.85 | Rake $0 
Board [3s Ks 9s]
Seat 1: semja collected ($0.85)
Seat 2: aDeepDiver77 (button) folded on the Flop
Seat 3: HBBK25 (small blind) folded before Flop
Seat 4: Ace's Dudes (big blind) folded on the Flop
Seat 5: headbussaboy folded before Flop (didn't bet)
Seat 6: garrymdp folded before Flop (didn't bet)
Seat 7: Brat_at_UofC folded before Flop (didn't bet)
Seat 8: Alameda22 folded before Flop (didn't bet)
Seat 9: Ra-DBR folded before Flop (didn't bet)



PokerStars Game #19838336484:  Hold'em No Limit ($0.10/$0.25) - 2008/08/23 - 14:17:10 (ET)
Table 'Echo III' 9-max Seat #3 is the button
Seat 1: semja ($70.50 in chips) 
Seat 2: aDeepDiver77 ($22.30 in chips) 
Seat 3: HBBK25 ($13.95 in chips) 
Seat 4: Ace's Dudes ($26.50 in chips) 
Seat 5: headbussaboy ($22.50 in chips) 
Seat 6: garrymdp ($5.30 in chips) 
Seat 7: Brat_at_UofC ($41.40 in chips) 
Seat 8: Alameda22 ($30.40 in chips) 
Seat 9: Ra-DBR ($5 in chips) 
Ace's Dudes: posts small blind $0.10
headbussaboy: posts big blind $0.25
*** HOLE CARDS ***
Dealt to Alameda22 [5c 9h]
garrymdp: folds 
Brat_at_UofC: calls $0.25
Alameda22: folds 
Ra-DBR: folds 
semja: folds 
aDeepDiver77: calls $0.25
HBBK25: folds 
Ace's Dudes: calls $0.15
headbussaboy: checks 
*** FLOP *** [2c 3s 3h]
Ace's Dudes: checks 
headbussaboy: checks 
Brat_at_UofC: checks 
aDeepDiver77: checks 
*** TURN *** [2c 3s 3h] [Ad]
Ace's Dudes: checks 
headbussaboy: bets $0.75
Brat_at_UofC: folds 
aDeepDiver77: calls $0.75
Ace's Dudes: folds 
*** RIVER *** [2c 3s 3h Ad] [Jd]
headbussaboy: checks 
aDeepDiver77: bets $1.50
headbussaboy: calls $1.50
*** SHOW DOWN ***
aDeepDiver77: shows [9d As] (two pair, Aces and Threes)
headbussaboy: shows [Ah 9s] (two pair, Aces and Threes)
headbussaboy collected $2.65 from pot
aDeepDiver77 collected $2.60 from pot
*** SUMMARY ***
Total pot $5.50 | Rake $0.25 
Board [2c 3s 3h Ad Jd]
Seat 1: semja folded before Flop (didn't bet)
Seat 2: aDeepDiver77 showed [9d As] and won ($2.60) with two pair, Aces and Threes
Seat 3: HBBK25 (button) folded before Flop (didn't bet)
Seat 4: Ace's Dudes (small blind) folded on the Turn
Seat 5: headbussaboy (big blind) showed [Ah 9s] and won ($2.65) with two pair, Aces and Threes
Seat 6: garrymdp folded before Flop (didn't bet)
Seat 7: Brat_at_UofC folded on the Turn
Seat 8: Alameda22 folded before Flop (didn't bet)
Seat 9: Ra-DBR folded before Flop (didn't bet)



PokerStars Game #19838377094:  Hold'em No Limit ($0.10/$0.25) - 2008/08/23 - 14:18:56 (ET)
Table 'Echo III' 9-max Seat #4 is the button
Seat 1: semja ($70.50 in chips) 
Seat 2: aDeepDiver77 ($22.40 in chips) 
Seat 3: HBBK25 ($13.95 in chips) 
Seat 4: Ace's Dudes ($26.25 in chips) 
Seat 5: headbussaboy ($22.65 in chips) 
Seat 6: garrymdp ($5.30 in chips) 
Seat 7: Brat_at_UofC ($41.15 in chips) 
Seat 8: Alameda22 ($30.40 in chips) 
Seat 9: Ra-DBR ($5 in chips) 
headbussaboy: posts small blind $0.10
garrymdp: posts big blind $0.25
*** HOLE CARDS ***
Dealt to Alameda22 [Ts 6h]
Brat_at_UofC: folds 
Alameda22: folds 
Ra-DBR: folds 
semja: folds 
aDeepDiver77: folds 
HBBK25: folds 
Ace's Dudes: raises $0.50 to $0.75
headbussaboy: folds 
garrymdp: folds 
Uncalled bet ($0.50) returned to Ace's Dudes
Ace's Dudes collected $0.60 from pot
Ace's Dudes: doesn't show hand 
*** SUMMARY ***
Total pot $0.60 | Rake $0 
Seat 1: semja folded before Flop (didn't bet)
Seat 2: aDeepDiver77 folded before Flop (didn't bet)
Seat 3: HBBK25 folded before Flop (didn't bet)
Seat 4: Ace's Dudes (button) collected ($0.60)
Seat 5: headbussaboy (small blind) folded before Flop
Seat 6: garrymdp (big blind) folded before Flop
Seat 7: Brat_at_UofC folded before Flop (didn't bet)
Seat 8: Alameda22 folded before Flop (didn't bet)
Seat 9: Ra-DBR folded before Flop (didn't bet)



PokerStars Game #19838399740:  Hold'em No Limit ($0.10/$0.25) - 2008/08/23 - 14:19:55 (ET)
Table 'Echo III' 9-max Seat #5 is the button
Seat 1: semja ($70.50 in chips) 
Seat 2: aDeepDiver77 ($22.40 in chips) 
Seat 3: HBBK25 ($13.95 in chips) 
Seat 4: Ace's Dudes ($26.60 in chips) 
Seat 5: headbussaboy ($22.55 in chips) 
Seat 6: garrymdp ($5.05 in chips) 
Seat 7: Brat_at_UofC ($41.15 in chips) 
Seat 8: Alameda22 ($30.40 in chips) 
Seat 9: Ra-DBR ($5 in chips) 
garrymdp: posts small blind $0.10
Brat_at_UofC: posts big blind $0.25
*** HOLE CARDS ***
Dealt to Alameda22 [Th 9s]
Alameda22: folds 
Ra-DBR: folds 
semja: calls $0.25
aDeepDiver77: calls $0.25
HBBK25: folds 
Ace's Dudes: folds 
headbussaboy: folds 
garrymdp: folds 
Brat_at_UofC: checks 
*** FLOP *** [Js 5d Ks]
Brat_at_UofC: checks 
semja: checks 
aDeepDiver77: checks 
*** TURN *** [Js 5d Ks] [4d]
Brat_at_UofC: checks 
semja: checks 
aDeepDiver77: checks 
*** RIVER *** [Js 5d Ks 4d] [Ac]
Brat_at_UofC: checks 
semja: folds 
aDeepDiver77: checks 
*** SHOW DOWN ***
Brat_at_UofC: shows [4s 3d] (a pair of Fours)
aDeepDiver77: mucks hand 
Brat_at_UofC collected $0.85 from pot
*** SUMMARY ***
Total pot $0.85 | Rake $0 
Board [Js 5d Ks 4d Ac]
Seat 1: semja folded on the River
Seat 2: aDeepDiver77 mucked [2s 2d]
Seat 3: HBBK25 folded before Flop (didn't bet)
Seat 4: Ace's Dudes folded before Flop (didn't bet)
Seat 5: headbussaboy (button) folded before Flop (didn't bet)
Seat 6: garrymdp (small blind) folded before Flop
Seat 7: Brat_at_UofC (big blind) showed [4s 3d] and won ($0.85) with a pair of Fours
Seat 8: Alameda22 folded before Flop (didn't bet)
Seat 9: Ra-DBR folded before Flop (didn't bet)



PokerStars Game #19838429780:  Hold'em No Limit ($0.10/$0.25) - 2008/08/23 - 14:21:13 (ET)
Table 'Echo III' 9-max Seat #6 is the button
Seat 1: semja ($70.25 in chips) 
Seat 2: aDeepDiver77 ($22.15 in chips) 
Seat 3: HBBK25 ($13.95 in chips) 
Seat 4: Ace's Dudes ($26.60 in chips) 
Seat 5: headbussaboy ($22.55 in chips) 
Seat 6: garrymdp ($4.95 in chips) 
Seat 7: Brat_at_UofC ($41.75 in chips) 
Seat 8: Alameda22 ($30.40 in chips) 
Seat 9: Ra-DBR ($5 in chips) 
Brat_at_UofC: posts small blind $0.10
Alameda22: posts big blind $0.25
*** HOLE CARDS ***
Dealt to Alameda22 [Ah 4d]
Ra-DBR: folds 
semja: folds 
aDeepDiver77: folds 
HBBK25: folds 
Ace's Dudes: folds 
headbussaboy: folds 
garrymdp: folds 
Brat_at_UofC: folds 
Uncalled bet ($0.15) returned to Alameda22
Alameda22 collected $0.20 from pot
Alameda22: doesn't show hand 
*** SUMMARY ***
Total pot $0.20 | Rake $0 
Seat 1: semja folded before Flop (didn't bet)
Seat 2: aDeepDiver77 folded before Flop (didn't bet)
Seat 3: HBBK25 folded before Flop (didn't bet)
Seat 4: Ace's Dudes folded before Flop (didn't bet)
Seat 5: headbussaboy folded before Flop (didn't bet)
Seat 6: garrymdp (button) folded before Flop (didn't bet)
Seat 7: Brat_at_UofC (small blind) folded before Flop
Seat 8: Alameda22 (big blind) collected ($0.20)
Seat 9: Ra-DBR folded before Flop (didn't bet)



PokerStars Game #19838438425:  Hold'em No Limit ($0.10/$0.25) - 2008/08/23 - 14:21:36 (ET)
Table 'Echo III' 9-max Seat #7 is the button
Seat 1: semja ($70.25 in chips) 
Seat 2: aDeepDiver77 ($22.15 in chips) 
Seat 3: HBBK25 ($13.95 in chips) 
Seat 4: Ace's Dudes ($26.60 in chips) 
Seat 5: headbussaboy ($22.55 in chips) 
Seat 6: garrymdp ($4.95 in chips) 
Seat 7: Brat_at_UofC ($41.65 in chips) 
Seat 8: Alameda22 ($30.50 in chips) 
Seat 9: Ra-DBR ($5 in chips) 
Alameda22: posts small blind $0.10
Ra-DBR: posts big blind $0.25
*** HOLE CARDS ***
Dealt to Alameda22 [Jh Ac]
semja: folds 
aDeepDiver77: calls $0.25
HBBK25: folds 
Ace's Dudes: folds 
headbussaboy: raises $0.50 to $0.75
garrymdp: folds 
Brat_at_UofC: folds 
Alameda22: calls $0.65
Ra-DBR: folds 
aDeepDiver77: calls $0.50
*** FLOP *** [7s 4s Ad]
Alameda22: bets $1.75
aDeepDiver77: folds 
headbussaboy: calls $1.75
*** TURN *** [7s 4s Ad] [8d]
Alameda22: checks 
headbussaboy: bets $4
Alameda22: calls $4
*** RIVER *** [7s 4s Ad 8d] [2s]
Alameda22: checks 
headbussaboy: checks 
*** SHOW DOWN ***
Alameda22: shows [Jh Ac] (a pair of Aces)
headbussaboy: shows [8h Ah] (two pair, Aces and Eights)
headbussaboy collected $13.35 from pot
*** SUMMARY ***
Total pot $14 | Rake $0.65 
Board [7s 4s Ad 8d 2s]
Seat 1: semja folded before Flop (didn't bet)
Seat 2: aDeepDiver77 folded on the Flop
Seat 3: HBBK25 folded before Flop (didn't bet)
Seat 4: Ace's Dudes folded before Flop (didn't bet)
Seat 5: headbussaboy showed [8h Ah] and won ($13.35) with two pair, Aces and Eights
Seat 6: garrymdp folded before Flop (didn't bet)
Seat 7: Brat_at_UofC (button) folded before Flop (didn't bet)
Seat 8: Alameda22 (small blind) showed [Jh Ac] and lost with a pair of Aces
Seat 9: Ra-DBR (big blind) folded before Flop



PokerStars Game #19838480605:  Hold'em No Limit ($0.10/$0.25) - 2008/08/23 - 14:23:26 (ET)
Table 'Echo III' 9-max Seat #8 is the button
Seat 1: semja ($70.25 in chips) 
Seat 2: aDeepDiver77 ($21.40 in chips) 
Seat 3: HBBK25 ($13.95 in chips) 
Seat 4: Ace's Dudes ($26.60 in chips) 
Seat 5: headbussaboy ($29.40 in chips) 
Seat 6: garrymdp ($4.95 in chips) 
Seat 7: Brat_at_UofC ($41.65 in chips) 
Seat 8: Alameda22 ($24 in chips) 
Seat 9: Ra-DBR ($4.75 in chips) 
Ra-DBR: posts small blind $0.10
semja: posts big blind $0.25
*** HOLE CARDS ***
Dealt to Alameda22 [8c Js]
aDeepDiver77: folds 
HBBK25: folds 
Ace's Dudes: folds 
headbussaboy: folds 
garrymdp: folds 
Brat_at_UofC: folds 
Alameda22: folds 
Ra-DBR: folds 
Uncalled bet ($0.15) returned to semja
semja collected $0.20 from pot
semja: doesn't show hand 
*** SUMMARY ***
Total pot $0.20 | Rake $0 
Seat 1: semja (big blind) collected ($0.20)
Seat 2: aDeepDiver77 folded before Flop (didn't bet)
Seat 3: HBBK25 folded before Flop (didn't bet)
Seat 4: Ace's Dudes folded before Flop (didn't bet)
Seat 5: headbussaboy folded before Flop (didn't bet)
Seat 6: garrymdp folded before Flop (didn't bet)
Seat 7: Brat_at_UofC folded before Flop (didn't bet)
Seat 8: Alameda22 (button) folded before Flop (didn't bet)
Seat 9: Ra-DBR (small blind) folded before Flop



PokerStars Game #19838495797:  Hold'em No Limit ($0.10/$0.25) - 2008/08/23 - 14:24:05 (ET)
Table 'Echo III' 9-max Seat #9 is the button
Seat 1: semja ($70.35 in chips) 
Seat 2: aDeepDiver77 ($21.40 in chips) 
Seat 3: HBBK25 ($13.95 in chips) 
Seat 4: Ace's Dudes ($26.60 in chips) 
Seat 5: headbussaboy ($29.40 in chips) 
Seat 6: garrymdp ($4.95 in chips) 
Seat 7: Brat_at_UofC ($41.65 in chips) 
Seat 8: Alameda22 ($24 in chips) 
Seat 9: Ra-DBR ($4.65 in chips) 
semja: posts small blind $0.10
aDeepDiver77: posts big blind $0.25
*** HOLE CARDS ***
Dealt to Alameda22 [5s 4c]
HBBK25: folds 
Ace's Dudes: folds 
headbussaboy: raises $0.75 to $1
garrymdp: folds 
Brat_at_UofC: folds 
Alameda22: folds 
Ra-DBR: folds 
semja: folds 
aDeepDiver77: calls $0.75
*** FLOP *** [Kd 6s Qd]
aDeepDiver77: checks 
headbussaboy: bets $1.60
aDeepDiver77: raises $3.40 to $5
headbussaboy: calls $3.40
*** TURN *** [Kd 6s Qd] [2d]
aDeepDiver77: checks 
headbussaboy: checks 
*** RIVER *** [Kd 6s Qd 2d] [7d]
aDeepDiver77: bets $2
headbussaboy: raises $7 to $9
aDeepDiver77: folds 
Uncalled bet ($7) returned to headbussaboy
headbussaboy collected $15.35 from pot
*** SUMMARY ***
Total pot $16.10 | Rake $0.75 
Board [Kd 6s Qd 2d 7d]
Seat 1: semja (small blind) folded before Flop
Seat 2: aDeepDiver77 (big blind) folded on the River
Seat 3: HBBK25 folded before Flop (didn't bet)
Seat 4: Ace's Dudes folded before Flop (didn't bet)
Seat 5: headbussaboy collected ($15.35)
Seat 6: garrymdp folded before Flop (didn't bet)
Seat 7: Brat_at_UofC folded before Flop (didn't bet)
Seat 8: Alameda22 folded before Flop (didn't bet)
Seat 9: Ra-DBR (button) folded before Flop (didn't bet)



PokerStars Game #19838545977:  Hold'em No Limit ($0.10/$0.25) - 2008/08/23 - 14:26:15 (ET)
Table 'Echo III' 9-max Seat #1 is the button
Seat 1: semja ($70.25 in chips) 
Seat 2: aDeepDiver77 ($13.40 in chips) 
Seat 3: HBBK25 ($13.95 in chips) 
Seat 4: Ace's Dudes ($26.60 in chips) 
Seat 5: headbussaboy ($36.75 in chips) 
Seat 6: garrymdp ($4.95 in chips) 
Seat 7: Brat_at_UofC ($41.65 in chips) 
Seat 8: Alameda22 ($24 in chips) 
Seat 9: Ra-DBR ($4.65 in chips) 
aDeepDiver77: posts small blind $0.10
HBBK25: posts big blind $0.25
*** HOLE CARDS ***
Dealt to Alameda22 [Qd Js]
Ace's Dudes: calls $0.25
headbussaboy: folds 
garrymdp: folds 
Brat_at_UofC: folds 
Alameda22: folds 
Ra-DBR: folds 
semja: raises $0.75 to $1
aDeepDiver77: folds 
HBBK25: folds 
Ace's Dudes: calls $0.75
*** FLOP *** [Jc Qs 3d]
Ace's Dudes: checks 
semja: checks 
*** TURN *** [Jc Qs 3d] [3c]
Ace's Dudes: bets $0.75
semja: calls $0.75
*** RIVER *** [Jc Qs 3d 3c] [5d]
Ace's Dudes: bets $0.75
semja: folds 
Uncalled bet ($0.75) returned to Ace's Dudes
Ace's Dudes collected $3.70 from pot
Ace's Dudes: doesn't show hand 
*** SUMMARY ***
Total pot $3.85 | Rake $0.15 
Board [Jc Qs 3d 3c 5d]
Seat 1: semja (button) folded on the River
Seat 2: aDeepDiver77 (small blind) folded before Flop
Seat 3: HBBK25 (big blind) folded before Flop
Seat 4: Ace's Dudes collected ($3.70)
Seat 5: headbussaboy folded before Flop (didn't bet)
Seat 6: garrymdp folded before Flop (didn't bet)
Seat 7: Brat_at_UofC folded before Flop (didn't bet)
Seat 8: Alameda22 folded before Flop (didn't bet)
Seat 9: Ra-DBR folded before Flop (didn't bet)



PokerStars Game #19838567261:  Hold'em No Limit ($0.10/$0.25) - 2008/08/23 - 14:27:11 (ET)
Table 'Echo III' 9-max Seat #2 is the button
Seat 1: semja ($68.50 in chips) 
Seat 2: aDeepDiver77 ($13.30 in chips) 
Seat 3: HBBK25 ($13.70 in chips) 
Seat 4: Ace's Dudes ($28.55 in chips) 
Seat 5: headbussaboy ($36.75 in chips) 
Seat 6: garrymdp ($4.95 in chips) 
Seat 7: Brat_at_UofC ($41.65 in chips) 
Seat 8: Alameda22 ($24 in chips) 
Seat 9: Ra-DBR ($4.65 in chips) 
HBBK25: posts small blind $0.10
Ace's Dudes: posts big blind $0.25
*** HOLE CARDS ***
Dealt to Alameda22 [Ah 3c]
headbussaboy: folds 
garrymdp: folds 
Brat_at_UofC: folds 
Alameda22: folds 
Ra-DBR: folds 
semja: folds 
aDeepDiver77: folds 
HBBK25: calls $0.15
Ace's Dudes: checks 
*** FLOP *** [3s 5h Ad]
HBBK25: checks 
Ace's Dudes: checks 
*** TURN *** [3s 5h Ad] [9c]
HBBK25: checks 
Ace's Dudes: checks 
*** RIVER *** [3s 5h Ad 9c] [7s]
HBBK25: checks 
Ace's Dudes: bets $0.50
HBBK25: folds 
Uncalled bet ($0.50) returned to Ace's Dudes
Ace's Dudes collected $0.50 from pot
Ace's Dudes: doesn't show hand 
*** SUMMARY ***
Total pot $0.50 | Rake $0 
Board [3s 5h Ad 9c 7s]
Seat 1: semja folded before Flop (didn't bet)
Seat 2: aDeepDiver77 (button) folded before Flop (didn't bet)
Seat 3: HBBK25 (small blind) folded on the River
Seat 4: Ace's Dudes (big blind) collected ($0.50)
Seat 5: headbussaboy folded before Flop (didn't bet)
Seat 6: garrymdp folded before Flop (didn't bet)
Seat 7: Brat_at_UofC folded before Flop (didn't bet)
Seat 8: Alameda22 folded before Flop (didn't bet)
Seat 9: Ra-DBR folded before Flop (didn't bet)



PokerStars Game #19838593696:  Hold'em No Limit ($0.10/$0.25) - 2008/08/23 - 14:28:21 (ET)
Table 'Echo III' 9-max Seat #3 is the button
Seat 1: semja ($68.50 in chips) 
Seat 2: aDeepDiver77 ($13.30 in chips) 
Seat 3: HBBK25 ($13.45 in chips) 
Seat 4: Ace's Dudes ($28.80 in chips) 
Seat 5: headbussaboy ($36.75 in chips) 
Seat 6: garrymdp ($4.95 in chips) 
Seat 7: Brat_at_UofC ($41.65 in chips) 
Seat 8: Alameda22 ($24 in chips) 
Seat 9: Ra-DBR ($4.65 in chips) 
Ace's Dudes: posts small blind $0.10
headbussaboy: posts big blind $0.25
*** HOLE CARDS ***
Dealt to Alameda22 [Jc Jh]
garrymdp: folds 
Brat_at_UofC: folds 
Alameda22: raises $0.50 to $0.75
Ra-DBR: folds 
semja: folds 
aDeepDiver77: calls $0.75
HBBK25: folds 
garrymdp is sitting out
garrymdp leaves the table
Ace's Dudes: calls $0.65
headbussaboy: folds 
*** FLOP *** [Qd 9d Qh]
Ace's Dudes: checks 
Alameda22: bets $1.75
rafaelrrpo joins the table at seat #6 
rafaelrrpo is sitting out
aDeepDiver77: folds 
Ace's Dudes: calls $1.75
*** TURN *** [Qd 9d Qh] [8s]
Ace's Dudes: checks 
Alameda22: bets $3.75
Ace's Dudes: calls $3.75
*** RIVER *** [Qd 9d Qh 8s] [6c]
Ace's Dudes: bets $0.75
Alameda22: raises $5 to $5.75
Ace's Dudes: calls $5
*** SHOW DOWN ***
Alameda22: shows [Jc Jh] (two pair, Queens and Jacks)
Ace's Dudes: shows [Jd Qs] (three of a kind, Queens)
Ace's Dudes collected $23.80 from pot
*** SUMMARY ***
Total pot $25 | Rake $1.20 
Board [Qd 9d Qh 8s 6c]
Seat 1: semja folded before Flop (didn't bet)
Seat 2: aDeepDiver77 folded on the Flop
Seat 3: HBBK25 (button) folded before Flop (didn't bet)
Seat 4: Ace's Dudes (small blind) showed [Jd Qs] and won ($23.80) with three of a kind, Queens
Seat 5: headbussaboy (big blind) folded before Flop
Seat 6: garrymdp folded before Flop (didn't bet)
Seat 7: Brat_at_UofC folded before Flop (didn't bet)
Seat 8: Alameda22 showed [Jc Jh] and lost with two pair, Queens and Jacks
Seat 9: Ra-DBR folded before Flop (didn't bet)



PokerStars Game #19838656988:  Hold'em No Limit ($0.10/$0.25) - 2008/08/23 - 14:31:06 (ET)
Table 'Echo III' 9-max Seat #4 is the button
Seat 1: semja ($68.50 in chips) 
Seat 2: aDeepDiver77 ($12.55 in chips) 
Seat 3: HBBK25 ($13.45 in chips) 
Seat 4: Ace's Dudes ($40.60 in chips) 
Seat 5: headbussaboy ($36.50 in chips) 
Seat 7: Brat_at_UofC ($41.65 in chips) 
Seat 8: Alameda22 ($12 in chips) 
Seat 9: Ra-DBR ($4.65 in chips) 
headbussaboy: posts small blind $0.10
Brat_at_UofC: posts big blind $0.25
*** HOLE CARDS ***
Dealt to Alameda22 [7s 7d]
Alameda22: folds 
Ra-DBR: folds 
semja: raises $0.75 to $1
aDeepDiver77: raises $2 to $3
HBBK25: folds 
Ace's Dudes: folds 
headbussaboy: folds 
Brat_at_UofC: folds 
semja: folds 
Uncalled bet ($2) returned to aDeepDiver77
aDeepDiver77 collected $2.35 from pot
aDeepDiver77: doesn't show hand 
*** SUMMARY ***
Total pot $2.35 | Rake $0 
Seat 1: semja folded before Flop
Seat 2: aDeepDiver77 collected ($2.35)
Seat 3: HBBK25 folded before Flop (didn't bet)
Seat 4: Ace's Dudes (button) folded before Flop (didn't bet)
Seat 5: headbussaboy (small blind) folded before Flop
Seat 7: Brat_at_UofC (big blind) folded before Flop
Seat 8: Alameda22 folded before Flop (didn't bet)
Seat 9: Ra-DBR folded before Flop (didn't bet)



PokerStars Game #19838672846:  Hold'em No Limit ($0.10/$0.25) - 2008/08/23 - 14:31:47 (ET)
Table 'Echo III' 9-max Seat #5 is the button
Seat 1: semja ($67.50 in chips) 
Seat 2: aDeepDiver77 ($13.90 in chips) 
Seat 3: HBBK25 ($13.45 in chips) 
Seat 4: Ace's Dudes ($40.60 in chips) 
Seat 5: headbussaboy ($36.40 in chips) 
Seat 7: Brat_at_UofC ($41.40 in chips) 
Seat 8: Alameda22 ($12 in chips) 
Seat 9: Ra-DBR ($4.65 in chips) 
Brat_at_UofC: posts small blind $0.10
Alameda22: posts big blind $0.25
*** HOLE CARDS ***
Dealt to Alameda22 [6d 7d]
Ra-DBR: folds 
semja: calls $0.25
aDeepDiver77: folds 
HBBK25: folds 
Ace's Dudes: folds 
headbussaboy: folds 
Brat_at_UofC: folds 
rafaelrrpo has returned
Alameda22: checks 
*** FLOP *** [Qd Th Qh]
Alameda22: checks 
semja: checks 
*** TURN *** [Qd Th Qh] [2d]
Alameda22: checks 
semja: checks 
*** RIVER *** [Qd Th Qh 2d] [Js]
Alameda22: checks 
semja: folds 
Alameda22 collected $0.60 from pot
Alameda22: doesn't show hand 
*** SUMMARY ***
Total pot $0.60 | Rake $0 
Board [Qd Th Qh 2d Js]
Seat 1: semja folded on the River
Seat 2: aDeepDiver77 folded before Flop (didn't bet)
Seat 3: HBBK25 folded before Flop (didn't bet)
Seat 4: Ace's Dudes folded before Flop (didn't bet)
Seat 5: headbussaboy (button) folded before Flop (didn't bet)
Seat 7: Brat_at_UofC (small blind) folded before Flop
Seat 8: Alameda22 (big blind) collected ($0.60)
Seat 9: Ra-DBR folded before Flop (didn't bet)



PokerStars Game #19838695607:  Hold'em No Limit ($0.10/$0.25) - 2008/08/23 - 14:32:47 (ET)
Table 'Echo III' 9-max Seat #7 is the button
Seat 1: semja ($67.25 in chips) 
Seat 2: aDeepDiver77 ($13.90 in chips) 
Seat 3: HBBK25 ($13.45 in chips) 
Seat 4: Ace's Dudes ($40.60 in chips) 
Seat 5: headbussaboy ($36.40 in chips) 
Seat 6: rafaelrrpo ($5 in chips) 
Seat 7: Brat_at_UofC ($41.30 in chips) 
Seat 8: Alameda22 ($12.35 in chips) 
Seat 9: Ra-DBR ($4.65 in chips) 
Alameda22: posts small blind $0.10
Ra-DBR: posts big blind $0.25
rafaelrrpo: posts big blind $0.25
*** HOLE CARDS ***
Dealt to Alameda22 [Kc 8c]
semja: folds 
aDeepDiver77: folds 
HBBK25: folds 
Ace's Dudes: folds 
headbussaboy: raises $0.50 to $0.75
rafaelrrpo: folds 
Brat_at_UofC: calls $0.75
Alameda22: folds 
Ra-DBR: folds 
*** FLOP *** [4s 8d 5s]
headbussaboy: bets $1.50
Brat_at_UofC: folds 
Uncalled bet ($1.50) returned to headbussaboy
headbussaboy collected $2 from pot
headbussaboy: shows [8s 7s] (a pair of Eights)
*** SUMMARY ***
Total pot $2.10 | Rake $0.10 
Board [4s 8d 5s]
Seat 1: semja folded before Flop (didn't bet)
Seat 2: aDeepDiver77 folded before Flop (didn't bet)
Seat 3: HBBK25 folded before Flop (didn't bet)
Seat 4: Ace's Dudes folded before Flop (didn't bet)
Seat 5: headbussaboy collected ($2)
Seat 6: rafaelrrpo folded before Flop
Seat 7: Brat_at_UofC (button) folded on the Flop
Seat 8: Alameda22 (small blind) folded before Flop
Seat 9: Ra-DBR (big blind) folded before Flop



PokerStars Game #19838723956:  Hold'em No Limit ($0.10/$0.25) - 2008/08/23 - 14:34:02 (ET)
Table 'Echo III' 9-max Seat #8 is the button
Seat 1: semja ($67.25 in chips) 
Seat 2: aDeepDiver77 ($13.90 in chips) 
Seat 3: HBBK25 ($13.45 in chips) 
Seat 4: Ace's Dudes ($40.60 in chips) 
Seat 5: headbussaboy ($37.65 in chips) 
Seat 6: rafaelrrpo ($4.75 in chips) 
Seat 7: Brat_at_UofC ($40.55 in chips) 
Seat 8: Alameda22 ($12.25 in chips) 
Seat 9: Ra-DBR ($4.40 in chips) 
Ra-DBR: posts small blind $0.10
semja: posts big blind $0.25
*** HOLE CARDS ***
Dealt to Alameda22 [Qc 3d]
aDeepDiver77: raises $0.50 to $0.75
HBBK25: folds 
Ace's Dudes: calls $0.75
headbussaboy: folds 
rafaelrrpo: folds 
Brat_at_UofC: folds 
Alameda22: folds 
Ra-DBR: folds 
semja: folds 
*** FLOP *** [2c As 6d]
aDeepDiver77: checks 
Ace's Dudes: bets $0.75
aDeepDiver77: calls $0.75
*** TURN *** [2c As 6d] [3s]
aDeepDiver77: bets $1.75
Ace's Dudes: folds 
Uncalled bet ($1.75) returned to aDeepDiver77
aDeepDiver77 collected $3.20 from pot
aDeepDiver77: doesn't show hand 
*** SUMMARY ***
Total pot $3.35 | Rake $0.15 
Board [2c As 6d 3s]
Seat 1: semja (big blind) folded before Flop
Seat 2: aDeepDiver77 collected ($3.20)
Seat 3: HBBK25 folded before Flop (didn't bet)
Seat 4: Ace's Dudes folded on the Turn
Seat 5: headbussaboy folded before Flop (didn't bet)
Seat 6: rafaelrrpo folded before Flop (didn't bet)
Seat 7: Brat_at_UofC folded before Flop (didn't bet)
Seat 8: Alameda22 (button) folded before Flop (didn't bet)
Seat 9: Ra-DBR (small blind) folded before Flop



PokerStars Game #19838745030:  Hold'em No Limit ($0.10/$0.25) - 2008/08/23 - 14:34:58 (ET)
Table 'Echo III' 9-max Seat #9 is the button
Seat 1: semja ($67 in chips) 
Seat 2: aDeepDiver77 ($15.60 in chips) 
Seat 3: HBBK25 ($13.45 in chips) 
Seat 4: Ace's Dudes ($39.10 in chips) 
Seat 5: headbussaboy ($37.65 in chips) 
Seat 6: rafaelrrpo ($4.75 in chips) 
Seat 7: Brat_at_UofC ($40.55 in chips) 
Seat 8: Alameda22 ($12.25 in chips) 
Seat 9: Ra-DBR ($4.30 in chips) 
semja: posts small blind $0.10
aDeepDiver77: posts big blind $0.25
*** HOLE CARDS ***
Dealt to Alameda22 [Th 5s]
HBBK25: calls $0.25
Ace's Dudes: folds 
headbussaboy: folds 
rafaelrrpo: folds 
Brat_at_UofC: calls $0.25
Alameda22: folds 
Ra-DBR: raises $1.25 to $1.50
semja: folds 
aDeepDiver77: folds 
HBBK25: calls $1.25
Brat_at_UofC: folds 
*** FLOP *** [9h 3d 8h]
HBBK25: checks 
Ra-DBR: bets $2.80 and is all-in
HBBK25: folds 
Uncalled bet ($2.80) returned to Ra-DBR
Ra-DBR collected $3.45 from pot
Ra-DBR: doesn't show hand 
*** SUMMARY ***
Total pot $3.60 | Rake $0.15 
Board [9h 3d 8h]
Seat 1: semja (small blind) folded before Flop
Seat 2: aDeepDiver77 (big blind) folded before Flop
Seat 3: HBBK25 folded on the Flop
Seat 4: Ace's Dudes folded before Flop (didn't bet)
Seat 5: headbussaboy folded before Flop (didn't bet)
Seat 6: rafaelrrpo folded before Flop (didn't bet)
Seat 7: Brat_at_UofC folded before Flop
Seat 8: Alameda22 folded before Flop (didn't bet)
Seat 9: Ra-DBR (button) collected ($3.45)



PokerStars Game #19838767310:  Hold'em No Limit ($0.10/$0.25) - 2008/08/23 - 14:35:56 (ET)
Table 'Echo III' 9-max Seat #1 is the button
Seat 1: semja ($66.90 in chips) 
Seat 2: aDeepDiver77 ($15.35 in chips) 
Seat 3: HBBK25 ($11.95 in chips) 
Seat 4: Ace's Dudes ($39.10 in chips) 
Seat 5: headbussaboy ($37.65 in chips) 
Seat 6: rafaelrrpo ($4.75 in chips) 
Seat 7: Brat_at_UofC ($40.30 in chips) 
Seat 8: Alameda22 ($12.25 in chips) 
Seat 9: Ra-DBR ($6.25 in chips) 
aDeepDiver77: posts small blind $0.10
HBBK25: posts big blind $0.25
*** HOLE CARDS ***
Dealt to Alameda22 [Kc 2d]
Ace's Dudes: folds 
headbussaboy: folds 
rafaelrrpo: folds 
Brat_at_UofC: folds 
Alameda22: folds 
Ra-DBR: folds 
semja: calls $0.25
aDeepDiver77: calls $0.15
HBBK25: checks 
*** FLOP *** [Ac 5c Kd]
aDeepDiver77: bets $0.25
HBBK25: folds 
semja: folds 
Uncalled bet ($0.25) returned to aDeepDiver77
aDeepDiver77 collected $0.75 from pot
aDeepDiver77: doesn't show hand 
*** SUMMARY ***
Total pot $0.75 | Rake $0 
Board [Ac 5c Kd]
Seat 1: semja (button) folded on the Flop
Seat 2: aDeepDiver77 (small blind) collected ($0.75)
Seat 3: HBBK25 (big blind) folded on the Flop
Seat 4: Ace's Dudes folded before Flop (didn't bet)
Seat 5: headbussaboy folded before Flop (didn't bet)
Seat 6: rafaelrrpo folded before Flop (didn't bet)
Seat 7: Brat_at_UofC folded before Flop (didn't bet)
Seat 8: Alameda22 folded before Flop (didn't bet)
Seat 9: Ra-DBR folded before Flop (didn't bet)



PokerStars Game #19838788686:  Hold'em No Limit ($0.10/$0.25) - 2008/08/23 - 14:36:54 (ET)
Table 'Echo III' 9-max Seat #2 is the button
Seat 1: semja ($66.65 in chips) 
Seat 2: aDeepDiver77 ($15.85 in chips) 
Seat 3: HBBK25 ($11.70 in chips) 
Seat 4: Ace's Dudes ($39.10 in chips) 
Seat 5: headbussaboy ($37.65 in chips) 
Seat 6: rafaelrrpo ($4.75 in chips) 
Seat 7: Brat_at_UofC ($40.30 in chips) 
Seat 8: Alameda22 ($12.25 in chips) 
Seat 9: Ra-DBR ($6.25 in chips) 
HBBK25: posts small blind $0.10
Ace's Dudes: posts big blind $0.25
*** HOLE CARDS ***
Dealt to Alameda22 [4c 3c]
headbussaboy: folds 
rafaelrrpo: folds 
Brat_at_UofC: folds 
Alameda22: folds 
Ra-DBR: folds 
semja: folds 
aDeepDiver77: folds 
HBBK25: calls $0.15
Ace's Dudes: raises $0.75 to $1
HBBK25: calls $0.75
*** FLOP *** [9c Jc 8c]
HBBK25: checks 
Ace's Dudes: bets $2.75
HBBK25: folds 
Uncalled bet ($2.75) returned to Ace's Dudes
Ace's Dudes collected $1.90 from pot
Ace's Dudes: doesn't show hand 
*** SUMMARY ***
Total pot $2 | Rake $0.10 
Board [9c Jc 8c]
Seat 1: semja folded before Flop (didn't bet)
Seat 2: aDeepDiver77 (button) folded before Flop (didn't bet)
Seat 3: HBBK25 (small blind) folded on the Flop
Seat 4: Ace's Dudes (big blind) collected ($1.90)
Seat 5: headbussaboy folded before Flop (didn't bet)
Seat 6: rafaelrrpo folded before Flop (didn't bet)
Seat 7: Brat_at_UofC folded before Flop (didn't bet)
Seat 8: Alameda22 folded before Flop (didn't bet)
Seat 9: Ra-DBR folded before Flop (didn't bet)



PokerStars Game #19838812443:  Hold'em No Limit ($0.10/$0.25) - 2008/08/23 - 14:37:57 (ET)
Table 'Echo III' 9-max Seat #3 is the button
Seat 1: semja ($66.65 in chips) 
Seat 2: aDeepDiver77 ($15.85 in chips) 
Seat 3: HBBK25 ($10.70 in chips) 
Seat 4: Ace's Dudes ($40 in chips) 
Seat 5: headbussaboy ($37.65 in chips) 
Seat 6: rafaelrrpo ($4.75 in chips) 
Seat 7: Brat_at_UofC ($40.30 in chips) 
Seat 8: Alameda22 ($12.25 in chips) 
Seat 9: Ra-DBR ($6.25 in chips) 
Ace's Dudes: posts small blind $0.10
headbussaboy: posts big blind $0.25
*** HOLE CARDS ***
Dealt to Alameda22 [5h 8s]
rafaelrrpo: folds 
Brat_at_UofC: folds 
Alameda22: folds 
Ra-DBR: folds 
semja: folds 
aDeepDiver77: raises $0.50 to $0.75
HBBK25: folds 
Ace's Dudes: calls $0.65
headbussaboy: folds 
*** FLOP *** [8d 2s 5c]
Ace's Dudes: bets $0.75
aDeepDiver77: calls $0.75
*** TURN *** [8d 2s 5c] [3s]
Ace's Dudes: bets $2.75
aDeepDiver77: folds 
Uncalled bet ($2.75) returned to Ace's Dudes
Ace's Dudes collected $3.10 from pot
Ace's Dudes: doesn't show hand 
*** SUMMARY ***
Total pot $3.25 | Rake $0.15 
Board [8d 2s 5c 3s]
Seat 1: semja folded before Flop (didn't bet)
Seat 2: aDeepDiver77 folded on the Turn
Seat 3: HBBK25 (button) folded before Flop (didn't bet)
Seat 4: Ace's Dudes (small blind) collected ($3.10)
Seat 5: headbussaboy (big blind) folded before Flop
Seat 6: rafaelrrpo folded before Flop (didn't bet)
Seat 7: Brat_at_UofC folded before Flop (didn't bet)
Seat 8: Alameda22 folded before Flop (didn't bet)
Seat 9: Ra-DBR folded before Flop (didn't bet)



PokerStars Game #19838840113:  Hold'em No Limit ($0.10/$0.25) - 2008/08/23 - 14:39:11 (ET)
Table 'Echo III' 9-max Seat #4 is the button
Seat 1: semja ($66.65 in chips) 
Seat 2: aDeepDiver77 ($14.35 in chips) 
Seat 3: HBBK25 ($10.70 in chips) 
Seat 4: Ace's Dudes ($41.60 in chips) 
Seat 5: headbussaboy ($37.40 in chips) 
Seat 6: rafaelrrpo ($4.75 in chips) 
Seat 7: Brat_at_UofC ($40.30 in chips) 
Seat 8: Alameda22 ($12.25 in chips) 
Seat 9: Ra-DBR ($6.25 in chips) 
headbussaboy: posts small blind $0.10
rafaelrrpo: posts big blind $0.25
*** HOLE CARDS ***
Dealt to Alameda22 [8s 3s]
Brat_at_UofC: folds 
Alameda22: folds 
Ra-DBR: folds 
semja: calls $0.25
aDeepDiver77: folds 
HBBK25: raises $0.75 to $1
Ace's Dudes: calls $1
headbussaboy: folds 
rafaelrrpo: folds 
semja: calls $0.75
*** FLOP *** [7c Jc 4s]
semja: checks 
HBBK25: bets $2
Ace's Dudes: raises $2 to $4
semja: folds 
HBBK25: raises $5.70 to $9.70 and is all-in
Ace's Dudes: calls $5.70
*** TURN *** [7c Jc 4s] [5h]
*** RIVER *** [7c Jc 4s 5h] [3h]
*** SHOW DOWN ***
HBBK25: shows [Ac As] (a pair of Aces)
Ace's Dudes: mucks hand 
Ace's Dudes said, "nh"
HBBK25 collected $21.65 from pot
*** SUMMARY ***
Total pot $22.75 | Rake $1.10 
Board [7c Jc 4s 5h 3h]
Seat 1: semja folded on the Flop
Seat 2: aDeepDiver77 folded before Flop (didn't bet)
Seat 3: HBBK25 showed [Ac As] and won ($21.65) with a pair of Aces
Seat 4: Ace's Dudes (button) mucked [Qs Qc]
Seat 5: headbussaboy (small blind) folded before Flop
Seat 6: rafaelrrpo (big blind) folded before Flop
Seat 7: Brat_at_UofC folded before Flop (didn't bet)
Seat 8: Alameda22 folded before Flop (didn't bet)
Seat 9: Ra-DBR folded before Flop (didn't bet)



PokerStars Game #19838874502:  Hold'em No Limit ($0.10/$0.25) - 2008/08/23 - 14:40:41 (ET)
Table 'Echo III' 9-max Seat #5 is the button
Seat 1: semja ($65.65 in chips) 
Seat 2: aDeepDiver77 ($14.35 in chips) 
Seat 3: HBBK25 ($21.65 in chips) 
Seat 4: Ace's Dudes ($30.90 in chips) 
Seat 5: headbussaboy ($37.30 in chips) 
Seat 6: rafaelrrpo ($4.50 in chips) 
Seat 7: Brat_at_UofC ($40.30 in chips) 
Seat 8: Alameda22 ($12.25 in chips) 
Seat 9: Ra-DBR ($6.25 in chips) 
rafaelrrpo: posts small blind $0.10
Brat_at_UofC: posts big blind $0.25
*** HOLE CARDS ***
Dealt to Alameda22 [7s Qd]
Alameda22: folds 
Ra-DBR: folds 
semja: folds 
aDeepDiver77: folds 
HBBK25: folds 
Ace's Dudes: folds 
headbussaboy: folds 
rafaelrrpo: raises $0.75 to $1
Brat_at_UofC: calls $0.75
*** FLOP *** [4c Kh Td]
rafaelrrpo: bets $1.50
Brat_at_UofC: folds 
Uncalled bet ($1.50) returned to rafaelrrpo
rafaelrrpo collected $1.90 from pot
rafaelrrpo: doesn't show hand 
*** SUMMARY ***
Total pot $2 | Rake $0.10 
Board [4c Kh Td]
Seat 1: semja folded before Flop (didn't bet)
Seat 2: aDeepDiver77 folded before Flop (didn't bet)
Seat 3: HBBK25 folded before Flop (didn't bet)
Seat 4: Ace's Dudes folded before Flop (didn't bet)
Seat 5: headbussaboy (button) folded before Flop (didn't bet)
Seat 6: rafaelrrpo (small blind) collected ($1.90)
Seat 7: Brat_at_UofC (big blind) folded on the Flop
Seat 8: Alameda22 folded before Flop (didn't bet)
Seat 9: Ra-DBR folded before Flop (didn't bet)



PokerStars Game #19838892117:  Hold'em No Limit ($0.10/$0.25) - 2008/08/23 - 14:41:26 (ET)
Table 'Echo III' 9-max Seat #6 is the button
Seat 1: semja ($65.65 in chips) 
Seat 2: aDeepDiver77 ($14.35 in chips) 
Seat 3: HBBK25 ($21.65 in chips) 
Seat 4: Ace's Dudes ($30.90 in chips) 
Seat 5: headbussaboy ($37.30 in chips) 
Seat 6: rafaelrrpo ($5.40 in chips) 
Seat 7: Brat_at_UofC ($39.30 in chips) 
Seat 8: Alameda22 ($12.25 in chips) 
Seat 9: Ra-DBR ($6.25 in chips) 
Brat_at_UofC: posts small blind $0.10
Alameda22: posts big blind $0.25
*** HOLE CARDS ***
Dealt to Alameda22 [5h Qs]
Ra-DBR: folds 
semja: folds 
aDeepDiver77: raises $0.75 to $1
semja is sitting out
HBBK25: calls $1
Ace's Dudes: folds 
headbussaboy: calls $1
rafaelrrpo: folds 
Brat_at_UofC: folds 
Alameda22: folds 
*** FLOP *** [2s 3s As]
aDeepDiver77: bets $0.75
HBBK25: calls $0.75
headbussaboy: calls $0.75
*** TURN *** [2s 3s As] [Th]
aDeepDiver77: bets $0.75
HBBK25: calls $0.75
headbussaboy: calls $0.75
*** RIVER *** [2s 3s As Th] [8c]
aDeepDiver77: bets $0.75
HBBK25: calls $0.75
headbussaboy: folds 
*** SHOW DOWN ***
aDeepDiver77: shows [Qh Ah] (a pair of Aces)
HBBK25: mucks hand 
aDeepDiver77 collected $8.90 from pot
*** SUMMARY ***
Total pot $9.35 | Rake $0.45 
Board [2s 3s As Th 8c]
Seat 1: semja folded before Flop (didn't bet)
Seat 2: aDeepDiver77 showed [Qh Ah] and won ($8.90) with a pair of Aces
Seat 3: HBBK25 mucked [Ad 6d]
Seat 4: Ace's Dudes folded before Flop (didn't bet)
Seat 5: headbussaboy folded on the River
Seat 6: rafaelrrpo (button) folded before Flop (didn't bet)
Seat 7: Brat_at_UofC (small blind) folded before Flop
Seat 8: Alameda22 (big blind) folded before Flop
Seat 9: Ra-DBR folded before Flop (didn't bet)



PokerStars Game #19838926230:  Hold'em No Limit ($0.10/$0.25) - 2008/08/23 - 14:42:55 (ET)
Table 'Echo III' 9-max Seat #7 is the button
Seat 2: aDeepDiver77 ($20 in chips) 
Seat 3: HBBK25 ($18.40 in chips) 
Seat 4: Ace's Dudes ($30.90 in chips) 
Seat 5: headbussaboy ($34.80 in chips) 
Seat 6: rafaelrrpo ($5.40 in chips) 
Seat 7: Brat_at_UofC ($39.20 in chips) 
Seat 8: Alameda22 ($12 in chips) 
Alameda22: posts small blind $0.10
Ra-DBR: is sitting out 
aDeepDiver77: posts big blind $0.25
*** HOLE CARDS ***
Dealt to Alameda22 [2d 4s]
HBBK25: calls $0.25
Ace's Dudes: folds 
Ra-DBR leaves the table
headbussaboy: folds 
rafaelrrpo: folds 
Brat_at_UofC: folds 
Alameda22: folds 
aDeepDiver77: checks 
*** FLOP *** [9c Jd 5c]
aDeepDiver77: bets $0.25
HBBK25: folds 
Uncalled bet ($0.25) returned to aDeepDiver77
aDeepDiver77 collected $0.60 from pot
aDeepDiver77: doesn't show hand 
*** SUMMARY ***
Total pot $0.60 | Rake $0 
Board [9c Jd 5c]
Seat 2: aDeepDiver77 (big blind) collected ($0.60)
Seat 3: HBBK25 folded on the Flop
Seat 4: Ace's Dudes folded before Flop (didn't bet)
Seat 5: headbussaboy folded before Flop (didn't bet)
Seat 6: rafaelrrpo folded before Flop (didn't bet)
Seat 7: Brat_at_UofC (button) folded before Flop (didn't bet)
Seat 8: Alameda22 (small blind) folded before Flop



PokerStars Game #19838958983:  Hold'em No Limit ($0.10/$0.25) - 2008/08/23 - 14:44:20 (ET)
Table 'Echo III' 9-max Seat #8 is the button
Seat 2: aDeepDiver77 ($20.35 in chips) 
Seat 3: HBBK25 ($18.15 in chips) 
Seat 4: Ace's Dudes ($30.90 in chips) 
Seat 5: headbussaboy ($34.80 in chips) 
Seat 6: rafaelrrpo ($5.40 in chips) 
Seat 7: Brat_at_UofC ($39.20 in chips) 
Seat 8: Alameda22 ($11.90 in chips) 
aDeepDiver77: posts small blind $0.10
HBBK25: posts big blind $0.25
*** HOLE CARDS ***
Dealt to Alameda22 [6s Ts]
Ace's Dudes: folds 
headbussaboy: folds 
hurley412 joins the table at seat #9 
rafaelrrpo: folds 
Brat_at_UofC: raises $0.75 to $1
Alameda22: folds 
aDeepDiver77: folds 
HBBK25: calls $0.75
*** FLOP *** [8c 2d 8s]
HBBK25: checks 
Brat_at_UofC: checks 
*** TURN *** [8c 2d 8s] [Td]
HBBK25: checks 
Brat_at_UofC: bets $1.25
HBBK25: raises $2.75 to $4
Brat_at_UofC: folds 
Uncalled bet ($2.75) returned to HBBK25
HBBK25 collected $4.40 from pot
HBBK25: doesn't show hand 
*** SUMMARY ***
Total pot $4.60 | Rake $0.20 
Board [8c 2d 8s Td]
Seat 2: aDeepDiver77 (small blind) folded before Flop
Seat 3: HBBK25 (big blind) collected ($4.40)
Seat 4: Ace's Dudes folded before Flop (didn't bet)
Seat 5: headbussaboy folded before Flop (didn't bet)
Seat 6: rafaelrrpo folded before Flop (didn't bet)
Seat 7: Brat_at_UofC folded on the Turn
Seat 8: Alameda22 (button) folded before Flop (didn't bet)



PokerStars Game #19838981788:  Hold'em No Limit ($0.10/$0.25) - 2008/08/23 - 14:45:19 (ET)
Table 'Echo III' 9-max Seat #2 is the button
Seat 2: aDeepDiver77 ($20.25 in chips) 
Seat 3: HBBK25 ($20.30 in chips) 
Seat 4: Ace's Dudes ($30.90 in chips) 
Seat 5: headbussaboy ($34.80 in chips) 
Seat 6: rafaelrrpo ($5.40 in chips) 
Seat 7: Brat_at_UofC ($36.95 in chips) 
Seat 8: Alameda22 ($11.90 in chips) 
HBBK25: posts small blind $0.10
Ace's Dudes: posts big blind $0.25
hurley412: sits out 
*** HOLE CARDS ***
Dealt to Alameda22 [8d Kc]
headbussaboy: folds 
rafaelrrpo: folds 
Brat_at_UofC: folds 
Alameda22: folds 
aDeepDiver77: folds 
HBBK25: folds 
Uncalled bet ($0.15) returned to Ace's Dudes
Ace's Dudes collected $0.20 from pot
*** SUMMARY ***
Total pot $0.20 | Rake $0 
Seat 2: aDeepDiver77 (button) folded before Flop (didn't bet)
Seat 3: HBBK25 (small blind) folded before Flop
Seat 4: Ace's Dudes (big blind) collected ($0.20)
Seat 5: headbussaboy folded before Flop (didn't bet)
Seat 6: rafaelrrpo folded before Flop (didn't bet)
Seat 7: Brat_at_UofC folded before Flop (didn't bet)
Seat 8: Alameda22 folded before Flop (didn't bet)



PokerStars Game #19838992789:  Hold'em No Limit ($0.10/$0.25) - 2008/08/23 - 14:45:47 (ET)
Table 'Echo III' 9-max Seat #3 is the button
Seat 2: aDeepDiver77 ($20.25 in chips) 
Seat 3: HBBK25 ($20.20 in chips) 
Seat 4: Ace's Dudes ($31 in chips) 
Seat 5: headbussaboy ($34.80 in chips) 
Seat 6: rafaelrrpo ($5.40 in chips) 
Seat 7: Brat_at_UofC ($36.95 in chips) 
Seat 8: Alameda22 ($11.90 in chips) 
Ace's Dudes: posts small blind $0.10
headbussaboy: posts big blind $0.25
hurley412: sits out 
*** HOLE CARDS ***
Dealt to Alameda22 [4h 5h]
rafaelrrpo: folds 
Brat_at_UofC: folds 
Alameda22: folds 
aDeepDiver77: folds 
HBBK25: folds 
Ace's Dudes: raises $0.50 to $0.75
headbussaboy: folds 
Uncalled bet ($0.50) returned to Ace's Dudes
Ace's Dudes collected $0.50 from pot
Ace's Dudes: doesn't show hand 
*** SUMMARY ***
Total pot $0.50 | Rake $0 
Seat 2: aDeepDiver77 folded before Flop (didn't bet)
Seat 3: HBBK25 (button) folded before Flop (didn't bet)
Seat 4: Ace's Dudes (small blind) collected ($0.50)
Seat 5: headbussaboy (big blind) folded before Flop
Seat 6: rafaelrrpo folded before Flop (didn't bet)
Seat 7: Brat_at_UofC folded before Flop (didn't bet)
Seat 8: Alameda22 folded before Flop (didn't bet)



PokerStars Game #19839009009:  Hold'em No Limit ($0.10/$0.25) - 2008/08/23 - 14:46:27 (ET)
Table 'Echo III' 9-max Seat #4 is the button
Seat 2: aDeepDiver77 ($20.25 in chips) 
Seat 3: HBBK25 ($20.20 in chips) 
Seat 4: Ace's Dudes ($31.25 in chips) 
Seat 5: headbussaboy ($34.55 in chips) 
Seat 6: rafaelrrpo ($5.40 in chips) 
Seat 7: Brat_at_UofC ($36.95 in chips) 
Seat 8: Alameda22 ($11.90 in chips) 
headbussaboy: posts small blind $0.10
rafaelrrpo: posts big blind $0.25
hurley412: sits out 
*** HOLE CARDS ***
Dealt to Alameda22 [5c Th]
Brat_at_UofC: folds 
Alameda22: folds 
aDeepDiver77: folds 
HBBK25: folds 
Ace's Dudes: folds 
headbussaboy: folds 
Uncalled bet ($0.15) returned to rafaelrrpo
rafaelrrpo collected $0.20 from pot
rafaelrrpo: shows [Kd Ad] (high card Ace)
*** SUMMARY ***
Total pot $0.20 | Rake $0 
Seat 2: aDeepDiver77 folded before Flop (didn't bet)
Seat 3: HBBK25 folded before Flop (didn't bet)
Seat 4: Ace's Dudes (button) folded before Flop (didn't bet)
Seat 5: headbussaboy (small blind) folded before Flop
Seat 6: rafaelrrpo (big blind) collected ($0.20)
Seat 7: Brat_at_UofC folded before Flop (didn't bet)
Seat 8: Alameda22 folded before Flop (didn't bet)



PokerStars Game #19839022543:  Hold'em No Limit ($0.10/$0.25) - 2008/08/23 - 14:47:01 (ET)
Table 'Echo III' 9-max Seat #5 is the button
Seat 2: aDeepDiver77 ($20.25 in chips) 
Seat 3: HBBK25 ($20.20 in chips) 
Seat 4: Ace's Dudes ($31.25 in chips) 
Seat 5: headbussaboy ($34.45 in chips) 
Seat 6: rafaelrrpo ($5.50 in chips) 
Seat 7: Brat_at_UofC ($36.95 in chips) 
Seat 8: Alameda22 ($11.90 in chips) 
rafaelrrpo: posts small blind $0.10
Brat_at_UofC: posts big blind $0.25
hurley412: sits out 
*** HOLE CARDS ***
Dealt to Alameda22 [Td 2s]
Alameda22: folds 
aDeepDiver77: raises $0.75 to $1
HBBK25: folds 
Ace's Dudes: folds 
headbussaboy: folds 
rafaelrrpo: folds 
Brat_at_UofC: folds 
Uncalled bet ($0.75) returned to aDeepDiver77
aDeepDiver77 collected $0.60 from pot
aDeepDiver77: doesn't show hand 
*** SUMMARY ***
Total pot $0.60 | Rake $0 
Seat 2: aDeepDiver77 collected ($0.60)
Seat 3: HBBK25 folded before Flop (didn't bet)
Seat 4: Ace's Dudes folded before Flop (didn't bet)
Seat 5: headbussaboy (button) folded before Flop (didn't bet)
Seat 6: rafaelrrpo (small blind) folded before Flop
Seat 7: Brat_at_UofC (big blind) folded before Flop
Seat 8: Alameda22 folded before Flop (didn't bet)



PokerStars Game #19839041317:  Hold'em No Limit ($0.10/$0.25) - 2008/08/23 - 14:47:48 (ET)
Table 'Echo III' 9-max Seat #6 is the button
Seat 2: aDeepDiver77 ($20.60 in chips) 
Seat 3: HBBK25 ($20.20 in chips) 
Seat 4: Ace's Dudes ($31.25 in chips) 
Seat 5: headbussaboy ($34.45 in chips) 
Seat 6: rafaelrrpo ($5.40 in chips) 
Seat 7: Brat_at_UofC ($36.70 in chips) 
Seat 8: Alameda22 ($11.90 in chips) 
Brat_at_UofC: posts small blind $0.10
Alameda22: posts big blind $0.25
hurley412: sits out 
*** HOLE CARDS ***
Dealt to Alameda22 [4s Kd]
aDeepDiver77: folds 
HBBK25: folds 
Ace's Dudes: folds 
headbussaboy: folds 
rafaelrrpo: folds 
Brat_at_UofC: calls $0.15
Alameda22: checks 
*** FLOP *** [Jd Ks 3h]
Brat_at_UofC: bets $0.35
Alameda22: calls $0.35
*** TURN *** [Jd Ks 3h] [Js]
Brat_at_UofC: checks 
Alameda22: bets $0.75
Brat_at_UofC: folds 
Uncalled bet ($0.75) returned to Alameda22
Alameda22 collected $1.15 from pot
Alameda22: doesn't show hand 
*** SUMMARY ***
Total pot $1.20 | Rake $0.05 
Board [Jd Ks 3h Js]
Seat 2: aDeepDiver77 folded before Flop (didn't bet)
Seat 3: HBBK25 folded before Flop (didn't bet)
Seat 4: Ace's Dudes folded before Flop (didn't bet)
Seat 5: headbussaboy folded before Flop (didn't bet)
Seat 6: rafaelrrpo (button) folded before Flop (didn't bet)
Seat 7: Brat_at_UofC (small blind) folded on the Turn
Seat 8: Alameda22 (big blind) collected ($1.15)



PokerStars Game #19839079306:  Hold'em No Limit ($0.10/$0.25) - 2008/08/23 - 14:49:22 (ET)
Table 'Echo III' 9-max Seat #7 is the button
Seat 2: aDeepDiver77 ($20.60 in chips) 
Seat 3: HBBK25 ($20.20 in chips) 
Seat 4: Ace's Dudes ($31.25 in chips) 
Seat 5: headbussaboy ($34.45 in chips) 
Seat 6: rafaelrrpo ($5.40 in chips) 
Seat 7: Brat_at_UofC ($36.10 in chips) 
Seat 8: Alameda22 ($12.45 in chips) 
Seat 9: hurley412 ($25 in chips) 
Alameda22: posts small blind $0.10
hurley412: posts big blind $0.25
*** HOLE CARDS ***
Dealt to Alameda22 [6c Jh]
aDeepDiver77: folds 
HBBK25: folds 
Ace's Dudes: folds 
headbussaboy: folds 
rafaelrrpo: raises $0.75 to $1
Brat_at_UofC: folds 
Alameda22: folds 
hurley412: folds 
Uncalled bet ($0.75) returned to rafaelrrpo
rafaelrrpo collected $0.60 from pot
rafaelrrpo: doesn't show hand 
*** SUMMARY ***
Total pot $0.60 | Rake $0 
Seat 2: aDeepDiver77 folded before Flop (didn't bet)
Seat 3: HBBK25 folded before Flop (didn't bet)
Seat 4: Ace's Dudes folded before Flop (didn't bet)
Seat 5: headbussaboy folded before Flop (didn't bet)
Seat 6: rafaelrrpo collected ($0.60)
Seat 7: Brat_at_UofC (button) folded before Flop (didn't bet)
Seat 8: Alameda22 (small blind) folded before Flop
Seat 9: hurley412 (big blind) folded before Flop



PokerStars Game #19839092921:  Hold'em No Limit ($0.10/$0.25) - 2008/08/23 - 14:49:56 (ET)
Table 'Echo III' 9-max Seat #8 is the button
Seat 2: aDeepDiver77 ($20.60 in chips) 
Seat 3: HBBK25 ($20.20 in chips) 
Seat 4: Ace's Dudes ($31.25 in chips) 
Seat 5: headbussaboy ($34.45 in chips) 
Seat 6: rafaelrrpo ($5.75 in chips) 
Seat 7: Brat_at_UofC ($36.10 in chips) 
Seat 8: Alameda22 ($12.35 in chips) 
Seat 9: hurley412 ($24.75 in chips) 
hurley412: posts small blind $0.10
aDeepDiver77: posts big blind $0.25
*** HOLE CARDS ***
Dealt to Alameda22 [8c 9d]
HBBK25: folds 
semja has returned
Ace's Dudes: folds 
HBBK25 is sitting out
headbussaboy: folds 
rafaelrrpo: folds 
Brat_at_UofC: folds 
HBBK25 leaves the table
Alameda22: folds 
hurley412: folds 
Uncalled bet ($0.15) returned to aDeepDiver77
aDeepDiver77 collected $0.20 from pot
aDeepDiver77: doesn't show hand 
*** SUMMARY ***
Total pot $0.20 | Rake $0 
Seat 2: aDeepDiver77 (big blind) collected ($0.20)
Seat 3: HBBK25 folded before Flop (didn't bet)
Seat 4: Ace's Dudes folded before Flop (didn't bet)
Seat 5: headbussaboy folded before Flop (didn't bet)
Seat 6: rafaelrrpo folded before Flop (didn't bet)
Seat 7: Brat_at_UofC folded before Flop (didn't bet)
Seat 8: Alameda22 (button) folded before Flop (didn't bet)
Seat 9: hurley412 (small blind) folded before Flop



PokerStars Game #19839117930:  Hold'em No Limit ($0.10/$0.25) - 2008/08/23 - 14:50:59 (ET)
Table 'Echo III' 9-max Seat #9 is the button
Seat 2: aDeepDiver77 ($20.70 in chips) 
Seat 4: Ace's Dudes ($31.25 in chips) 
Seat 5: headbussaboy ($34.45 in chips) 
Seat 6: rafaelrrpo ($5.75 in chips) 
Seat 7: Brat_at_UofC ($36.10 in chips) 
Seat 8: Alameda22 ($12.35 in chips) 
Seat 9: hurley412 ($24.65 in chips) 
semja will be allowed to play after the button
aDeepDiver77: posts small blind $0.10
Ace's Dudes: posts big blind $0.25
*** HOLE CARDS ***
Dealt to Alameda22 [Tc Kd]
headbussaboy: folds 
rafaelrrpo: folds 
Brat_at_UofC: folds 
Alameda22: folds 
hurley412: folds 
aDeepDiver77: calls $0.15
Ace's Dudes: checks 
*** FLOP *** [2d Js 8h]
aDeepDiver77: bets $0.25
Ace's Dudes: folds 
Uncalled bet ($0.25) returned to aDeepDiver77
aDeepDiver77 collected $0.50 from pot
aDeepDiver77: doesn't show hand 
*** SUMMARY ***
Total pot $0.50 | Rake $0 
Board [2d Js 8h]
Seat 2: aDeepDiver77 (small blind) collected ($0.50)
Seat 4: Ace's Dudes (big blind) folded on the Flop
Seat 5: headbussaboy folded before Flop (didn't bet)
Seat 6: rafaelrrpo folded before Flop (didn't bet)
Seat 7: Brat_at_UofC folded before Flop (didn't bet)
Seat 8: Alameda22 folded before Flop (didn't bet)
Seat 9: hurley412 (button) folded before Flop (didn't bet)



PokerStars Game #19839134955:  Hold'em No Limit ($0.10/$0.25) - 2008/08/23 - 14:51:42 (ET)
Table 'Echo III' 9-max Seat #2 is the button
Seat 1: semja ($65.65 in chips) 
Seat 2: aDeepDiver77 ($20.95 in chips) 
Seat 4: Ace's Dudes ($31 in chips) 
Seat 5: headbussaboy ($34.45 in chips) 
Seat 6: rafaelrrpo ($5.75 in chips) 
Seat 7: Brat_at_UofC ($36.10 in chips) 
Seat 8: Alameda22 ($12.35 in chips) 
Seat 9: hurley412 ($24.65 in chips) 
Ace's Dudes: posts small blind $0.10
headbussaboy: posts big blind $0.25
semja: posts small & big blinds $0.35
*** HOLE CARDS ***
Dealt to Alameda22 [Qd 5d]
rafaelrrpo: folds 
Brat_at_UofC: folds 
Alameda22: folds 
hurley412: calls $0.25
semja: checks 
aDeepDiver77: calls $0.25
Ace's Dudes: folds 
headbussaboy: checks 
*** FLOP *** [3d Qs 8s]
headbussaboy: checks 
hurley412: bets $0.75
semja: folds 
aDeepDiver77: calls $0.75
headbussaboy: folds 
*** TURN *** [3d Qs 8s] [Qh]
hurley412: checks 
Mr.BigShoot joins the table at seat #3 
aDeepDiver77: bets $0.50
hurley412: calls $0.50
*** RIVER *** [3d Qs 8s Qh] [5c]
hurley412: checks 
aDeepDiver77: checks 
*** SHOW DOWN ***
hurley412: shows [Ts Th] (two pair, Queens and Tens)
aDeepDiver77: mucks hand 
Mr.BigShoot leaves the table
hurley412 collected $3.55 from pot
*** SUMMARY ***
Total pot $3.70 | Rake $0.15 
Board [3d Qs 8s Qh 5c]
Seat 1: semja folded on the Flop
Seat 2: aDeepDiver77 (button) mucked [4d 4c]
Seat 4: Ace's Dudes (small blind) folded before Flop
Seat 5: headbussaboy (big blind) folded on the Flop
Seat 6: rafaelrrpo folded before Flop (didn't bet)
Seat 7: Brat_at_UofC folded before Flop (didn't bet)
Seat 8: Alameda22 folded before Flop (didn't bet)
Seat 9: hurley412 showed [Ts Th] and won ($3.55) with two pair, Queens and Tens



PokerStars Game #19839161295:  Hold'em No Limit ($0.10/$0.25) - 2008/08/23 - 14:52:47 (ET)
Table 'Echo III' 9-max Seat #4 is the button
Seat 1: semja ($65.30 in chips) 
Seat 2: aDeepDiver77 ($19.45 in chips) 
Seat 4: Ace's Dudes ($30.90 in chips) 
Seat 5: headbussaboy ($34.20 in chips) 
Seat 6: rafaelrrpo ($5.75 in chips) 
Seat 7: Brat_at_UofC ($36.10 in chips) 
Seat 8: Alameda22 ($12.35 in chips) 
Seat 9: hurley412 ($26.70 in chips) 
headbussaboy: posts small blind $0.10
rafaelrrpo: posts big blind $0.25
*** HOLE CARDS ***
Dealt to Alameda22 [9c 9d]
Brat_at_UofC: folds 
Alameda22: raises $0.50 to $0.75
hurley412: folds 
semja: folds 
aDeepDiver77: folds 
Ace's Dudes: raises $0.75 to $1.50
headbussaboy: folds 
rafaelrrpo: folds 
Alameda22: calls $0.75
*** FLOP *** [2h Ah As]
Alameda22: checks 
Ace's Dudes: bets $1
Alameda22: calls $1
*** TURN *** [2h Ah As] [Th]
Alameda22: checks 
Ace's Dudes: bets $0.75
Alameda22: calls $0.75
*** RIVER *** [2h Ah As Th] [8c]
Alameda22: checks 
Ace's Dudes: checks 
*** SHOW DOWN ***
Alameda22: shows [9c 9d] (two pair, Aces and Nines)
Ace's Dudes: shows [Qd Qs] (two pair, Aces and Queens)
Ace's Dudes collected $6.55 from pot
*** SUMMARY ***
Total pot $6.85 | Rake $0.30 
Board [2h Ah As Th 8c]
Seat 1: semja folded before Flop (didn't bet)
Seat 2: aDeepDiver77 folded before Flop (didn't bet)
Seat 4: Ace's Dudes (button) showed [Qd Qs] and won ($6.55) with two pair, Aces and Queens
Seat 5: headbussaboy (small blind) folded before Flop
Seat 6: rafaelrrpo (big blind) folded before Flop
Seat 7: Brat_at_UofC folded before Flop (didn't bet)
Seat 8: Alameda22 showed [9c 9d] and lost with two pair, Aces and Nines
Seat 9: hurley412 folded before Flop (didn't bet)



PokerStars Game #19839199908:  Hold'em No Limit ($0.10/$0.25) - 2008/08/23 - 14:54:24 (ET)
Table 'Echo III' 9-max Seat #5 is the button
Seat 1: semja ($65.30 in chips) 
Seat 2: aDeepDiver77 ($19.45 in chips) 
Seat 4: Ace's Dudes ($34.20 in chips) 
Seat 5: headbussaboy ($34.10 in chips) 
Seat 6: rafaelrrpo ($5.50 in chips) 
Seat 7: Brat_at_UofC ($36.10 in chips) 
Seat 8: Alameda22 ($22.50 in chips) 
Seat 9: hurley412 ($26.70 in chips) 
rafaelrrpo: posts small blind $0.10
Brat_at_UofC: posts big blind $0.25
*** HOLE CARDS ***
Dealt to Alameda22 [Qc 3d]
Alameda22: folds 
hurley412: folds 
semja: folds 
aDeepDiver77: raises $0.50 to $0.75
Ace's Dudes: folds 
headbussaboy: folds 
rafaelrrpo: folds 
Brat_at_UofC: calls $0.50
*** FLOP *** [6c 9s 9c]
Brat_at_UofC: checks 
aDeepDiver77: bets $0.75
Brat_at_UofC: raises $1.50 to $2.25
aDeepDiver77: calls $1.50
*** TURN *** [6c 9s 9c] [Jd]
Brat_at_UofC: bets $4
aDeepDiver77: calls $4
*** RIVER *** [6c 9s 9c Jd] [5h]
Brat_at_UofC: checks 
aDeepDiver77: checks 
*** SHOW DOWN ***
Brat_at_UofC: shows [Ac 8c] (a pair of Nines)
aDeepDiver77: shows [Js Ad] (two pair, Jacks and Nines)
aDeepDiver77 collected $13.45 from pot
*** SUMMARY ***
Total pot $14.10 | Rake $0.65 
Board [6c 9s 9c Jd 5h]
Seat 1: semja folded before Flop (didn't bet)
Seat 2: aDeepDiver77 showed [Js Ad] and won ($13.45) with two pair, Jacks and Nines
Seat 4: Ace's Dudes folded before Flop (didn't bet)
Seat 5: headbussaboy (button) folded before Flop (didn't bet)
Seat 6: rafaelrrpo (small blind) folded before Flop
Seat 7: Brat_at_UofC (big blind) showed [Ac 8c] and lost with a pair of Nines
Seat 8: Alameda22 folded before Flop (didn't bet)
Seat 9: hurley412 folded before Flop (didn't bet)



PokerStars Game #19839230842:  Hold'em No Limit ($0.10/$0.25) - 2008/08/23 - 14:55:42 (ET)
Table 'Echo III' 9-max Seat #6 is the button
Seat 1: semja ($65.30 in chips) 
Seat 2: aDeepDiver77 ($25.90 in chips) 
Seat 4: Ace's Dudes ($34.20 in chips) 
Seat 5: headbussaboy ($34.10 in chips) 
Seat 6: rafaelrrpo ($5.40 in chips) 
Seat 7: Brat_at_UofC ($29.10 in chips) 
Seat 8: Alameda22 ($22.50 in chips) 
Seat 9: hurley412 ($26.70 in chips) 
Brat_at_UofC: posts small blind $0.10
Alameda22: posts big blind $0.25
*** HOLE CARDS ***
Dealt to Alameda22 [6s 2c]
hurley412: calls $0.25
semja: calls $0.25
aDeepDiver77: calls $0.25
Ace's Dudes: folds 
headbussaboy: folds 
rafaelrrpo: folds 
Brat_at_UofC: calls $0.15
Alameda22: checks 
*** FLOP *** [7c 5h Qh]
Brat_at_UofC: checks 
Alameda22: checks 
hurley412: checks 
semja: bets $0.75
Yekim joins the table at seat #3 
aDeepDiver77: folds 
Brat_at_UofC: folds 
Alameda22: folds 
hurley412: calls $0.75
*** TURN *** [7c 5h Qh] [Kd]
hurley412: checks 
semja: checks 
*** RIVER *** [7c 5h Qh Kd] [Kc]
hurley412: checks 
semja: bets $1
hurley412: folds 
Uncalled bet ($1) returned to semja
semja collected $2.65 from pot
semja: doesn't show hand 
*** SUMMARY ***
Total pot $2.75 | Rake $0.10 
Board [7c 5h Qh Kd Kc]
Seat 1: semja collected ($2.65)
Seat 2: aDeepDiver77 folded on the Flop
Seat 4: Ace's Dudes folded before Flop (didn't bet)
Seat 5: headbussaboy folded before Flop (didn't bet)
Seat 6: rafaelrrpo (button) folded before Flop (didn't bet)
Seat 7: Brat_at_UofC (small blind) folded on the Flop
Seat 8: Alameda22 (big blind) folded on the Flop
Seat 9: hurley412 folded on the River



PokerStars Game #19839261224:  Hold'em No Limit ($0.10/$0.25) - 2008/08/23 - 14:57:00 (ET)
Table 'Echo III' 9-max Seat #7 is the button
Seat 1: semja ($66.95 in chips) 
Seat 2: aDeepDiver77 ($25.65 in chips) 
Seat 3: Yekim ($25 in chips) 
Seat 4: Ace's Dudes ($34.20 in chips) 
Seat 5: headbussaboy ($34.10 in chips) 
Seat 6: rafaelrrpo ($5.40 in chips) 
Seat 7: Brat_at_UofC ($28.85 in chips) 
Seat 8: Alameda22 ($22.25 in chips) 
Alameda22: posts small blind $0.10
hurley412: is sitting out 
semja: posts big blind $0.25
hurley412 leaves the table
Yekim: posts big blind $0.25
*** HOLE CARDS ***
Dealt to Alameda22 [3d Jd]
aDeepDiver77: folds 
Yekim: raises $0.50 to $0.75
Ace's Dudes: folds 
headbussaboy: folds 
rafaelrrpo: folds 
Brat_at_UofC: calls $0.75
Alameda22: folds 
semja: calls $0.50
*** FLOP *** [Kc 4c 6c]
semja: checks 
Yekim: bets $1
Brat_at_UofC: calls $1
semja: folds 
*** TURN *** [Kc 4c 6c] [2c]
Yekim: bets $1
Brat_at_UofC: calls $1
*** RIVER *** [Kc 4c 6c 2c] [3s]
Yekim: bets $5
Brat_at_UofC: calls $5
*** SHOW DOWN ***
Yekim: shows [Ac Qd] (a flush, Ace high)
Brat_at_UofC: mucks hand 
ld788 joins the table at seat #9 
Yekim collected $15.55 from pot
Yekim leaves the table
*** SUMMARY ***
Total pot $16.35 | Rake $0.80 
Board [Kc 4c 6c 2c 3s]
Seat 1: semja (big blind) folded on the Flop
Seat 2: aDeepDiver77 folded before Flop (didn't bet)
Seat 3: Yekim showed [Ac Qd] and won ($15.55) with a flush, Ace high
Seat 4: Ace's Dudes folded before Flop (didn't bet)
Seat 5: headbussaboy folded before Flop (didn't bet)
Seat 6: rafaelrrpo folded before Flop (didn't bet)
Seat 7: Brat_at_UofC (button) mucked [Qc Ah]
Seat 8: Alameda22 (small blind) folded before Flop



PokerStars Game #19839289262:  Hold'em No Limit ($0.10/$0.25) - 2008/08/23 - 14:58:10 (ET)
Table 'Echo III' 9-max Seat #8 is the button
Seat 1: semja ($66.20 in chips) 
Seat 2: aDeepDiver77 ($25.65 in chips) 
Seat 4: Ace's Dudes ($34.20 in chips) 
Seat 5: headbussaboy ($34.10 in chips) 
Seat 6: rafaelrrpo ($5.40 in chips) 
Seat 7: Brat_at_UofC ($21.10 in chips) 
Seat 8: Alameda22 ($22.15 in chips) 
ld788 will be allowed to play after the button
semja: posts small blind $0.10
aDeepDiver77: posts big blind $0.25
*** HOLE CARDS ***
Dealt to Alameda22 [Js Ah]
Ace's Dudes: folds 
headbussaboy: folds 
Brat_at_UofC said, "urgh... just can't win"
rafaelrrpo: folds 
Brat_at_UofC: folds 
Alameda22: raises $0.50 to $0.75
semja: folds 
aDeepDiver77: folds 
Uncalled bet ($0.50) returned to Alameda22
Alameda22 collected $0.60 from pot
Alameda22: doesn't show hand 
*** SUMMARY ***
Total pot $0.60 | Rake $0 
Seat 1: semja (small blind) folded before Flop
Seat 2: aDeepDiver77 (big blind) folded before Flop
Seat 4: Ace's Dudes folded before Flop (didn't bet)
Seat 5: headbussaboy folded before Flop (didn't bet)
Seat 6: rafaelrrpo folded before Flop (didn't bet)
Seat 7: Brat_at_UofC folded before Flop (didn't bet)
Seat 8: Alameda22 (button) collected ($0.60)



PokerStars Game #19839304223:  Hold'em No Limit ($0.10/$0.25) - 2008/08/23 - 14:58:49 (ET)
Table 'Echo III' 9-max Seat #1 is the button
Seat 1: semja ($66.10 in chips) 
Seat 2: aDeepDiver77 ($25.40 in chips) 
Seat 4: Ace's Dudes ($34.20 in chips) 
Seat 5: headbussaboy ($34.10 in chips) 
Seat 6: rafaelrrpo ($5.40 in chips) 
Seat 7: Brat_at_UofC ($21.10 in chips) 
Seat 8: Alameda22 ($22.50 in chips) 
aDeepDiver77: posts small blind $0.10
Ace's Dudes: posts big blind $0.25
ld788: sits out 
*** HOLE CARDS ***
Dealt to Alameda22 [Jc 9h]
headbussaboy: folds 
rafaelrrpo: folds 
Brat_at_UofC: raises $0.75 to $1
Alameda22: folds 
semja: folds 
aDeepDiver77: folds 
Ace's Dudes: folds 
Uncalled bet ($0.75) returned to Brat_at_UofC
Brat_at_UofC collected $0.60 from pot
Brat_at_UofC: doesn't show hand 
*** SUMMARY ***
Total pot $0.60 | Rake $0 
Seat 1: semja (button) folded before Flop (didn't bet)
Seat 2: aDeepDiver77 (small blind) folded before Flop
Seat 4: Ace's Dudes (big blind) folded before Flop
Seat 5: headbussaboy folded before Flop (didn't bet)
Seat 6: rafaelrrpo folded before Flop (didn't bet)
Seat 7: Brat_at_UofC collected ($0.60)
Seat 8: Alameda22 folded before Flop (didn't bet)



PokerStars Game #19839318622:  Hold'em No Limit ($0.10/$0.25) - 2008/08/23 - 14:59:26 (ET)
Table 'Echo III' 9-max Seat #2 is the button
Seat 1: semja ($66.10 in chips) 
Seat 2: aDeepDiver77 ($25.30 in chips) 
Seat 4: Ace's Dudes ($33.95 in chips) 
Seat 5: headbussaboy ($34.10 in chips) 
Seat 6: rafaelrrpo ($5.40 in chips) 
Seat 7: Brat_at_UofC ($21.45 in chips) 
Seat 8: Alameda22 ($22.50 in chips) 
Ace's Dudes: posts small blind $0.10
headbussaboy: posts big blind $0.25
ld788: sits out 
*** HOLE CARDS ***
Dealt to Alameda22 [3h 7c]
rafaelrrpo: folds 
Brat_at_UofC: folds 
Alameda22: folds 
semja: calls $0.25
aDeepDiver77: folds 
challenge70 joins the table at seat #3 
Ace's Dudes: folds 
headbussaboy: checks 
*** FLOP *** [7h 2c 4s]
headbussaboy: checks 
semja: checks 
*** TURN *** [7h 2c 4s] [3c]
headbussaboy: checks 
semja: bets $0.25
headbussaboy: calls $0.25
*** RIVER *** [7h 2c 4s 3c] [8s]
headbussaboy: checks 
semja: bets $0.75
headbussaboy: folds 
Uncalled bet ($0.75) returned to semja
semja collected $1.05 from pot
semja: doesn't show hand 
*** SUMMARY ***
Total pot $1.10 | Rake $0.05 
Board [7h 2c 4s 3c 8s]
Seat 1: semja collected ($1.05)
Seat 2: aDeepDiver77 (button) folded before Flop (didn't bet)
Seat 4: Ace's Dudes (small blind) folded before Flop
Seat 5: headbussaboy (big blind) folded on the River
Seat 6: rafaelrrpo folded before Flop (didn't bet)
Seat 7: Brat_at_UofC folded before Flop (didn't bet)
Seat 8: Alameda22 folded before Flop (didn't bet)



PokerStars Game #19839347428:  Hold'em No Limit ($0.10/$0.25) - 2008/08/23 - 15:00:36 (ET)
Table 'Echo III' 9-max Seat #4 is the button
Seat 1: semja ($66.65 in chips) 
Seat 2: aDeepDiver77 ($25.30 in chips) 
Seat 3: challenge70 ($10 in chips) 
Seat 4: Ace's Dudes ($33.85 in chips) 
Seat 5: headbussaboy ($33.60 in chips) 
Seat 6: rafaelrrpo ($5.40 in chips) 
Seat 7: Brat_at_UofC ($21.45 in chips) 
Seat 8: Alameda22 ($22.50 in chips) 
headbussaboy: posts small blind $0.10
rafaelrrpo: posts big blind $0.25
ld788: sits out 
challenge70: posts big blind $0.25
*** HOLE CARDS ***
Dealt to Alameda22 [Jd Kc]
Brat_at_UofC: folds 
Alameda22: folds 
semja: calls $0.25
aDeepDiver77: folds 
challenge70: checks 
Ace's Dudes: calls $0.25
headbussaboy: folds 
rafaelrrpo: checks 
*** FLOP *** [5h 9c 5s]
rafaelrrpo: checks 
semja: checks 
challenge70: checks 
Ace's Dudes: checks 
*** TURN *** [5h 9c 5s] [6d]
rafaelrrpo: bets $0.70
semja: folds 
challenge70: folds 
Ace's Dudes: folds 
Uncalled bet ($0.70) returned to rafaelrrpo
rafaelrrpo collected $1.05 from pot
rafaelrrpo: doesn't show hand 
*** SUMMARY ***
Total pot $1.10 | Rake $0.05 
Board [5h 9c 5s 6d]
Seat 1: semja folded on the Turn
Seat 2: aDeepDiver77 folded before Flop (didn't bet)
Seat 3: challenge70 folded on the Turn
Seat 4: Ace's Dudes (button) folded on the Turn
Seat 5: headbussaboy (small blind) folded before Flop
Seat 6: rafaelrrpo (big blind) collected ($1.05)
Seat 7: Brat_at_UofC folded before Flop (didn't bet)
Seat 8: Alameda22 folded before Flop (didn't bet)



PokerStars Game #19839375674:  Hold'em No Limit ($0.10/$0.25) - 2008/08/23 - 15:01:43 (ET)
Table 'Echo III' 9-max Seat #5 is the button
Seat 1: semja ($66.40 in chips) 
Seat 2: aDeepDiver77 ($25.30 in chips) 
Seat 3: challenge70 ($9.75 in chips) 
Seat 4: Ace's Dudes ($33.60 in chips) 
Seat 5: headbussaboy ($33.50 in chips) 
Seat 6: rafaelrrpo ($6.20 in chips) 
Seat 7: Brat_at_UofC ($21.45 in chips) 
Seat 8: Alameda22 ($22.50 in chips) 
rafaelrrpo: posts small blind $0.10
Brat_at_UofC: posts big blind $0.25
ld788: sits out 
*** HOLE CARDS ***
Dealt to Alameda22 [2s 5c]
Alameda22: folds 
semja: calls $0.25
aDeepDiver77: folds 
challenge70: calls $0.25
Ace's Dudes: folds 
headbussaboy: folds 
rafaelrrpo: folds 
Brat_at_UofC: checks 
*** FLOP *** [Jc 6d Th]
Brat_at_UofC: checks 
semja: checks 
challenge70: checks 
*** TURN *** [Jc 6d Th] [Jd]
Brat_at_UofC: checks 
semja: bets $0.50
challenge70: folds 
Brat_at_UofC: folds 
Uncalled bet ($0.50) returned to semja
semja collected $0.85 from pot
semja: doesn't show hand 
*** SUMMARY ***
Total pot $0.85 | Rake $0 
Board [Jc 6d Th Jd]
Seat 1: semja collected ($0.85)
Seat 2: aDeepDiver77 folded before Flop (didn't bet)
Seat 3: challenge70 folded on the Turn
Seat 4: Ace's Dudes folded before Flop (didn't bet)
Seat 5: headbussaboy (button) folded before Flop (didn't bet)
Seat 6: rafaelrrpo (small blind) folded before Flop
Seat 7: Brat_at_UofC (big blind) folded on the Turn
Seat 8: Alameda22 folded before Flop (didn't bet)



PokerStars Game #19839411244:  Hold'em No Limit ($0.10/$0.25) - 2008/08/23 - 15:03:09 (ET)
Table 'Echo III' 9-max Seat #6 is the button
Seat 1: semja ($67 in chips) 
Seat 2: aDeepDiver77 ($25.30 in chips) 
Seat 3: challenge70 ($9.50 in chips) 
Seat 4: Ace's Dudes ($33.60 in chips) 
Seat 5: headbussaboy ($33.50 in chips) 
Seat 6: rafaelrrpo ($6.10 in chips) 
Seat 7: Brat_at_UofC ($21.20 in chips) 
Seat 8: Alameda22 ($22.50 in chips) 
Brat_at_UofC: posts small blind $0.10
Alameda22: posts big blind $0.25
ld788: sits out 
*** HOLE CARDS ***
Dealt to Alameda22 [7c Ts]
semja: folds 
aDeepDiver77: folds 
challenge70: folds 
Ace's Dudes: calls $0.25
headbussaboy: folds 
rafaelrrpo: folds 
Brat_at_UofC: folds 
Alameda22: checks 
*** FLOP *** [3d 5s 4d]
Alameda22: checks 
Ace's Dudes: bets $0.75
Alameda22: folds 
Uncalled bet ($0.75) returned to Ace's Dudes
Ace's Dudes collected $0.60 from pot
Ace's Dudes: doesn't show hand 
*** SUMMARY ***
Total pot $0.60 | Rake $0 
Board [3d 5s 4d]
Seat 1: semja folded before Flop (didn't bet)
Seat 2: aDeepDiver77 folded before Flop (didn't bet)
Seat 3: challenge70 folded before Flop (didn't bet)
Seat 4: Ace's Dudes collected ($0.60)
Seat 5: headbussaboy folded before Flop (didn't bet)
Seat 6: rafaelrrpo (button) folded before Flop (didn't bet)
Seat 7: Brat_at_UofC (small blind) folded before Flop
Seat 8: Alameda22 (big blind) folded on the Flop



PokerStars Game #19839428980:  Hold'em No Limit ($0.10/$0.25) - 2008/08/23 - 15:03:52 (ET)
Table 'Echo III' 9-max Seat #7 is the button
Seat 1: semja ($67 in chips) 
Seat 2: aDeepDiver77 ($25.30 in chips) 
Seat 3: challenge70 ($9.50 in chips) 
Seat 4: Ace's Dudes ($33.95 in chips) 
Seat 5: headbussaboy ($33.50 in chips) 
Seat 6: rafaelrrpo ($6.10 in chips) 
Seat 7: Brat_at_UofC ($21.10 in chips) 
Seat 8: Alameda22 ($22.25 in chips) 
Seat 9: ld788 ($25 in chips) 
Alameda22: posts small blind $0.10
ld788: posts big blind $0.25
*** HOLE CARDS ***
Dealt to Alameda22 [Ac Qh]
semja: calls $0.25
aDeepDiver77: folds 
challenge70: folds 
Ace's Dudes: folds 
headbussaboy: folds 
rafaelrrpo: folds 
Brat_at_UofC: folds 
Alameda22: raises $0.75 to $1
ld788: folds 
semja: calls $0.75
*** FLOP *** [Ks 5c 9s]
Alameda22: bets $1.50
semja: folds 
Uncalled bet ($1.50) returned to Alameda22
Alameda22 collected $2.15 from pot
Alameda22: doesn't show hand 
*** SUMMARY ***
Total pot $2.25 | Rake $0.10 
Board [Ks 5c 9s]
Seat 1: semja folded on the Flop
Seat 2: aDeepDiver77 folded before Flop (didn't bet)
Seat 3: challenge70 folded before Flop (didn't bet)
Seat 4: Ace's Dudes folded before Flop (didn't bet)
Seat 5: headbussaboy folded before Flop (didn't bet)
Seat 6: rafaelrrpo folded before Flop (didn't bet)
Seat 7: Brat_at_UofC (button) folded before Flop (didn't bet)
Seat 8: Alameda22 (small blind) collected ($2.15)
Seat 9: ld788 (big blind) folded before Flop



PokerStars Game #19839452048:  Hold'em No Limit ($0.10/$0.25) - 2008/08/23 - 15:04:47 (ET)
Table 'Echo III' 9-max Seat #8 is the button
Seat 1: semja ($66 in chips) 
Seat 2: aDeepDiver77 ($25.30 in chips) 
Seat 3: challenge70 ($9.50 in chips) 
Seat 4: Ace's Dudes ($33.95 in chips) 
Seat 5: headbussaboy ($33.50 in chips) 
Seat 6: rafaelrrpo ($6.10 in chips) 
Seat 7: Brat_at_UofC ($21.10 in chips) 
Seat 8: Alameda22 ($23.40 in chips) 
Seat 9: ld788 ($24.75 in chips) 
ld788: posts small blind $0.10
semja: posts big blind $0.25
*** HOLE CARDS ***
Dealt to Alameda22 [2h 4h]
aDeepDiver77: folds 
challenge70: folds 
Ace's Dudes: folds 
headbussaboy: folds 
rafaelrrpo: folds 
Brat_at_UofC: raises $0.75 to $1
Alameda22: folds 
ld788: folds 
semja: folds 
Uncalled bet ($0.75) returned to Brat_at_UofC
Brat_at_UofC collected $0.60 from pot
Brat_at_UofC: doesn't show hand 
*** SUMMARY ***
Total pot $0.60 | Rake $0 
Seat 1: semja (big blind) folded before Flop
Seat 2: aDeepDiver77 folded before Flop (didn't bet)
Seat 3: challenge70 folded before Flop (didn't bet)
Seat 4: Ace's Dudes folded before Flop (didn't bet)
Seat 5: headbussaboy folded before Flop (didn't bet)
Seat 6: rafaelrrpo folded before Flop (didn't bet)
Seat 7: Brat_at_UofC collected ($0.60)
Seat 8: Alameda22 (button) folded before Flop (didn't bet)
Seat 9: ld788 (small blind) folded before Flop



PokerStars Game #19839470673:  Hold'em No Limit ($0.10/$0.25) - 2008/08/23 - 15:05:32 (ET)
Table 'Echo III' 9-max Seat #9 is the button
Seat 1: semja ($65.75 in chips) 
Seat 3: challenge70 ($9.50 in chips) 
Seat 4: Ace's Dudes ($33.95 in chips) 
Seat 5: headbussaboy ($33.50 in chips) 
Seat 6: rafaelrrpo ($6.10 in chips) 
Seat 7: Brat_at_UofC ($21.45 in chips) 
Seat 8: Alameda22 ($23.40 in chips) 
Seat 9: ld788 ($24.65 in chips) 
semja: posts small blind $0.10
aDeepDiver77: is sitting out 
challenge70: posts big blind $0.25
*** HOLE CARDS ***
Dealt to Alameda22 [6d 3h]
Ace's Dudes: folds 
headbussaboy: folds 
aDeepDiver77 leaves the table
rafaelrrpo: folds 
Brat_at_UofC: folds 
Alameda22: folds 
mikedugan joins the table at seat #2 
ld788: raises $0.75 to $1
semja: folds 
challenge70: folds 
Uncalled bet ($0.75) returned to ld788
ld788 collected $0.60 from pot
*** SUMMARY ***
Total pot $0.60 | Rake $0 
Seat 1: semja (small blind) folded before Flop
Seat 3: challenge70 (big blind) folded before Flop
Seat 4: Ace's Dudes folded before Flop (didn't bet)
Seat 5: headbussaboy folded before Flop (didn't bet)
Seat 6: rafaelrrpo folded before Flop (didn't bet)
Seat 7: Brat_at_UofC folded before Flop (didn't bet)
Seat 8: Alameda22 folded before Flop (didn't bet)
Seat 9: ld788 (button) collected ($0.60)



PokerStars Game #19839495287:  Hold'em No Limit ($0.10/$0.25) - 2008/08/23 - 15:06:32 (ET)
Table 'Echo III' 9-max Seat #1 is the button
Seat 1: semja ($65.65 in chips) 
Seat 3: challenge70 ($9.25 in chips) 
Seat 4: Ace's Dudes ($33.95 in chips) 
Seat 5: headbussaboy ($33.50 in chips) 
Seat 6: rafaelrrpo ($6.10 in chips) 
Seat 7: Brat_at_UofC ($21.45 in chips) 
Seat 8: Alameda22 ($23.40 in chips) 
Seat 9: ld788 ($25 in chips) 
mikedugan will be allowed to play after the button
challenge70: posts small blind $0.10
Ace's Dudes: posts big blind $0.25
*** HOLE CARDS ***
Dealt to Alameda22 [Qd 3s]
headbussaboy: folds 
rafaelrrpo: folds 
Brat_at_UofC: folds 
Alameda22: folds 
ld788: folds 
semja: folds 
challenge70: calls $0.15
Ace's Dudes: raises $0.50 to $0.75
challenge70: calls $0.50
*** FLOP *** [Th 4c 4d]
challenge70: checks 
Ace's Dudes: bets $1
challenge70: calls $1
*** TURN *** [Th 4c 4d] [9s]
challenge70: checks 
Ace's Dudes: bets $3
challenge70: folds 
Uncalled bet ($3) returned to Ace's Dudes
Ace's Dudes collected $3.35 from pot
Ace's Dudes: doesn't show hand 
*** SUMMARY ***
Total pot $3.50 | Rake $0.15 
Board [Th 4c 4d 9s]
Seat 1: semja (button) folded before Flop (didn't bet)
Seat 3: challenge70 (small blind) folded on the Turn
Seat 4: Ace's Dudes (big blind) collected ($3.35)
Seat 5: headbussaboy folded before Flop (didn't bet)
Seat 6: rafaelrrpo folded before Flop (didn't bet)
Seat 7: Brat_at_UofC folded before Flop (didn't bet)
Seat 8: Alameda22 folded before Flop (didn't bet)
Seat 9: ld788 folded before Flop (didn't bet)



PokerStars Game #19839519094:  Hold'em No Limit ($0.10/$0.25) - 2008/08/23 - 15:07:30 (ET)
Table 'Echo III' 9-max Seat #3 is the button
Seat 1: semja ($65.65 in chips) 
Seat 3: challenge70 ($7.50 in chips) 
Seat 4: Ace's Dudes ($35.55 in chips) 
Seat 5: headbussaboy ($33.50 in chips) 
Seat 6: rafaelrrpo ($6.10 in chips) 
Seat 7: Brat_at_UofC ($21.45 in chips) 
Seat 8: Alameda22 ($23.40 in chips) 
Seat 9: ld788 ($25 in chips) 
Ace's Dudes: posts small blind $0.10
headbussaboy: posts big blind $0.25
mikedugan: sits out 
*** HOLE CARDS ***
Dealt to Alameda22 [8s 5s]
rafaelrrpo: folds 
Brat_at_UofC: folds 
Alameda22: folds 
ld788: folds 
semja: folds 
semja is sitting out
challenge70: folds 
Ace's Dudes: folds 
Uncalled bet ($0.15) returned to headbussaboy
headbussaboy collected $0.20 from pot
*** SUMMARY ***
Total pot $0.20 | Rake $0 
Seat 1: semja folded before Flop (didn't bet)
Seat 3: challenge70 (button) folded before Flop (didn't bet)
Seat 4: Ace's Dudes (small blind) folded before Flop
Seat 5: headbussaboy (big blind) collected ($0.20)
Seat 6: rafaelrrpo folded before Flop (didn't bet)
Seat 7: Brat_at_UofC folded before Flop (didn't bet)
Seat 8: Alameda22 folded before Flop (didn't bet)
Seat 9: ld788 folded before Flop (didn't bet)



PokerStars Game #19839532173:  Hold'em No Limit ($0.10/$0.25) - 2008/08/23 - 15:08:02 (ET)
Table 'Echo III' 9-max Seat #4 is the button
Seat 3: challenge70 ($7.50 in chips) 
Seat 4: Ace's Dudes ($35.45 in chips) 
Seat 5: headbussaboy ($33.60 in chips) 
Seat 6: rafaelrrpo ($6.10 in chips) 
Seat 7: Brat_at_UofC ($21.45 in chips) 
Seat 8: Alameda22 ($23.40 in chips) 
Seat 9: ld788 ($25 in chips) 
headbussaboy: posts small blind $0.10
rafaelrrpo: posts big blind $0.25
mikedugan: sits out 
*** HOLE CARDS ***
Dealt to Alameda22 [6d 5d]
Brat_at_UofC: folds 
Alameda22: folds 
ld788: folds 
challenge70: folds 
Ace's Dudes: folds 
headbussaboy: folds 
Uncalled bet ($0.15) returned to rafaelrrpo
rafaelrrpo collected $0.20 from pot
*** SUMMARY ***
Total pot $0.20 | Rake $0 
Seat 3: challenge70 folded before Flop (didn't bet)
Seat 4: Ace's Dudes (button) folded before Flop (didn't bet)
Seat 5: headbussaboy (small blind) folded before Flop
Seat 6: rafaelrrpo (big blind) collected ($0.20)
Seat 7: Brat_at_UofC folded before Flop (didn't bet)
Seat 8: Alameda22 folded before Flop (didn't bet)
Seat 9: ld788 folded before Flop (didn't bet)



PokerStars Game #19839545892:  Hold'em No Limit ($0.10/$0.25) - 2008/08/23 - 15:08:35 (ET)
Table 'Echo III' 9-max Seat #5 is the button
Seat 3: challenge70 ($7.50 in chips) 
Seat 4: Ace's Dudes ($35.45 in chips) 
Seat 5: headbussaboy ($33.50 in chips) 
Seat 6: rafaelrrpo ($6.20 in chips) 
Seat 7: Brat_at_UofC ($21.45 in chips) 
Seat 8: Alameda22 ($23.40 in chips) 
Seat 9: ld788 ($25 in chips) 
rafaelrrpo: posts small blind $0.10
Brat_at_UofC: posts big blind $0.25
mikedugan: sits out 
*** HOLE CARDS ***
Dealt to Alameda22 [Ks 2h]
Alameda22: folds 
ld788: folds 
challenge70: folds 
Ace's Dudes: raises $0.50 to $0.75
headbussaboy: folds 
rafaelrrpo: folds 
Brat_at_UofC: raises $1.50 to $2.25
Ace's Dudes: calls $1.50
*** FLOP *** [7h Ts 3c]
Brat_at_UofC: bets $3.25
Ace's Dudes: folds 
Uncalled bet ($3.25) returned to Brat_at_UofC
Brat_at_UofC collected $4.40 from pot
Brat_at_UofC: doesn't show hand 
*** SUMMARY ***
Total pot $4.60 | Rake $0.20 
Board [7h Ts 3c]
Seat 3: challenge70 folded before Flop (didn't bet)
Seat 4: Ace's Dudes folded on the Flop
Seat 5: headbussaboy (button) folded before Flop (didn't bet)
Seat 6: rafaelrrpo (small blind) folded before Flop
Seat 7: Brat_at_UofC (big blind) collected ($4.40)
Seat 8: Alameda22 folded before Flop (didn't bet)
Seat 9: ld788 folded before Flop (didn't bet)



PokerStars Game #19839565583:  Hold'em No Limit ($0.10/$0.25) - 2008/08/23 - 15:09:23 (ET)
Table 'Echo III' 9-max Seat #6 is the button
Seat 3: challenge70 ($7.50 in chips) 
Seat 4: Ace's Dudes ($33.20 in chips) 
Seat 5: headbussaboy ($33.50 in chips) 
Seat 6: rafaelrrpo ($6.10 in chips) 
Seat 7: Brat_at_UofC ($23.60 in chips) 
Seat 8: Alameda22 ($23.40 in chips) 
Seat 9: ld788 ($25 in chips) 
Brat_at_UofC: posts small blind $0.10
Alameda22: posts big blind $0.25
mikedugan: sits out 
*** HOLE CARDS ***
Dealt to Alameda22 [4c 4d]
ld788: folds 
challenge70: folds 
Ace's Dudes: folds 
headbussaboy: folds 
rafaelrrpo: folds 
Brat_at_UofC: folds 
Uncalled bet ($0.15) returned to Alameda22
Alameda22 collected $0.20 from pot
Alameda22: doesn't show hand 
*** SUMMARY ***
Total pot $0.20 | Rake $0 
Seat 3: challenge70 folded before Flop (didn't bet)
Seat 4: Ace's Dudes folded before Flop (didn't bet)
Seat 5: headbussaboy folded before Flop (didn't bet)
Seat 6: rafaelrrpo (button) folded before Flop (didn't bet)
Seat 7: Brat_at_UofC (small blind) folded before Flop
Seat 8: Alameda22 (big blind) collected ($0.20)
Seat 9: ld788 folded before Flop (didn't bet)



PokerStars Game #19839578664:  Hold'em No Limit ($0.10/$0.25) - 2008/08/23 - 15:09:52 (ET)
Table 'Echo III' 9-max Seat #7 is the button
Seat 3: challenge70 ($7.50 in chips) 
Seat 4: Ace's Dudes ($33.20 in chips) 
Seat 5: headbussaboy ($33.50 in chips) 
Seat 6: rafaelrrpo ($6.10 in chips) 
Seat 7: Brat_at_UofC ($23.50 in chips) 
Seat 8: Alameda22 ($23.50 in chips) 
Seat 9: ld788 ($25 in chips) 
Alameda22: posts small blind $0.10
ld788: posts big blind $0.25
mikedugan: sits out 
*** HOLE CARDS ***
Dealt to Alameda22 [5h Ts]
challenge70: folds 
Ace's Dudes: folds 
headbussaboy: folds 
rafaelrrpo: folds 
Brat_at_UofC: raises $0.75 to $1
Alameda22: folds 
ld788: folds 
Uncalled bet ($0.75) returned to Brat_at_UofC
Brat_at_UofC collected $0.60 from pot
Brat_at_UofC: doesn't show hand 
*** SUMMARY ***
Total pot $0.60 | Rake $0 
Seat 3: challenge70 folded before Flop (didn't bet)
Seat 4: Ace's Dudes folded before Flop (didn't bet)
Seat 5: headbussaboy folded before Flop (didn't bet)
Seat 6: rafaelrrpo folded before Flop (didn't bet)
Seat 7: Brat_at_UofC (button) collected ($0.60)
Seat 8: Alameda22 (small blind) folded before Flop
Seat 9: ld788 (big blind) folded before Flop



PokerStars Game #19839596154:  Hold'em No Limit ($0.10/$0.25) - 2008/08/23 - 15:10:34 (ET)
Table 'Echo III' 9-max Seat #8 is the button
Seat 2: mikedugan ($15 in chips) 
Seat 3: challenge70 ($7.50 in chips) 
Seat 4: Ace's Dudes ($33.20 in chips) 
Seat 5: headbussaboy ($33.50 in chips) 
Seat 6: rafaelrrpo ($6.10 in chips) 
Seat 7: Brat_at_UofC ($23.85 in chips) 
Seat 8: Alameda22 ($23.40 in chips) 
Seat 9: ld788 ($24.75 in chips) 
ld788: posts small blind $0.10
mikedugan: posts big blind $0.25
*** HOLE CARDS ***
Dealt to Alameda22 [Qs Jd]
challenge70: folds 
Ace's Dudes: folds 
headbussaboy: folds 
rafaelrrpo: folds 
Brat_at_UofC: folds 
Alameda22: folds 
ld788: folds 
Uncalled bet ($0.15) returned to mikedugan
mikedugan collected $0.20 from pot
*** SUMMARY ***
Total pot $0.20 | Rake $0 
Seat 2: mikedugan (big blind) collected ($0.20)
Seat 3: challenge70 folded before Flop (didn't bet)
Seat 4: Ace's Dudes folded before Flop (didn't bet)
Seat 5: headbussaboy folded before Flop (didn't bet)
Seat 6: rafaelrrpo folded before Flop (didn't bet)
Seat 7: Brat_at_UofC folded before Flop (didn't bet)
Seat 8: Alameda22 (button) folded before Flop (didn't bet)
Seat 9: ld788 (small blind) folded before Flop



PokerStars Game #19839610066:  Hold'em No Limit ($0.10/$0.25) - 2008/08/23 - 15:11:07 (ET)
Table 'Echo III' 9-max Seat #9 is the button
Seat 3: challenge70 ($7.50 in chips) 
Seat 4: Ace's Dudes ($33.20 in chips) 
Seat 5: headbussaboy ($33.50 in chips) 
Seat 6: rafaelrrpo ($6.10 in chips) 
Seat 7: Brat_at_UofC ($23.85 in chips) 
Seat 8: Alameda22 ($23.40 in chips) 
Seat 9: ld788 ($24.65 in chips) 
mikedugan: is sitting out 
challenge70: posts small blind $0.10
Ace's Dudes: posts big blind $0.25
*** HOLE CARDS ***
Dealt to Alameda22 [Ad 4d]
mikedugan has returned
headbussaboy: folds 
rafaelrrpo: folds 
Brat_at_UofC: folds 
Alameda22: folds 
ld788: folds 
challenge70: calls $0.15
Ace's Dudes: raises $0.50 to $0.75
challenge70: folds 
Uncalled bet ($0.50) returned to Ace's Dudes
Ace's Dudes collected $0.50 from pot
Ace's Dudes said, "u know it"
Ace's Dudes: doesn't show hand 
*** SUMMARY ***
Total pot $0.50 | Rake $0 
Seat 3: challenge70 (small blind) folded before Flop
Seat 4: Ace's Dudes (big blind) collected ($0.50)
Seat 5: headbussaboy folded before Flop (didn't bet)
Seat 6: rafaelrrpo folded before Flop (didn't bet)
Seat 7: Brat_at_UofC folded before Flop (didn't bet)
Seat 8: Alameda22 folded before Flop (didn't bet)
Seat 9: ld788 (button) folded before Flop (didn't bet)



PokerStars Game #19839632129:  Hold'em No Limit ($0.10/$0.25) - 2008/08/23 - 15:11:59 (ET)
Table 'Echo III' 9-max Seat #3 is the button
Seat 2: mikedugan ($15.10 in chips) 
Seat 3: challenge70 ($7.25 in chips) 
Seat 4: Ace's Dudes ($33.45 in chips) 
Seat 5: headbussaboy ($33.50 in chips) 
Seat 6: rafaelrrpo ($6.10 in chips) 
Seat 7: Brat_at_UofC ($23.85 in chips) 
Seat 8: Alameda22 ($23.40 in chips) 
Seat 9: ld788 ($24.65 in chips) 
Ace's Dudes: posts small blind $0.10
headbussaboy: posts big blind $0.25
mikedugan: posts small blind $0.10
*** HOLE CARDS ***
Dealt to Alameda22 [Qd 3s]
rafaelrrpo: folds 
Brat_at_UofC: folds 
Alameda22: folds 
ld788: folds 
mikedugan: folds 
challenge70: folds 
Ace's Dudes: raises $0.50 to $0.75
headbussaboy: folds 
Uncalled bet ($0.50) returned to Ace's Dudes
mikedugan leaves the table
Ace's Dudes collected $0.60 from pot
Ace's Dudes: doesn't show hand 
*** SUMMARY ***
Total pot $0.60 | Rake $0 
Seat 2: mikedugan folded before Flop
Seat 3: challenge70 (button) folded before Flop (didn't bet)
Seat 4: Ace's Dudes (small blind) collected ($0.60)
Seat 5: headbussaboy (big blind) folded before Flop
Seat 6: rafaelrrpo folded before Flop (didn't bet)
Seat 7: Brat_at_UofC folded before Flop (didn't bet)
Seat 8: Alameda22 folded before Flop (didn't bet)
Seat 9: ld788 folded before Flop (didn't bet)



PokerStars Game #19839653809:  Hold'em No Limit ($0.10/$0.25) - 2008/08/23 - 15:12:51 (ET)
Table 'Echo III' 9-max Seat #4 is the button
Seat 3: challenge70 ($7.25 in chips) 
Seat 4: Ace's Dudes ($33.80 in chips) 
Seat 5: headbussaboy ($33.25 in chips) 
Seat 6: rafaelrrpo ($6.10 in chips) 
Seat 7: Brat_at_UofC ($23.85 in chips) 
Seat 8: Alameda22 ($23.40 in chips) 
Seat 9: ld788 ($24.65 in chips) 
headbussaboy: posts small blind $0.10
rafaelrrpo: posts big blind $0.25
*** HOLE CARDS ***
Dealt to Alameda22 [Kd Jh]
Brat_at_UofC: folds 
Alameda22: folds 
ld788: folds 
challenge70: folds 
Ace's Dudes: folds 
headbussaboy: folds 
Uncalled bet ($0.15) returned to rafaelrrpo
rafaelrrpo collected $0.20 from pot
rafaelrrpo: doesn't show hand 
*** SUMMARY ***
Total pot $0.20 | Rake $0 
Seat 3: challenge70 folded before Flop (didn't bet)
Seat 4: Ace's Dudes (button) folded before Flop (didn't bet)
Seat 5: headbussaboy (small blind) folded before Flop
Seat 6: rafaelrrpo (big blind) collected ($0.20)
Seat 7: Brat_at_UofC folded before Flop (didn't bet)
Seat 8: Alameda22 folded before Flop (didn't bet)
Seat 9: ld788 folded before Flop (didn't bet)



PokerStars Game #19839672477:  Hold'em No Limit ($0.10/$0.25) - 2008/08/23 - 15:13:36 (ET)
Table 'Echo III' 9-max Seat #5 is the button
Seat 3: challenge70 ($7.25 in chips) 
Seat 4: Ace's Dudes ($33.80 in chips) 
Seat 5: headbussaboy ($33.15 in chips) 
Seat 6: rafaelrrpo ($6.20 in chips) 
Seat 7: Brat_at_UofC ($23.85 in chips) 
Seat 8: Alameda22 ($23.40 in chips) 
Seat 9: ld788 ($24.65 in chips) 
rafaelrrpo: posts small blind $0.10
Brat_at_UofC: posts big blind $0.25
*** HOLE CARDS ***
Dealt to Alameda22 [7h Ah]
Alameda22: folds 
ld788: folds 
challenge70: folds 
Ace's Dudes: calls $0.25
headbussaboy: folds 
rafaelrrpo: folds 
Brat_at_UofC: checks 
*** FLOP *** [9s Qd As]
Brat_at_UofC: bets $0.40
Ace's Dudes: folds 
Uncalled bet ($0.40) returned to Brat_at_UofC
Brat_at_UofC collected $0.60 from pot
Brat_at_UofC: doesn't show hand 
*** SUMMARY ***
Total pot $0.60 | Rake $0 
Board [9s Qd As]
Seat 3: challenge70 folded before Flop (didn't bet)
Seat 4: Ace's Dudes folded on the Flop
Seat 5: headbussaboy (button) folded before Flop (didn't bet)
Seat 6: rafaelrrpo (small blind) folded before Flop
Seat 7: Brat_at_UofC (big blind) collected ($0.60)
Seat 8: Alameda22 folded before Flop (didn't bet)
Seat 9: ld788 folded before Flop (didn't bet)



PokerStars Game #19839695402:  Hold'em No Limit ($0.10/$0.25) - 2008/08/23 - 15:14:30 (ET)
Table 'Echo III' 9-max Seat #6 is the button
Seat 3: challenge70 ($7.25 in chips) 
Seat 4: Ace's Dudes ($33.55 in chips) 
Seat 5: headbussaboy ($33.15 in chips) 
Seat 6: rafaelrrpo ($6.10 in chips) 
Seat 7: Brat_at_UofC ($24.20 in chips) 
Seat 8: Alameda22 ($23.40 in chips) 
Seat 9: ld788 ($24.65 in chips) 
Brat_at_UofC: posts small blind $0.10
Alameda22: posts big blind $0.25
*** HOLE CARDS ***
Dealt to Alameda22 [Jc Kh]
ld788: folds 
challenge70: folds 
Ace's Dudes: folds 
headbussaboy: folds 
rafaelrrpo: raises $0.75 to $1
Brat_at_UofC: folds 
sorrilha joins the table at seat #2 
Alameda22: folds 
Uncalled bet ($0.75) returned to rafaelrrpo
rafaelrrpo collected $0.60 from pot
*** SUMMARY ***
Total pot $0.60 | Rake $0 
Seat 3: challenge70 folded before Flop (didn't bet)
Seat 4: Ace's Dudes folded before Flop (didn't bet)
Seat 5: headbussaboy folded before Flop (didn't bet)
Seat 6: rafaelrrpo (button) collected ($0.60)
Seat 7: Brat_at_UofC (small blind) folded before Flop
Seat 8: Alameda22 (big blind) folded before Flop
Seat 9: ld788 folded before Flop (didn't bet)



PokerStars Game #19839714119:  Hold'em No Limit ($0.10/$0.25) - 2008/08/23 - 15:15:14 (ET)
Table 'Echo III' 9-max Seat #7 is the button
Seat 3: challenge70 ($7.25 in chips) 
Seat 4: Ace's Dudes ($33.55 in chips) 
Seat 5: headbussaboy ($33.15 in chips) 
Seat 6: rafaelrrpo ($6.45 in chips) 
Seat 7: Brat_at_UofC ($24.10 in chips) 
Seat 8: Alameda22 ($23.15 in chips) 
Seat 9: ld788 ($24.65 in chips) 
Alameda22: posts small blind $0.10
ld788: posts big blind $0.25
sorrilha: sits out 
*** HOLE CARDS ***
Dealt to Alameda22 [9h 8c]
challenge70: calls $0.25
Ace's Dudes: folds 
headbussaboy: folds 
rafaelrrpo: folds 
Brat_at_UofC: folds 
Alameda22: folds 
ld788: raises $0.75 to $1
challenge70: calls $0.75
*** FLOP *** [2s 5d Js]
ld788: bets $1.50
challenge70: calls $1.50
*** TURN *** [2s 5d Js] [Jh]
ld788: checks 
challenge70: bets $1
ld788: folds 
Uncalled bet ($1) returned to challenge70
challenge70 collected $4.85 from pot
challenge70: doesn't show hand 
*** SUMMARY ***
Total pot $5.10 | Rake $0.25 
Board [2s 5d Js Jh]
Seat 3: challenge70 collected ($4.85)
Seat 4: Ace's Dudes folded before Flop (didn't bet)
Seat 5: headbussaboy folded before Flop (didn't bet)
Seat 6: rafaelrrpo folded before Flop (didn't bet)
Seat 7: Brat_at_UofC (button) folded before Flop (didn't bet)
Seat 8: Alameda22 (small blind) folded before Flop
Seat 9: ld788 (big blind) folded on the Turn



PokerStars Game #19839750563:  Hold'em No Limit ($0.10/$0.25) - 2008/08/23 - 15:16:39 (ET)
Table 'Echo III' 9-max Seat #8 is the button
Seat 2: sorrilha ($5 in chips) 
Seat 3: challenge70 ($9.60 in chips) 
Seat 4: Ace's Dudes ($33.55 in chips) 
Seat 5: headbussaboy ($33.15 in chips) 
Seat 6: rafaelrrpo ($6.45 in chips) 
Seat 7: Brat_at_UofC ($24.10 in chips) 
Seat 8: Alameda22 ($23.05 in chips) 
Seat 9: ld788 ($25 in chips) 
ld788: posts small blind $0.10
semja has returned
sorrilha: posts big blind $0.25
*** HOLE CARDS ***
Dealt to Alameda22 [7h Jc]
challenge70: folds 
Ace's Dudes: folds 
headbussaboy: folds 
semja is sitting out
rafaelrrpo: raises $0.75 to $1
Brat_at_UofC: folds 
Alameda22: folds 
ld788: folds 
sorrilha: folds 
Uncalled bet ($0.75) returned to rafaelrrpo
rafaelrrpo collected $0.60 from pot
rafaelrrpo: doesn't show hand 
*** SUMMARY ***
Total pot $0.60 | Rake $0 
Seat 2: sorrilha (big blind) folded before Flop
Seat 3: challenge70 folded before Flop (didn't bet)
Seat 4: Ace's Dudes folded before Flop (didn't bet)
Seat 5: headbussaboy folded before Flop (didn't bet)
Seat 6: rafaelrrpo collected ($0.60)
Seat 7: Brat_at_UofC folded before Flop (didn't bet)
Seat 8: Alameda22 (button) folded before Flop (didn't bet)
Seat 9: ld788 (small blind) folded before Flop



PokerStars Game #19839771309:  Hold'em No Limit ($0.10/$0.25) - 2008/08/23 - 15:17:28 (ET)
Table 'Echo III' 9-max Seat #9 is the button
Seat 2: sorrilha ($4.75 in chips) 
Seat 3: challenge70 ($9.60 in chips) 
Seat 4: Ace's Dudes ($33.55 in chips) 
Seat 5: headbussaboy ($33.15 in chips) 
Seat 6: rafaelrrpo ($6.80 in chips) 
Seat 7: Brat_at_UofC ($24.10 in chips) 
Seat 8: Alameda22 ($23.05 in chips) 
Seat 9: ld788 ($24.90 in chips) 
sorrilha: posts small blind $0.10
challenge70: posts big blind $0.25
*** HOLE CARDS ***
Dealt to Alameda22 [9h Ah]
Ace's Dudes: folds 
headbussaboy: folds 
rafaelrrpo: folds 
Brat_at_UofC: folds 
Alameda22: folds 
ld788: folds 
sorrilha: calls $0.15
challenge70: checks 
*** FLOP *** [5h 6d Tc]
sorrilha: checks 
challenge70: checks 
*** TURN *** [5h 6d Tc] [9d]
Brat_at_UofC is sitting out
sorrilha: checks 
challenge70: checks 
*** RIVER *** [5h 6d Tc 9d] [Kd]
sorrilha: checks 
challenge70: checks 
*** SHOW DOWN ***
sorrilha: shows [Jc 9s] (a pair of Nines)
challenge70: mucks hand 
sorrilha collected $0.50 from pot
*** SUMMARY ***
Total pot $0.50 | Rake $0 
Board [5h 6d Tc 9d Kd]
Seat 2: sorrilha (small blind) showed [Jc 9s] and won ($0.50) with a pair of Nines
Seat 3: challenge70 (big blind) mucked [3h Qd]
Seat 4: Ace's Dudes folded before Flop (didn't bet)
Seat 5: headbussaboy folded before Flop (didn't bet)
Seat 6: rafaelrrpo folded before Flop (didn't bet)
Seat 7: Brat_at_UofC folded before Flop (didn't bet)
Seat 8: Alameda22 folded before Flop (didn't bet)
Seat 9: ld788 (button) folded before Flop (didn't bet)



PokerStars Game #19839803201:  Hold'em No Limit ($0.10/$0.25) - 2008/08/23 - 15:18:44 (ET)
Table 'Echo III' 9-max Seat #2 is the button
Seat 2: sorrilha ($5 in chips) 
Seat 3: challenge70 ($9.35 in chips) 
Seat 4: Ace's Dudes ($33.55 in chips) 
Seat 5: headbussaboy ($33.15 in chips) 
Seat 6: rafaelrrpo ($6.80 in chips) 
Seat 8: Alameda22 ($23.05 in chips) 
Seat 9: ld788 ($24.90 in chips) 
challenge70: posts small blind $0.10
Ace's Dudes: posts big blind $0.25
*** HOLE CARDS ***
Dealt to Alameda22 [6d 3d]
headbussaboy: folds 
rafaelrrpo: raises $0.75 to $1
Alameda22: folds 
ld788: folds 
sorrilha: folds 
challenge70: calls $0.90
Ace's Dudes: folds 
*** FLOP *** [8c Qs Qd]
challenge70: checks 
rafaelrrpo: bets $1.50
challenge70: raises $1.50 to $3
rafaelrrpo: folds 
Uncalled bet ($1.50) returned to challenge70
challenge70 collected $5 from pot
challenge70: doesn't show hand 
*** SUMMARY ***
Total pot $5.25 | Rake $0.25 
Board [8c Qs Qd]
Seat 2: sorrilha (button) folded before Flop (didn't bet)
Seat 3: challenge70 (small blind) collected ($5)
Seat 4: Ace's Dudes (big blind) folded before Flop
Seat 5: headbussaboy folded before Flop (didn't bet)
Seat 6: rafaelrrpo folded on the Flop
Seat 8: Alameda22 folded before Flop (didn't bet)
Seat 9: ld788 folded before Flop (didn't bet)



PokerStars Game #19839831843:  Hold'em No Limit ($0.10/$0.25) - 2008/08/23 - 15:19:52 (ET)
Table 'Echo III' 9-max Seat #3 is the button
Seat 2: sorrilha ($5 in chips) 
Seat 3: challenge70 ($11.85 in chips) 
Seat 4: Ace's Dudes ($33.30 in chips) 
Seat 5: headbussaboy ($33.15 in chips) 
Seat 6: rafaelrrpo ($4.30 in chips) 
Seat 8: Alameda22 ($23.05 in chips) 
Seat 9: ld788 ($24.90 in chips) 
Ace's Dudes: posts small blind $0.10
headbussaboy: posts big blind $0.25
*** HOLE CARDS ***
Dealt to Alameda22 [3h 6h]
rafaelrrpo: folds 
Brat_at_UofC has returned
Alameda22: folds 
ld788: folds 
sorrilha: folds 
challenge70: folds 
Ace's Dudes: folds 
Uncalled bet ($0.15) returned to headbussaboy
headbussaboy collected $0.20 from pot
*** SUMMARY ***
Total pot $0.20 | Rake $0 
Seat 2: sorrilha folded before Flop (didn't bet)
Seat 3: challenge70 (button) folded before Flop (didn't bet)
Seat 4: Ace's Dudes (small blind) folded before Flop
Seat 5: headbussaboy (big blind) collected ($0.20)
Seat 6: rafaelrrpo folded before Flop (didn't bet)
Seat 8: Alameda22 folded before Flop (didn't bet)
Seat 9: ld788 folded before Flop (didn't bet)



PokerStars Game #19839840826:  Hold'em No Limit ($0.10/$0.25) - 2008/08/23 - 15:20:13 (ET)
Table 'Echo III' 9-max Seat #4 is the button
Seat 2: sorrilha ($5 in chips) 
Seat 3: challenge70 ($11.85 in chips) 
Seat 4: Ace's Dudes ($33.20 in chips) 
Seat 5: headbussaboy ($33.25 in chips) 
Seat 6: rafaelrrpo ($4.30 in chips) 
Seat 7: Brat_at_UofC ($24.10 in chips) 
Seat 8: Alameda22 ($23.05 in chips) 
Seat 9: ld788 ($24.90 in chips) 
headbussaboy: posts small blind $0.10
rafaelrrpo: posts big blind $0.25
*** HOLE CARDS ***
Dealt to Alameda22 [6d 8s]
Brat_at_UofC: folds 
Alameda22: folds 
ld788: folds 
sorrilha: folds 
challenge70: calls $0.25
Ace's Dudes: folds 
semja has returned
headbussaboy: folds 
rafaelrrpo: checks 
*** FLOP *** [6s Qd 3c]
rafaelrrpo: bets $0.30
challenge70: calls $0.30
*** TURN *** [6s Qd 3c] [4h]
rafaelrrpo: bets $0.80
challenge70: folds 
Uncalled bet ($0.80) returned to rafaelrrpo
rafaelrrpo collected $1.15 from pot
rafaelrrpo: doesn't show hand 
*** SUMMARY ***
Total pot $1.20 | Rake $0.05 
Board [6s Qd 3c 4h]
Seat 2: sorrilha folded before Flop (didn't bet)
Seat 3: challenge70 folded on the Turn
Seat 4: Ace's Dudes (button) folded before Flop (didn't bet)
Seat 5: headbussaboy (small blind) folded before Flop
Seat 6: rafaelrrpo (big blind) collected ($1.15)
Seat 7: Brat_at_UofC folded before Flop (didn't bet)
Seat 8: Alameda22 folded before Flop (didn't bet)
Seat 9: ld788 folded before Flop (didn't bet)



PokerStars Game #19839884589:  Hold'em No Limit ($0.10/$0.25) - 2008/08/23 - 15:21:57 (ET)
Table 'Echo III' 9-max Seat #5 is the button
Seat 1: semja ($65.65 in chips) 
Seat 2: sorrilha ($5 in chips) 
Seat 3: challenge70 ($11.30 in chips) 
Seat 4: Ace's Dudes ($33.20 in chips) 
Seat 5: headbussaboy ($33.15 in chips) 
Seat 6: rafaelrrpo ($4.90 in chips) 
Seat 7: Brat_at_UofC ($24.10 in chips) 
Seat 8: Alameda22 ($23.05 in chips) 
Seat 9: ld788 ($24.90 in chips) 
rafaelrrpo: posts small blind $0.10
Brat_at_UofC: posts big blind $0.25
semja: posts small & big blinds $0.35
*** HOLE CARDS ***
Dealt to Alameda22 [5h 7h]
Alameda22: folds 
ld788: folds 
semja: checks 
sorrilha: raises $0.75 to $1
challenge70: calls $1
Ace's Dudes: folds 
headbussaboy: calls $1
rafaelrrpo: folds 
Brat_at_UofC: folds 
semja: calls $0.75
*** FLOP *** [6h 7s 9d]
semja: bets $0.75
sorrilha: raises $3.25 to $4 and is all-in
challenge70: folds 
headbussaboy: folds 
semja: folds 
Uncalled bet ($3.25) returned to sorrilha
sorrilha collected $5.70 from pot
sorrilha: doesn't show hand 
*** SUMMARY ***
Total pot $5.95 | Rake $0.25 
Board [6h 7s 9d]
Seat 1: semja folded on the Flop
Seat 2: sorrilha collected ($5.70)
Seat 3: challenge70 folded on the Flop
Seat 4: Ace's Dudes folded before Flop (didn't bet)
Seat 5: headbussaboy (button) folded on the Flop
Seat 6: rafaelrrpo (small blind) folded before Flop
Seat 7: Brat_at_UofC (big blind) folded before Flop
Seat 8: Alameda22 folded before Flop (didn't bet)
Seat 9: ld788 folded before Flop (didn't bet)



PokerStars Game #19839907165:  Hold'em No Limit ($0.10/$0.25) - 2008/08/23 - 15:22:50 (ET)
Table 'Echo III' 9-max Seat #6 is the button
Seat 1: semja ($63.80 in chips) 
Seat 2: sorrilha ($8.95 in chips) 
Seat 3: challenge70 ($10.30 in chips) 
Seat 4: Ace's Dudes ($33.20 in chips) 
Seat 5: headbussaboy ($32.15 in chips) 
Seat 6: rafaelrrpo ($4.80 in chips) 
Seat 7: Brat_at_UofC ($23.85 in chips) 
Seat 8: Alameda22 ($23.05 in chips) 
Seat 9: ld788 ($24.90 in chips) 
Brat_at_UofC: posts small blind $0.10
Alameda22: posts big blind $0.25
*** HOLE CARDS ***
Dealt to Alameda22 [Td 6c]
ld788: folds 
semja: calls $0.25
sorrilha: folds 
challenge70: calls $0.25
Ace's Dudes: folds 
headbussaboy: folds 
rafaelrrpo: folds 
Brat_at_UofC: folds 
Alameda22: checks 
*** FLOP *** [3h Jc As]
Alameda22: checks 
semja: bets $0.50
challenge70: calls $0.50
Alameda22: folds 
*** TURN *** [3h Jc As] [6s]
semja: checks 
challenge70: bets $0.75
semja: calls $0.75
*** RIVER *** [3h Jc As 6s] [Jd]
semja: checks 
challenge70: checks 
*** SHOW DOWN ***
semja: shows [5s 5h] (two pair, Jacks and Fives)
challenge70: shows [8s 8d] (two pair, Jacks and Eights)
challenge70 collected $3.20 from pot
*** SUMMARY ***
Total pot $3.35 | Rake $0.15 
Board [3h Jc As 6s Jd]
Seat 1: semja showed [5s 5h] and lost with two pair, Jacks and Fives
Seat 2: sorrilha folded before Flop (didn't bet)
Seat 3: challenge70 showed [8s 8d] and won ($3.20) with two pair, Jacks and Eights
Seat 4: Ace's Dudes folded before Flop (didn't bet)
Seat 5: headbussaboy folded before Flop (didn't bet)
Seat 6: rafaelrrpo (button) folded before Flop (didn't bet)
Seat 7: Brat_at_UofC (small blind) folded before Flop
Seat 8: Alameda22 (big blind) folded on the Flop
Seat 9: ld788 folded before Flop (didn't bet)



PokerStars Game #19839936923:  Hold'em No Limit ($0.10/$0.25) - 2008/08/23 - 15:24:00 (ET)
Table 'Echo III' 9-max Seat #7 is the button
Seat 1: semja ($62.30 in chips) 
Seat 2: sorrilha ($8.95 in chips) 
Seat 3: challenge70 ($12 in chips) 
Seat 4: Ace's Dudes ($33.20 in chips) 
Seat 5: headbussaboy ($32.15 in chips) 
Seat 6: rafaelrrpo ($4.80 in chips) 
Seat 7: Brat_at_UofC ($23.75 in chips) 
Seat 8: Alameda22 ($22.80 in chips) 
Seat 9: ld788 ($24.90 in chips) 
Alameda22: posts small blind $0.10
ld788: posts big blind $0.25
*** HOLE CARDS ***
Dealt to Alameda22 [Th Ad]
semja: raises $0.75 to $1
sorrilha: folds 
challenge70: folds 
Ace's Dudes: folds 
headbussaboy: folds 
rafaelrrpo: folds 
Brat_at_UofC: folds 
Alameda22: folds 
ld788: folds 
Uncalled bet ($0.75) returned to semja
semja collected $0.60 from pot
semja: doesn't show hand 
*** SUMMARY ***
Total pot $0.60 | Rake $0 
Seat 1: semja collected ($0.60)
Seat 2: sorrilha folded before Flop (didn't bet)
Seat 3: challenge70 folded before Flop (didn't bet)
Seat 4: Ace's Dudes folded before Flop (didn't bet)
Seat 5: headbussaboy folded before Flop (didn't bet)
Seat 6: rafaelrrpo folded before Flop (didn't bet)
Seat 7: Brat_at_UofC (button) folded before Flop (didn't bet)
Seat 8: Alameda22 (small blind) folded before Flop
Seat 9: ld788 (big blind) folded before Flop



PokerStars Game #19839953348:  Hold'em No Limit ($0.10/$0.25) - 2008/08/23 - 15:24:38 (ET)
Table 'Echo III' 9-max Seat #8 is the button
Seat 1: semja ($62.65 in chips) 
Seat 2: sorrilha ($8.95 in chips) 
Seat 3: challenge70 ($12 in chips) 
Seat 4: Ace's Dudes ($33.20 in chips) 
Seat 5: headbussaboy ($32.15 in chips) 
Seat 6: rafaelrrpo ($4.80 in chips) 
Seat 7: Brat_at_UofC ($23.75 in chips) 
Seat 8: Alameda22 ($22.70 in chips) 
Seat 9: ld788 ($24.65 in chips) 
ld788: posts small blind $0.10
semja: posts big blind $0.25
*** HOLE CARDS ***
Dealt to Alameda22 [Jd Td]
sorrilha: folds 
challenge70: folds 
sorrilha leaves the table
Ace's Dudes: calls $0.25
headbussaboy: raises $0.75 to $1
rafaelrrpo: folds 
Brat_at_UofC: folds 
Alameda22: calls $1
ld788: calls $0.90
semja: folds 
Ace's Dudes: calls $0.75
*** FLOP *** [3h 7h 7s]
ld788: checks 
Ace's Dudes: checks 
headbussaboy: checks 
Alameda22: checks 
*** TURN *** [3h 7h 7s] [Qh]
ld788: checks 
Ace's Dudes: checks 
headbussaboy: checks 
Alameda22: checks 
*** RIVER *** [3h 7h 7s Qh] [Th]
ld788: checks 
Ace's Dudes: checks 
headbussaboy: checks 
Alameda22: checks 
*** SHOW DOWN ***
ld788: shows [Ac Kc] (a pair of Sevens)
Ace's Dudes: mucks hand 
headbussaboy: mucks hand 
Alameda22: shows [Jd Td] (two pair, Tens and Sevens)
Alameda22 collected $4.05 from pot
*** SUMMARY ***
Total pot $4.25 | Rake $0.20 
Board [3h 7h 7s Qh Th]
Seat 1: semja (big blind) folded before Flop
Seat 2: sorrilha folded before Flop (didn't bet)
Seat 3: challenge70 folded before Flop (didn't bet)
Seat 4: Ace's Dudes mucked [8d 6d]
Seat 5: headbussaboy mucked [5c 4c]
Seat 6: rafaelrrpo folded before Flop (didn't bet)
Seat 7: Brat_at_UofC folded before Flop (didn't bet)
Seat 8: Alameda22 (button) showed [Jd Td] and won ($4.05) with two pair, Tens and Sevens
Seat 9: ld788 (small blind) showed [Ac Kc] and lost with a pair of Sevens



PokerStars Game #19840004204:  Hold'em No Limit ($0.10/$0.25) - 2008/08/23 - 15:26:38 (ET)
Table 'Echo III' 9-max Seat #9 is the button
Seat 1: semja ($62.40 in chips) 
Seat 3: challenge70 ($12 in chips) 
Seat 4: Ace's Dudes ($32.20 in chips) 
Seat 5: headbussaboy ($31.15 in chips) 
Seat 6: rafaelrrpo ($4.80 in chips) 
Seat 7: Brat_at_UofC ($23.75 in chips) 
Seat 8: Alameda22 ($25.75 in chips) 
Seat 9: ld788 ($23.65 in chips) 
semja: posts small blind $0.10
challenge70: posts big blind $0.25
*** HOLE CARDS ***
Dealt to Alameda22 [5s 7h]
Ace's Dudes: folds 
headbussaboy: folds 
rafaelrrpo: folds 
Brat_at_UofC: folds 
Alameda22: folds 
ld788: raises $0.50 to $0.75
semja: folds 
challenge70: folds 
Uncalled bet ($0.50) returned to ld788
ld788 collected $0.60 from pot
*** SUMMARY ***
Total pot $0.60 | Rake $0 
Seat 1: semja (small blind) folded before Flop
Seat 3: challenge70 (big blind) folded before Flop
Seat 4: Ace's Dudes folded before Flop (didn't bet)
Seat 5: headbussaboy folded before Flop (didn't bet)
Seat 6: rafaelrrpo folded before Flop (didn't bet)
Seat 7: Brat_at_UofC folded before Flop (didn't bet)
Seat 8: Alameda22 folded before Flop (didn't bet)
Seat 9: ld788 (button) collected ($0.60)



PokerStars Game #19840016224:  Hold'em No Limit ($0.10/$0.25) - 2008/08/23 - 15:27:06 (ET)
Table 'Echo III' 9-max Seat #1 is the button
Seat 1: semja ($62.30 in chips) 
Seat 3: challenge70 ($11.75 in chips) 
Seat 4: Ace's Dudes ($32.20 in chips) 
Seat 5: headbussaboy ($31.15 in chips) 
Seat 6: rafaelrrpo ($4.80 in chips) 
Seat 7: Brat_at_UofC ($23.75 in chips) 
Seat 8: Alameda22 ($25.75 in chips) 
Seat 9: ld788 ($24 in chips) 
challenge70: posts small blind $0.10
Ace's Dudes: posts big blind $0.25
*** HOLE CARDS ***
Dealt to Alameda22 [Kd Jc]
headbussaboy: folds 
rafaelrrpo: folds 
Brat_at_UofC: folds 
Alameda22: folds 
ld788: folds 
semja: folds 
challenge70: calls $0.15
Ace's Dudes: raises $0.50 to $0.75
challenge70: calls $0.50
*** FLOP *** [Ac Ks 5h]
challenge70: checks 
Ace's Dudes: bets $0.75
challenge70: folds 
Uncalled bet ($0.75) returned to Ace's Dudes
Ace's Dudes collected $1.45 from pot
Ace's Dudes: doesn't show hand 
*** SUMMARY ***
Total pot $1.50 | Rake $0.05 
Board [Ac Ks 5h]
Seat 1: semja (button) folded before Flop (didn't bet)
Seat 3: challenge70 (small blind) folded on the Flop
Seat 4: Ace's Dudes (big blind) collected ($1.45)
Seat 5: headbussaboy folded before Flop (didn't bet)
Seat 6: rafaelrrpo folded before Flop (didn't bet)
Seat 7: Brat_at_UofC folded before Flop (didn't bet)
Seat 8: Alameda22 folded before Flop (didn't bet)
Seat 9: ld788 folded before Flop (didn't bet)



PokerStars Game #19840039510:  Hold'em No Limit ($0.10/$0.25) - 2008/08/23 - 15:28:00 (ET)
Table 'Echo III' 9-max Seat #3 is the button
Seat 1: semja ($62.30 in chips) 
Seat 3: challenge70 ($11 in chips) 
Seat 4: Ace's Dudes ($32.90 in chips) 
Seat 5: headbussaboy ($31.15 in chips) 
Seat 6: rafaelrrpo ($4.80 in chips) 
Seat 7: Brat_at_UofC ($23.75 in chips) 
Seat 8: Alameda22 ($25.75 in chips) 
Seat 9: ld788 ($24 in chips) 
Ace's Dudes: posts small blind $0.10
headbussaboy: posts big blind $0.25
*** HOLE CARDS ***
Dealt to Alameda22 [8h 5c]
rafaelrrpo: folds 
Brat_at_UofC: folds 
rafaelrrpo leaves the table
Alameda22: folds 
Heinzeking joins the table at seat #2 
ld788: raises $1 to $1.25
semja: folds 
challenge70: folds 
Ace's Dudes: folds 
headbussaboy: folds 
Uncalled bet ($1) returned to ld788
ld788 collected $0.60 from pot
*** SUMMARY ***
Total pot $0.60 | Rake $0 
Seat 1: semja folded before Flop (didn't bet)
Seat 3: challenge70 (button) folded before Flop (didn't bet)
Seat 4: Ace's Dudes (small blind) folded before Flop
Seat 5: headbussaboy (big blind) folded before Flop
Seat 6: rafaelrrpo folded before Flop (didn't bet)
Seat 7: Brat_at_UofC folded before Flop (didn't bet)
Seat 8: Alameda22 folded before Flop (didn't bet)
Seat 9: ld788 collected ($0.60)



PokerStars Game #19840053530:  Hold'em No Limit ($0.10/$0.25) - 2008/08/23 - 15:28:33 (ET)
Table 'Echo III' 9-max Seat #4 is the button
Seat 1: semja ($62.30 in chips) 
Seat 2: Heinzeking ($25 in chips) 
Seat 3: challenge70 ($11 in chips) 
Seat 4: Ace's Dudes ($32.80 in chips) 
Seat 5: headbussaboy ($30.90 in chips) 
Seat 7: Brat_at_UofC ($23.75 in chips) 
Seat 8: Alameda22 ($25.75 in chips) 
Seat 9: ld788 ($24.35 in chips) 
headbussaboy: posts small blind $0.10
Brat_at_UofC: posts big blind $0.25
Heinzeking: posts big blind $0.25
*** HOLE CARDS ***
Dealt to Alameda22 [Th 5c]
Alameda22: folds 
ld788: folds 
semja: folds 
Heinzeking: checks 
challenge70: folds 
Ace's Dudes: folds 
headbussaboy: raises $0.75 to $1
Brat_at_UofC: folds 
Heinzeking: folds 
Uncalled bet ($0.75) returned to headbussaboy
headbussaboy collected $0.75 from pot
Torsten522 joins the table at seat #6 
*** SUMMARY ***
Total pot $0.75 | Rake $0 
Seat 1: semja folded before Flop (didn't bet)
Seat 2: Heinzeking folded before Flop
Seat 3: challenge70 folded before Flop (didn't bet)
Seat 4: Ace's Dudes (button) folded before Flop (didn't bet)
Seat 5: headbussaboy (small blind) collected ($0.75)
Seat 7: Brat_at_UofC (big blind) folded before Flop
Seat 8: Alameda22 folded before Flop (didn't bet)
Seat 9: ld788 folded before Flop (didn't bet)



