PokerStars Game #20148576238:  Hold'em No Limit ($0.25/$0.50) - 2008/09/04 18:00:24 ET
Table 'Iclea IV' 9-max Seat #1 is the button
Seat 1: attaboy1988 ($30.15 in chips) 
Seat 2: johnny_nasch ($9.25 in chips) 
Seat 3: Mick_Dub ($49.25 in chips) 
Seat 4: CaptMorgan59 ($29.50 in chips) 
Seat 5: Soply ($46.30 in chips) 
Seat 6: ricecooka972 ($50.50 in chips) 
Seat 7: gfs2929 ($14.90 in chips) 
Seat 8: geringmi ($24.50 in chips) 
Seat 9: Alameda22 ($50 in chips) 
johnny_nasch: posts small blind $0.25
Mick_Dub: posts big blind $0.50
Alameda22: posts big blind $0.50
*** HOLE CARDS ***
Dealt to Alameda22 [6s Th]
CaptMorgan59: folds 
Soply: raises $1.50 to $2
ricecooka972: folds 
gfs2929: folds 
geringmi: folds 
Alameda22: folds 
attaboy1988: folds 
johnny_nasch: folds 
Mick_Dub: folds 
Uncalled bet ($1.50) returned to Soply
Soply collected $1.75 from pot
*** SUMMARY ***
Total pot $1.75 | Rake $0 
Seat 1: attaboy1988 (button) folded before Flop (didn't bet)
Seat 2: johnny_nasch (small blind) folded before Flop
Seat 3: Mick_Dub (big blind) folded before Flop
Seat 4: CaptMorgan59 folded before Flop (didn't bet)
Seat 5: Soply collected ($1.75)
Seat 6: ricecooka972 folded before Flop (didn't bet)
Seat 7: gfs2929 folded before Flop (didn't bet)
Seat 8: geringmi folded before Flop (didn't bet)
Seat 9: Alameda22 folded before Flop



PokerStars Game #20148598084:  Hold'em No Limit ($0.25/$0.50) - 2008/09/04 18:01:20 ET
Table 'Iclea IV' 9-max Seat #2 is the button
Seat 1: attaboy1988 ($30.15 in chips) 
Seat 2: johnny_nasch ($9 in chips) 
Seat 3: Mick_Dub ($48.75 in chips) 
Seat 4: CaptMorgan59 ($29.50 in chips) 
Seat 5: Soply ($47.55 in chips) 
Seat 6: ricecooka972 ($50.50 in chips) 
Seat 7: gfs2929 ($14.90 in chips) 
Seat 8: geringmi ($24.50 in chips) 
Seat 9: Alameda22 ($49.50 in chips) 
Mick_Dub: posts small blind $0.25
CaptMorgan59: posts big blind $0.50
*** HOLE CARDS ***
Dealt to Alameda22 [As 7s]
Soply: folds 
ricecooka972: raises $1.50 to $2
gfs2929: folds 
geringmi: folds 
Alameda22: folds 
attaboy1988: folds 
johnny_nasch: folds 
Mick_Dub: folds 
CaptMorgan59: folds 
Uncalled bet ($1.50) returned to ricecooka972
ricecooka972 collected $1.25 from pot
ricecooka972: doesn't show hand 
*** SUMMARY ***
Total pot $1.25 | Rake $0 
Seat 1: attaboy1988 folded before Flop (didn't bet)
Seat 2: johnny_nasch (button) folded before Flop (didn't bet)
Seat 3: Mick_Dub (small blind) folded before Flop
Seat 4: CaptMorgan59 (big blind) folded before Flop
Seat 5: Soply folded before Flop (didn't bet)
Seat 6: ricecooka972 collected ($1.25)
Seat 7: gfs2929 folded before Flop (didn't bet)
Seat 8: geringmi folded before Flop (didn't bet)
Seat 9: Alameda22 folded before Flop (didn't bet)



PokerStars Game #20148615702:  Hold'em No Limit ($0.25/$0.50) - 2008/09/04 18:02:06 ET
Table 'Iclea IV' 9-max Seat #3 is the button
Seat 1: attaboy1988 ($30.15 in chips) 
Seat 2: johnny_nasch ($9 in chips) 
Seat 3: Mick_Dub ($48.50 in chips) 
Seat 4: CaptMorgan59 ($29 in chips) 
Seat 5: Soply ($47.55 in chips) 
Seat 6: ricecooka972 ($51.25 in chips) 
Seat 7: gfs2929 ($14.90 in chips) 
Seat 8: geringmi ($24.50 in chips) 
Seat 9: Alameda22 ($49.50 in chips) 
CaptMorgan59: posts small blind $0.25
Soply: posts big blind $0.50
*** HOLE CARDS ***
Dealt to Alameda22 [9h 7d]
ricecooka972: folds 
gfs2929: calls $0.50
geringmi: folds 
Alameda22: folds 
attaboy1988: folds 
johnny_nasch: folds 
Mick_Dub: folds 
CaptMorgan59: calls $0.25
Soply: checks 
*** FLOP *** [Qd 5h Kd]
CaptMorgan59: bets $1
Soply: folds 
gfs2929: folds 
Uncalled bet ($1) returned to CaptMorgan59
CaptMorgan59 collected $1.45 from pot
CaptMorgan59: doesn't show hand 
*** SUMMARY ***
Total pot $1.50 | Rake $0.05 
Board [Qd 5h Kd]
Seat 1: attaboy1988 folded before Flop (didn't bet)
Seat 2: johnny_nasch folded before Flop (didn't bet)
Seat 3: Mick_Dub (button) folded before Flop (didn't bet)
Seat 4: CaptMorgan59 (small blind) collected ($1.45)
Seat 5: Soply (big blind) folded on the Flop
Seat 6: ricecooka972 folded before Flop (didn't bet)
Seat 7: gfs2929 folded on the Flop
Seat 8: geringmi folded before Flop (didn't bet)
Seat 9: Alameda22 folded before Flop (didn't bet)



PokerStars Game #20148640180:  Hold'em No Limit ($0.25/$0.50) - 2008/09/04 18:03:09 ET
Table 'Iclea IV' 9-max Seat #4 is the button
Seat 1: attaboy1988 ($30.15 in chips) 
Seat 2: johnny_nasch ($9 in chips) 
Seat 3: Mick_Dub ($48.50 in chips) 
Seat 4: CaptMorgan59 ($29.95 in chips) 
Seat 5: Soply ($47.05 in chips) 
Seat 6: ricecooka972 ($51.25 in chips) 
Seat 7: gfs2929 ($14.40 in chips) 
Seat 8: geringmi ($24.50 in chips) 
Seat 9: Alameda22 ($49.50 in chips) 
Soply: posts small blind $0.25
ricecooka972: posts big blind $0.50
*** HOLE CARDS ***
Dealt to Alameda22 [Qs Tc]
gfs2929: folds 
geringmi: folds 
Alameda22: folds 
attaboy1988: folds 
johnny_nasch: folds 
Mick_Dub: folds 
CaptMorgan59: folds 
Soply: folds 
Uncalled bet ($0.25) returned to ricecooka972
ricecooka972 collected $0.50 from pot
ricecooka972: doesn't show hand 
*** SUMMARY ***
Total pot $0.50 | Rake $0 
Seat 1: attaboy1988 folded before Flop (didn't bet)
Seat 2: johnny_nasch folded before Flop (didn't bet)
Seat 3: Mick_Dub folded before Flop (didn't bet)
Seat 4: CaptMorgan59 (button) folded before Flop (didn't bet)
Seat 5: Soply (small blind) folded before Flop
Seat 6: ricecooka972 (big blind) collected ($0.50)
Seat 7: gfs2929 folded before Flop (didn't bet)
Seat 8: geringmi folded before Flop (didn't bet)
Seat 9: Alameda22 folded before Flop (didn't bet)



PokerStars Game #20148653848:  Hold'em No Limit ($0.25/$0.50) - 2008/09/04 18:03:45 ET
Table 'Iclea IV' 9-max Seat #5 is the button
Seat 1: attaboy1988 ($30.15 in chips) 
Seat 2: johnny_nasch ($9 in chips) 
Seat 3: Mick_Dub ($48.50 in chips) 
Seat 4: CaptMorgan59 ($29.95 in chips) 
Seat 5: Soply ($46.80 in chips) 
Seat 6: ricecooka972 ($51.50 in chips) 
Seat 7: gfs2929 ($14.40 in chips) 
Seat 8: geringmi ($24.50 in chips) 
Seat 9: Alameda22 ($49.50 in chips) 
ricecooka972: posts small blind $0.25
gfs2929: posts big blind $0.50
*** HOLE CARDS ***
Dealt to Alameda22 [9c 4h]
geringmi: folds 
Alameda22: folds 
attaboy1988: calls $0.50
johnny_nasch: folds 
Mick_Dub: folds 
CaptMorgan59: folds 
Soply: folds 
ricecooka972: folds 
gfs2929: checks 
*** FLOP *** [2h 9h Ah]
gfs2929: checks 
attaboy1988: checks 
*** TURN *** [2h 9h Ah] [Qd]
gfs2929: checks 
attaboy1988: checks 
*** RIVER *** [2h 9h Ah Qd] [Td]
gfs2929: checks 
attaboy1988: checks 
*** SHOW DOWN ***
gfs2929: shows [3s 9s] (a pair of Nines)
attaboy1988: shows [As 8h] (a pair of Aces)
attaboy1988 collected $1.20 from pot
*** SUMMARY ***
Total pot $1.25 | Rake $0.05 
Board [2h 9h Ah Qd Td]
Seat 1: attaboy1988 showed [As 8h] and won ($1.20) with a pair of Aces
Seat 2: johnny_nasch folded before Flop (didn't bet)
Seat 3: Mick_Dub folded before Flop (didn't bet)
Seat 4: CaptMorgan59 folded before Flop (didn't bet)
Seat 5: Soply (button) folded before Flop (didn't bet)
Seat 6: ricecooka972 (small blind) folded before Flop
Seat 7: gfs2929 (big blind) showed [3s 9s] and lost with a pair of Nines
Seat 8: geringmi folded before Flop (didn't bet)
Seat 9: Alameda22 folded before Flop (didn't bet)



PokerStars Game #20148673767:  Hold'em No Limit ($0.25/$0.50) - 2008/09/04 18:04:36 ET
Table 'Iclea IV' 9-max Seat #6 is the button
Seat 1: attaboy1988 ($30.85 in chips) 
Seat 2: johnny_nasch ($9 in chips) 
Seat 3: Mick_Dub ($48.50 in chips) 
Seat 4: CaptMorgan59 ($29.95 in chips) 
Seat 5: Soply ($46.80 in chips) 
Seat 6: ricecooka972 ($51.25 in chips) 
Seat 7: gfs2929 ($13.90 in chips) 
Seat 8: geringmi ($24.50 in chips) 
Seat 9: Alameda22 ($49.50 in chips) 
gfs2929: posts small blind $0.25
geringmi: posts big blind $0.50
*** HOLE CARDS ***
Dealt to Alameda22 [7d Ah]
Alameda22: folds 
attaboy1988: calls $0.50
johnny_nasch: folds 
Mick_Dub: raises $2 to $2.50
CaptMorgan59: folds 
Soply: folds 
ricecooka972: folds 
gfs2929: folds 
geringmi: folds 
attaboy1988: calls $2
*** FLOP *** [9h 4d 8h]
attaboy1988: checks 
Mick_Dub: bets $4
attaboy1988: folds 
Uncalled bet ($4) returned to Mick_Dub
Mick_Dub collected $5.50 from pot
Mick_Dub: doesn't show hand 
*** SUMMARY ***
Total pot $5.75 | Rake $0.25 
Board [9h 4d 8h]
Seat 1: attaboy1988 folded on the Flop
Seat 2: johnny_nasch folded before Flop (didn't bet)
Seat 3: Mick_Dub collected ($5.50)
Seat 4: CaptMorgan59 folded before Flop (didn't bet)
Seat 5: Soply folded before Flop (didn't bet)
Seat 6: ricecooka972 (button) folded before Flop (didn't bet)
Seat 7: gfs2929 (small blind) folded before Flop
Seat 8: geringmi (big blind) folded before Flop
Seat 9: Alameda22 folded before Flop (didn't bet)



PokerStars Game #20148703088:  Hold'em No Limit ($0.25/$0.50) - 2008/09/04 18:05:52 ET
Table 'Iclea IV' 9-max Seat #7 is the button
Seat 1: attaboy1988 ($28.35 in chips) 
Seat 2: johnny_nasch ($9 in chips) 
Seat 3: Mick_Dub ($51.50 in chips) 
Seat 4: CaptMorgan59 ($29.95 in chips) 
Seat 5: Soply ($46.80 in chips) 
Seat 6: ricecooka972 ($51.25 in chips) 
Seat 7: gfs2929 ($13.65 in chips) 
Seat 8: geringmi ($24 in chips) 
Seat 9: Alameda22 ($49.50 in chips) 
geringmi: posts small blind $0.25
Alameda22: posts big blind $0.50
*** HOLE CARDS ***
Dealt to Alameda22 [8d Js]
attaboy1988: calls $0.50
johnny_nasch: calls $0.50
Mick_Dub: folds 
CaptMorgan59: folds 
Mick_Dub leaves the table
Soply: folds 
ricecooka972: folds 
gfs2929: calls $0.50
geringmi: folds 
Alameda22: checks 
*** FLOP *** [4h 7h 2d]
Alameda22: checks 
attaboy1988: bets $1
johnny_nasch: folds 
gfs2929: folds 
Alameda22: folds 
Uncalled bet ($1) returned to attaboy1988
attaboy1988 collected $2.15 from pot
attaboy1988: doesn't show hand 
SARA PEZ joins the table at seat #3 
*** SUMMARY ***
Total pot $2.25 | Rake $0.10 
Board [4h 7h 2d]
Seat 1: attaboy1988 collected ($2.15)
Seat 2: johnny_nasch folded on the Flop
Seat 3: Mick_Dub folded before Flop (didn't bet)
Seat 4: CaptMorgan59 folded before Flop (didn't bet)
Seat 5: Soply folded before Flop (didn't bet)
Seat 6: ricecooka972 folded before Flop (didn't bet)
Seat 7: gfs2929 (button) folded on the Flop
Seat 8: geringmi (small blind) folded before Flop
Seat 9: Alameda22 (big blind) folded on the Flop



PokerStars Game #20148738305:  Hold'em No Limit ($0.25/$0.50) - 2008/09/04 18:07:22 ET
Table 'Iclea IV' 9-max Seat #8 is the button
Seat 1: attaboy1988 ($30 in chips) 
Seat 2: johnny_nasch ($8.50 in chips) 
Seat 4: CaptMorgan59 ($29.95 in chips) 
Seat 5: Soply ($46.80 in chips) 
Seat 6: ricecooka972 ($51.25 in chips) 
Seat 7: gfs2929 ($13.15 in chips) 
Seat 8: geringmi ($23.75 in chips) 
Seat 9: Alameda22 ($49 in chips) 
Alameda22: posts small blind $0.25
attaboy1988: posts big blind $0.50
SARA PEZ: sits out 
*** HOLE CARDS ***
Dealt to Alameda22 [9c 9s]
johnny_nasch: folds 
CaptMorgan59: folds 
Soply: folds 
ricecooka972: folds 
gfs2929: folds 
geringmi: folds 
Alameda22: raises $1.50 to $2
attaboy1988: calls $1.50
*** FLOP *** [2c 2s 4d]
Alameda22: bets $2.50
attaboy1988: folds 
Uncalled bet ($2.50) returned to Alameda22
Alameda22 collected $3.80 from pot
Alameda22: doesn't show hand 
*** SUMMARY ***
Total pot $4 | Rake $0.20 
Board [2c 2s 4d]
Seat 1: attaboy1988 (big blind) folded on the Flop
Seat 2: johnny_nasch folded before Flop (didn't bet)
Seat 4: CaptMorgan59 folded before Flop (didn't bet)
Seat 5: Soply folded before Flop (didn't bet)
Seat 6: ricecooka972 folded before Flop (didn't bet)
Seat 7: gfs2929 folded before Flop (didn't bet)
Seat 8: geringmi (button) folded before Flop (didn't bet)
Seat 9: Alameda22 (small blind) collected ($3.80)



PokerStars Game #20148777733:  Hold'em No Limit ($0.25/$0.50) - 2008/09/04 18:09:03 ET
Table 'Iclea IV' 9-max Seat #9 is the button
Seat 1: attaboy1988 ($28 in chips) 
Seat 2: johnny_nasch ($8.50 in chips) 
Seat 4: CaptMorgan59 ($29.95 in chips) 
Seat 5: Soply ($46.80 in chips) 
Seat 6: ricecooka972 ($51.25 in chips) 
Seat 7: gfs2929 ($13.15 in chips) 
Seat 8: geringmi ($23.75 in chips) 
Seat 9: Alameda22 ($50.80 in chips) 
attaboy1988: posts small blind $0.25
johnny_nasch: posts big blind $0.50
SARA PEZ: sits out 
*** HOLE CARDS ***
Dealt to Alameda22 [Qh Jc]
CaptMorgan59: raises $2 to $2.50
Soply: folds 
ricecooka972: folds 
gfs2929: folds 
geringmi: folds 
Alameda22: folds 
attaboy1988: folds 
johnny_nasch: folds 
Uncalled bet ($2) returned to CaptMorgan59
CaptMorgan59 collected $1.25 from pot
CaptMorgan59: doesn't show hand 
*** SUMMARY ***
Total pot $1.25 | Rake $0 
Seat 1: attaboy1988 (small blind) folded before Flop
Seat 2: johnny_nasch (big blind) folded before Flop
Seat 4: CaptMorgan59 collected ($1.25)
Seat 5: Soply folded before Flop (didn't bet)
Seat 6: ricecooka972 folded before Flop (didn't bet)
Seat 7: gfs2929 folded before Flop (didn't bet)
Seat 8: geringmi folded before Flop (didn't bet)
Seat 9: Alameda22 (button) folded before Flop (didn't bet)



PokerStars Game #20148798583:  Hold'em No Limit ($0.25/$0.50) - 2008/09/04 18:09:57 ET
Table 'Iclea IV' 9-max Seat #1 is the button
Seat 1: attaboy1988 ($27.75 in chips) 
Seat 2: johnny_nasch ($8 in chips) 
Seat 3: SARA PEZ ($50 in chips) 
Seat 4: CaptMorgan59 ($30.70 in chips) 
Seat 5: Soply ($46.80 in chips) 
Seat 6: ricecooka972 ($51.25 in chips) 
Seat 7: gfs2929 ($13.15 in chips) 
Seat 8: geringmi ($23.75 in chips) 
Seat 9: Alameda22 ($50.80 in chips) 
johnny_nasch: posts small blind $0.25
SARA PEZ: posts big blind $0.50
*** HOLE CARDS ***
Dealt to Alameda22 [8h 6h]
CaptMorgan59: folds 
Soply: folds 
ricecooka972: folds 
gfs2929: calls $0.50
geringmi: folds 
Alameda22: folds 
attaboy1988: folds 
johnny_nasch: folds 
SARA PEZ: checks 
*** FLOP *** [3c Ad Kd]
SARA PEZ: checks 
gfs2929: bets $1
SARA PEZ: folds 
Uncalled bet ($1) returned to gfs2929
gfs2929 collected $1.20 from pot
*** SUMMARY ***
Total pot $1.25 | Rake $0.05 
Board [3c Ad Kd]
Seat 1: attaboy1988 (button) folded before Flop (didn't bet)
Seat 2: johnny_nasch (small blind) folded before Flop
Seat 3: SARA PEZ (big blind) folded on the Flop
Seat 4: CaptMorgan59 folded before Flop (didn't bet)
Seat 5: Soply folded before Flop (didn't bet)
Seat 6: ricecooka972 folded before Flop (didn't bet)
Seat 7: gfs2929 collected ($1.20)
Seat 8: geringmi folded before Flop (didn't bet)
Seat 9: Alameda22 folded before Flop (didn't bet)



PokerStars Game #20148840920:  Hold'em No Limit ($0.25/$0.50) - 2008/09/04 18:11:46 ET
Table 'Iclea IV' 9-max Seat #2 is the button
Seat 1: attaboy1988 ($27.75 in chips) 
Seat 2: johnny_nasch ($7.75 in chips) 
Seat 3: SARA PEZ ($49.50 in chips) 
Seat 4: CaptMorgan59 ($30.70 in chips) 
Seat 5: Soply ($46.80 in chips) 
Seat 6: ricecooka972 ($51.25 in chips) 
Seat 7: gfs2929 ($13.85 in chips) 
Seat 8: geringmi ($23.75 in chips) 
Seat 9: Alameda22 ($50.80 in chips) 
SARA PEZ: posts small blind $0.25
CaptMorgan59: posts big blind $0.50
*** HOLE CARDS ***
Dealt to Alameda22 [Jc Ks]
Soply: folds 
ricecooka972: folds 
gfs2929: calls $0.50
geringmi: folds 
Alameda22: folds 
attaboy1988: calls $0.50
johnny_nasch: folds 
SARA PEZ: folds 
CaptMorgan59: checks 
*** FLOP *** [8d 8c Jd]
CaptMorgan59: bets $1
gfs2929: calls $1
attaboy1988: folds 
*** TURN *** [8d 8c Jd] [2c]
CaptMorgan59: bets $3
gfs2929: folds 
Uncalled bet ($3) returned to CaptMorgan59
CaptMorgan59 collected $3.60 from pot
CaptMorgan59: doesn't show hand 
*** SUMMARY ***
Total pot $3.75 | Rake $0.15 
Board [8d 8c Jd 2c]
Seat 1: attaboy1988 folded on the Flop
Seat 2: johnny_nasch (button) folded before Flop (didn't bet)
Seat 3: SARA PEZ (small blind) folded before Flop
Seat 4: CaptMorgan59 (big blind) collected ($3.60)
Seat 5: Soply folded before Flop (didn't bet)
Seat 6: ricecooka972 folded before Flop (didn't bet)
Seat 7: gfs2929 folded on the Turn
Seat 8: geringmi folded before Flop (didn't bet)
Seat 9: Alameda22 folded before Flop (didn't bet)



PokerStars Game #20148866189:  Hold'em No Limit ($0.25/$0.50) - 2008/09/04 18:12:52 ET
Table 'Iclea IV' 9-max Seat #3 is the button
Seat 1: attaboy1988 ($27.25 in chips) 
Seat 2: johnny_nasch ($10 in chips) 
Seat 3: SARA PEZ ($50 in chips) 
Seat 4: CaptMorgan59 ($32.80 in chips) 
Seat 5: Soply ($46.80 in chips) 
Seat 6: ricecooka972 ($51.25 in chips) 
Seat 7: gfs2929 ($12.35 in chips) 
Seat 8: geringmi ($23.75 in chips) 
Seat 9: Alameda22 ($50.80 in chips) 
CaptMorgan59: posts small blind $0.25
Soply: posts big blind $0.50
*** HOLE CARDS ***
Dealt to Alameda22 [9h Jh]
ricecooka972: folds 
gfs2929: folds 
geringmi: folds 
Alameda22: folds 
attaboy1988: folds 
johnny_nasch: folds 
SARA PEZ: raises $0.75 to $1.25
CaptMorgan59: calls $1
Soply: raises $4.25 to $5.50
SARA PEZ: calls $4.25
CaptMorgan59: folds 
*** FLOP *** [4h Kc 3h]
Soply: checks 
SARA PEZ: checks 
*** TURN *** [4h Kc 3h] [Qh]
Soply: bets $5
SARA PEZ: folds 
Uncalled bet ($5) returned to Soply
Soply collected $11.65 from pot
*** SUMMARY ***
Total pot $12.25 | Rake $0.60 
Board [4h Kc 3h Qh]
Seat 1: attaboy1988 folded before Flop (didn't bet)
Seat 2: johnny_nasch folded before Flop (didn't bet)
Seat 3: SARA PEZ (button) folded on the Turn
Seat 4: CaptMorgan59 (small blind) folded before Flop
Seat 5: Soply (big blind) collected ($11.65)
Seat 6: ricecooka972 folded before Flop (didn't bet)
Seat 7: gfs2929 folded before Flop (didn't bet)
Seat 8: geringmi folded before Flop (didn't bet)
Seat 9: Alameda22 folded before Flop (didn't bet)



PokerStars Game #20148912443:  Hold'em No Limit ($0.25/$0.50) - 2008/09/04 18:14:52 ET
Table 'Iclea IV' 9-max Seat #4 is the button
Seat 1: attaboy1988 ($27.25 in chips) 
Seat 2: johnny_nasch ($10 in chips) 
Seat 3: SARA PEZ ($50 in chips) 
Seat 4: CaptMorgan59 ($31.55 in chips) 
Seat 5: Soply ($52.95 in chips) 
Seat 6: ricecooka972 ($51.25 in chips) 
Seat 7: gfs2929 ($12.35 in chips) 
Seat 8: geringmi ($23.75 in chips) 
Seat 9: Alameda22 ($50.80 in chips) 
Soply: posts small blind $0.25
ricecooka972: posts big blind $0.50
*** HOLE CARDS ***
Dealt to Alameda22 [2s Qh]
gfs2929: folds 
geringmi: folds 
Alameda22: folds 
attaboy1988: folds 
johnny_nasch: folds 
SARA PEZ: folds 
CaptMorgan59: calls $0.50
Soply: folds 
ricecooka972: checks 
*** FLOP *** [Jd 8d 6s]
ricecooka972: bets $1.50
CaptMorgan59: folds 
Uncalled bet ($1.50) returned to ricecooka972
ricecooka972 collected $1.20 from pot
ricecooka972: doesn't show hand 
*** SUMMARY ***
Total pot $1.25 | Rake $0.05 
Board [Jd 8d 6s]
Seat 1: attaboy1988 folded before Flop (didn't bet)
Seat 2: johnny_nasch folded before Flop (didn't bet)
Seat 3: SARA PEZ folded before Flop (didn't bet)
Seat 4: CaptMorgan59 (button) folded on the Flop
Seat 5: Soply (small blind) folded before Flop
Seat 6: ricecooka972 (big blind) collected ($1.20)
Seat 7: gfs2929 folded before Flop (didn't bet)
Seat 8: geringmi folded before Flop (didn't bet)
Seat 9: Alameda22 folded before Flop (didn't bet)



PokerStars Game #20148935481:  Hold'em No Limit ($0.25/$0.50) - 2008/09/04 18:15:51 ET
Table 'Iclea IV' 9-max Seat #5 is the button
Seat 1: attaboy1988 ($27.25 in chips) 
Seat 2: johnny_nasch ($10 in chips) 
Seat 3: SARA PEZ ($50 in chips) 
Seat 4: CaptMorgan59 ($31.05 in chips) 
Seat 5: Soply ($52.70 in chips) 
Seat 6: ricecooka972 ($51.95 in chips) 
Seat 7: gfs2929 ($12.35 in chips) 
Seat 8: geringmi ($23.75 in chips) 
Seat 9: Alameda22 ($50.80 in chips) 
ricecooka972: posts small blind $0.25
gfs2929: posts big blind $0.50
*** HOLE CARDS ***
Dealt to Alameda22 [4s 8h]
geringmi: folds 
Alameda22: folds 
attaboy1988: folds 
johnny_nasch: folds 
SARA PEZ: folds 
CaptMorgan59: folds 
Soply: raises $1.50 to $2
ricecooka972: folds 
gfs2929: folds 
Uncalled bet ($1.50) returned to Soply
Soply collected $1.25 from pot
*** SUMMARY ***
Total pot $1.25 | Rake $0 
Seat 1: attaboy1988 folded before Flop (didn't bet)
Seat 2: johnny_nasch folded before Flop (didn't bet)
Seat 3: SARA PEZ folded before Flop (didn't bet)
Seat 4: CaptMorgan59 folded before Flop (didn't bet)
Seat 5: Soply (button) collected ($1.25)
Seat 6: ricecooka972 (small blind) folded before Flop
Seat 7: gfs2929 (big blind) folded before Flop
Seat 8: geringmi folded before Flop (didn't bet)
Seat 9: Alameda22 folded before Flop (didn't bet)



PokerStars Game #20148956224:  Hold'em No Limit ($0.25/$0.50) - 2008/09/04 18:16:45 ET
Table 'Iclea IV' 9-max Seat #6 is the button
Seat 1: attaboy1988 ($27.25 in chips) 
Seat 2: johnny_nasch ($10 in chips) 
Seat 3: SARA PEZ ($50 in chips) 
Seat 4: CaptMorgan59 ($31.05 in chips) 
Seat 5: Soply ($53.45 in chips) 
Seat 6: ricecooka972 ($51.70 in chips) 
Seat 7: gfs2929 ($11.85 in chips) 
Seat 8: geringmi ($23.75 in chips) 
Seat 9: Alameda22 ($50.80 in chips) 
gfs2929: posts small blind $0.25
geringmi: posts big blind $0.50
*** HOLE CARDS ***
Dealt to Alameda22 [6d 9c]
Alameda22: folds 
attaboy1988: folds 
johnny_nasch: folds 
SARA PEZ: folds 
CaptMorgan59: folds 
Soply: raises $1.50 to $2
ricecooka972: folds 
gfs2929: folds 
geringmi: folds 
Uncalled bet ($1.50) returned to Soply
Soply collected $1.25 from pot
*** SUMMARY ***
Total pot $1.25 | Rake $0 
Seat 1: attaboy1988 folded before Flop (didn't bet)
Seat 2: johnny_nasch folded before Flop (didn't bet)
Seat 3: SARA PEZ folded before Flop (didn't bet)
Seat 4: CaptMorgan59 folded before Flop (didn't bet)
Seat 5: Soply collected ($1.25)
Seat 6: ricecooka972 (button) folded before Flop (didn't bet)
Seat 7: gfs2929 (small blind) folded before Flop
Seat 8: geringmi (big blind) folded before Flop
Seat 9: Alameda22 folded before Flop (didn't bet)



PokerStars Game #20148983219:  Hold'em No Limit ($0.25/$0.50) - 2008/09/04 18:17:55 ET
Table 'Iclea IV' 9-max Seat #7 is the button
Seat 1: attaboy1988 ($27.25 in chips) 
Seat 2: johnny_nasch ($10 in chips) 
Seat 3: SARA PEZ ($50 in chips) 
Seat 4: CaptMorgan59 ($31.05 in chips) 
Seat 5: Soply ($54.20 in chips) 
Seat 6: ricecooka972 ($51.70 in chips) 
Seat 7: gfs2929 ($11.60 in chips) 
Seat 8: geringmi ($23.25 in chips) 
Seat 9: Alameda22 ($50.80 in chips) 
geringmi: posts small blind $0.25
Alameda22: posts big blind $0.50
*** HOLE CARDS ***
Dealt to Alameda22 [4s Kd]
attaboy1988: folds 
johnny_nasch: raises $1.50 to $2
SARA PEZ: folds 
CaptMorgan59: calls $2
Soply: folds 
ricecooka972: folds 
gfs2929 has timed out
gfs2929: folds 
gfs2929 is sitting out
geringmi: folds 
Alameda22: folds 
*** FLOP *** [Jd 4c 6d]
johnny_nasch: checks 
CaptMorgan59: checks 
*** TURN *** [Jd 4c 6d] [Ac]
johnny_nasch: checks 
CaptMorgan59: checks 
*** RIVER *** [Jd 4c 6d Ac] [3d]
johnny_nasch: bets $1.50
CaptMorgan59: raises $3.50 to $5
johnny_nasch: folds 
Uncalled bet ($3.50) returned to CaptMorgan59
CaptMorgan59 collected $7.40 from pot
CaptMorgan59: doesn't show hand 
*** SUMMARY ***
Total pot $7.75 | Rake $0.35 
Board [Jd 4c 6d Ac 3d]
Seat 1: attaboy1988 folded before Flop (didn't bet)
Seat 2: johnny_nasch folded on the River
Seat 3: SARA PEZ folded before Flop (didn't bet)
Seat 4: CaptMorgan59 collected ($7.40)
Seat 5: Soply folded before Flop (didn't bet)
Seat 6: ricecooka972 folded before Flop (didn't bet)
Seat 7: gfs2929 (button) folded before Flop (didn't bet)
Seat 8: geringmi (small blind) folded before Flop
Seat 9: Alameda22 (big blind) folded before Flop



PokerStars Game #20149025381:  Hold'em No Limit ($0.25/$0.50) - 2008/09/04 18:19:45 ET
Table 'Iclea IV' 9-max Seat #8 is the button
Seat 1: attaboy1988 ($27.25 in chips) 
Seat 2: johnny_nasch ($6.50 in chips) 
Seat 3: SARA PEZ ($50 in chips) 
Seat 4: CaptMorgan59 ($34.95 in chips) 
Seat 5: Soply ($54.20 in chips) 
Seat 6: ricecooka972 ($51.70 in chips) 
Seat 8: geringmi ($23 in chips) 
Seat 9: Alameda22 ($50.30 in chips) 
Alameda22: posts small blind $0.25
gfs2929 has returned
attaboy1988: posts big blind $0.50
*** HOLE CARDS ***
Dealt to Alameda22 [Ks 9d]
johnny_nasch: folds 
SARA PEZ: folds 
CaptMorgan59: folds 
Soply: folds 
ricecooka972: folds 
geringmi: folds 
Alameda22: folds 
Uncalled bet ($0.25) returned to attaboy1988
attaboy1988 collected $0.50 from pot
attaboy1988: doesn't show hand 
*** SUMMARY ***
Total pot $0.50 | Rake $0 
Seat 1: attaboy1988 (big blind) collected ($0.50)
Seat 2: johnny_nasch folded before Flop (didn't bet)
Seat 3: SARA PEZ folded before Flop (didn't bet)
Seat 4: CaptMorgan59 folded before Flop (didn't bet)
Seat 5: Soply folded before Flop (didn't bet)
Seat 6: ricecooka972 folded before Flop (didn't bet)
Seat 8: geringmi (button) folded before Flop (didn't bet)
Seat 9: Alameda22 (small blind) folded before Flop



PokerStars Game #20149055927:  Hold'em No Limit ($0.25/$0.50) - 2008/09/04 18:21:05 ET
Table 'Iclea IV' 9-max Seat #9 is the button
Seat 1: attaboy1988 ($27.50 in chips) 
Seat 2: johnny_nasch ($6.50 in chips) 
Seat 3: SARA PEZ ($50 in chips) 
Seat 4: CaptMorgan59 ($34.95 in chips) 
Seat 5: Soply ($54.20 in chips) 
Seat 6: ricecooka972 ($51.70 in chips) 
Seat 7: gfs2929 ($11.60 in chips) 
Seat 8: geringmi ($23 in chips) 
Seat 9: Alameda22 ($50.05 in chips) 
attaboy1988: posts small blind $0.25
johnny_nasch: posts big blind $0.50
*** HOLE CARDS ***
Dealt to Alameda22 [7c 2d]
SARA PEZ: raises $0.75 to $1.25
CaptMorgan59: folds 
Soply: folds 
ricecooka972: folds 
gfs2929: folds 
geringmi: folds 
Alameda22: folds 
attaboy1988: calls $1
johnny_nasch: folds 
*** FLOP *** [3s 3c 7s]
attaboy1988: checks 
SARA PEZ: bets $1.50
attaboy1988: calls $1.50
*** TURN *** [3s 3c 7s] [Td]
attaboy1988: bets $1
SARA PEZ: calls $1
*** RIVER *** [3s 3c 7s Td] [7h]
attaboy1988: checks 
SARA PEZ: checks 
*** SHOW DOWN ***
attaboy1988: shows [Js Th] (two pair, Tens and Sevens)
SARA PEZ: mucks hand 
attaboy1988 collected $7.65 from pot
*** SUMMARY ***
Total pot $8 | Rake $0.35 
Board [3s 3c 7s Td 7h]
Seat 1: attaboy1988 (small blind) showed [Js Th] and won ($7.65) with two pair, Tens and Sevens
Seat 2: johnny_nasch (big blind) folded before Flop
Seat 3: SARA PEZ mucked [5h 5s]
Seat 4: CaptMorgan59 folded before Flop (didn't bet)
Seat 5: Soply folded before Flop (didn't bet)
Seat 6: ricecooka972 folded before Flop (didn't bet)
Seat 7: gfs2929 folded before Flop (didn't bet)
Seat 8: geringmi folded before Flop (didn't bet)
Seat 9: Alameda22 (button) folded before Flop (didn't bet)



PokerStars Game #20149098416:  Hold'em No Limit ($0.25/$0.50) - 2008/09/04 18:22:57 ET
Table 'Iclea IV' 9-max Seat #1 is the button
Seat 1: attaboy1988 ($31.40 in chips) 
Seat 2: johnny_nasch ($10 in chips) 
Seat 3: SARA PEZ ($50 in chips) 
Seat 4: CaptMorgan59 ($34.95 in chips) 
Seat 5: Soply ($54.20 in chips) 
Seat 6: ricecooka972 ($51.70 in chips) 
Seat 7: gfs2929 ($11.60 in chips) 
Seat 8: geringmi ($23 in chips) 
Seat 9: Alameda22 ($50.05 in chips) 
johnny_nasch: posts small blind $0.25
SARA PEZ: posts big blind $0.50
*** HOLE CARDS ***
Dealt to Alameda22 [4h 4d]
CaptMorgan59: folds 
Soply: raises $1.50 to $2
ricecooka972: folds 
gfs2929: folds 
geringmi: folds 
Alameda22: calls $2
attaboy1988: folds 
johnny_nasch: calls $1.75
SARA PEZ: folds 
*** FLOP *** [3d 8c 5d]
johnny_nasch: bets $4
Soply: raises $4 to $8
Alameda22: folds 
johnny_nasch: calls $4 and is all-in
*** TURN *** [3d 8c 5d] [4s]
*** RIVER *** [3d 8c 5d 4s] [2h]
*** SHOW DOWN ***
johnny_nasch: shows [Jc Jh] (a pair of Jacks)
Soply: shows [9d 9h] (a pair of Nines)
johnny_nasch collected $21.40 from pot
*** SUMMARY ***
Total pot $22.50 | Rake $1.10 
Board [3d 8c 5d 4s 2h]
Seat 1: attaboy1988 (button) folded before Flop (didn't bet)
Seat 2: johnny_nasch (small blind) showed [Jc Jh] and won ($21.40) with a pair of Jacks
Seat 3: SARA PEZ (big blind) folded before Flop
Seat 4: CaptMorgan59 folded before Flop (didn't bet)
Seat 5: Soply showed [9d 9h] and lost with a pair of Nines
Seat 6: ricecooka972 folded before Flop (didn't bet)
Seat 7: gfs2929 folded before Flop (didn't bet)
Seat 8: geringmi folded before Flop (didn't bet)
Seat 9: Alameda22 folded on the Flop



PokerStars Game #20149137534:  Hold'em No Limit ($0.25/$0.50) - 2008/09/04 18:24:40 ET
Table 'Iclea IV' 9-max Seat #2 is the button
Seat 1: attaboy1988 ($31.40 in chips) 
Seat 2: johnny_nasch ($21.40 in chips) 
Seat 3: SARA PEZ ($50 in chips) 
Seat 4: CaptMorgan59 ($34.95 in chips) 
Seat 5: Soply ($44.20 in chips) 
Seat 6: ricecooka972 ($51.70 in chips) 
Seat 7: gfs2929 ($11.60 in chips) 
Seat 8: geringmi ($23 in chips) 
Seat 9: Alameda22 ($48.05 in chips) 
SARA PEZ: posts small blind $0.25
CaptMorgan59: posts big blind $0.50
*** HOLE CARDS ***
Dealt to Alameda22 [3d Jh]
Soply: folds 
ricecooka972: folds 
gfs2929: folds 
geringmi: raises $1.50 to $2
Alameda22: folds 
attaboy1988: folds 
johnny_nasch: folds 
SARA PEZ: folds 
CaptMorgan59: folds 
Uncalled bet ($1.50) returned to geringmi
CaptMorgan59 leaves the table
geringmi collected $1.25 from pot
geringmi: doesn't show hand 
*** SUMMARY ***
Total pot $1.25 | Rake $0 
Seat 1: attaboy1988 folded before Flop (didn't bet)
Seat 2: johnny_nasch (button) folded before Flop (didn't bet)
Seat 3: SARA PEZ (small blind) folded before Flop
Seat 4: CaptMorgan59 (big blind) folded before Flop
Seat 5: Soply folded before Flop (didn't bet)
Seat 6: ricecooka972 folded before Flop (didn't bet)
Seat 7: gfs2929 folded before Flop (didn't bet)
Seat 8: geringmi collected ($1.25)
Seat 9: Alameda22 folded before Flop (didn't bet)



PokerStars Game #20149160911:  Hold'em No Limit ($0.25/$0.50) - 2008/09/04 18:25:41 ET
Table 'Iclea IV' 9-max Seat #3 is the button
Seat 1: attaboy1988 ($31.40 in chips) 
Seat 2: johnny_nasch ($21.40 in chips) 
Seat 3: SARA PEZ ($49.75 in chips) 
Seat 5: Soply ($44.20 in chips) 
Seat 6: ricecooka972 ($51.70 in chips) 
Seat 7: gfs2929 ($11.60 in chips) 
Seat 8: geringmi ($23.75 in chips) 
Seat 9: Alameda22 ($48.05 in chips) 
Soply: posts small blind $0.25
ricecooka972: posts big blind $0.50
*** HOLE CARDS ***
Dealt to Alameda22 [3d 7c]
gfs2929: folds 
geringmi: folds 
Alameda22: folds 
attaboy1988: calls $0.50
johnny_nasch: folds 
SARA PEZ: folds 
Soply: folds 
ricecooka972: checks 
*** FLOP *** [4s Jh 5d]
PortHitMan joins the table at seat #4 
ricecooka972: checks 
attaboy1988: checks 
*** TURN *** [4s Jh 5d] [3c]
gfs2929 leaves the table
ricecooka972: checks 
attaboy1988: checks 
*** RIVER *** [4s Jh 5d 3c] [2h]
ricecooka972: checks 
attaboy1988: checks 
*** SHOW DOWN ***
ricecooka972: shows [5s 8h] (a pair of Fives)
attaboy1988: mucks hand 
ricecooka972 collected $1.20 from pot
*** SUMMARY ***
Total pot $1.25 | Rake $0.05 
Board [4s Jh 5d 3c 2h]
Seat 1: attaboy1988 mucked [Kc 4h]
Seat 2: johnny_nasch folded before Flop (didn't bet)
Seat 3: SARA PEZ (button) folded before Flop (didn't bet)
Seat 5: Soply (small blind) folded before Flop
Seat 6: ricecooka972 (big blind) showed [5s 8h] and won ($1.20) with a pair of Fives
Seat 7: gfs2929 folded before Flop (didn't bet)
Seat 8: geringmi folded before Flop (didn't bet)
Seat 9: Alameda22 folded before Flop (didn't bet)



PokerStars Game #20149192897:  Hold'em No Limit ($0.25/$0.50) - 2008/09/04 18:27:06 ET
Table 'Iclea IV' 9-max Seat #5 is the button
Seat 1: attaboy1988 ($30.90 in chips) 
Seat 2: johnny_nasch ($21.40 in chips) 
Seat 3: SARA PEZ ($49.75 in chips) 
Seat 4: PortHitMan ($15 in chips) 
Seat 5: Soply ($43.95 in chips) 
Seat 6: ricecooka972 ($52.40 in chips) 
Seat 8: geringmi ($23.75 in chips) 
Seat 9: Alameda22 ($48.05 in chips) 
ricecooka972: posts small blind $0.25
geringmi: posts big blind $0.50
PortHitMan: posts big blind $0.50
*** HOLE CARDS ***
Dealt to Alameda22 [5d 4h]
Alameda22: folds 
attaboy1988: folds 
johnny_nasch: folds 
Chuki_Dos joins the table at seat #7 
SARA PEZ: folds 
PortHitMan: checks 
Soply: folds 
ricecooka972: calls $0.25
geringmi: checks 
*** FLOP *** [9h 8s Ac]
ricecooka972: checks 
geringmi: checks 
PortHitMan: bets $1
ricecooka972: folds 
geringmi: folds 
Uncalled bet ($1) returned to PortHitMan
PortHitMan collected $1.45 from pot
PortHitMan: doesn't show hand 
*** SUMMARY ***
Total pot $1.50 | Rake $0.05 
Board [9h 8s Ac]
Seat 1: attaboy1988 folded before Flop (didn't bet)
Seat 2: johnny_nasch folded before Flop (didn't bet)
Seat 3: SARA PEZ folded before Flop (didn't bet)
Seat 4: PortHitMan collected ($1.45)
Seat 5: Soply (button) folded before Flop (didn't bet)
Seat 6: ricecooka972 (small blind) folded on the Flop
Seat 8: geringmi (big blind) folded on the Flop
Seat 9: Alameda22 folded before Flop (didn't bet)



PokerStars Game #20149233328:  Hold'em No Limit ($0.25/$0.50) - 2008/09/04 18:28:53 ET
Table 'Iclea IV' 9-max Seat #6 is the button
Seat 1: attaboy1988 ($30.90 in chips) 
Seat 2: johnny_nasch ($21.40 in chips) 
Seat 3: SARA PEZ ($49.75 in chips) 
Seat 4: PortHitMan ($15.95 in chips) 
Seat 5: Soply ($43.95 in chips) 
Seat 6: ricecooka972 ($51.90 in chips) 
Seat 8: geringmi ($23.25 in chips) 
Seat 9: Alameda22 ($48.05 in chips) 
Chuki_Dos will be allowed to play after the button
geringmi: posts small blind $0.25
Alameda22: posts big blind $0.50
*** HOLE CARDS ***
Dealt to Alameda22 [5d Th]
attaboy1988: calls $0.50
johnny_nasch: calls $0.50
SARA PEZ: folds 
PortHitMan: raises $2.50 to $3
Soply: folds 
ricecooka972: folds 
geringmi: folds 
Alameda22: folds 
attaboy1988: folds 
johnny_nasch: folds 
Uncalled bet ($2.50) returned to PortHitMan
PortHitMan collected $2.25 from pot
PortHitMan: doesn't show hand 
*** SUMMARY ***
Total pot $2.25 | Rake $0 
Seat 1: attaboy1988 folded before Flop
Seat 2: johnny_nasch folded before Flop
Seat 3: SARA PEZ folded before Flop (didn't bet)
Seat 4: PortHitMan collected ($2.25)
Seat 5: Soply folded before Flop (didn't bet)
Seat 6: ricecooka972 (button) folded before Flop (didn't bet)
Seat 8: geringmi (small blind) folded before Flop
Seat 9: Alameda22 (big blind) folded before Flop



PokerStars Game #20149251518:  Hold'em No Limit ($0.25/$0.50) - 2008/09/04 18:29:41 ET
Table 'Iclea IV' 9-max Seat #8 is the button
Seat 1: attaboy1988 ($30.40 in chips) 
Seat 2: johnny_nasch ($20.90 in chips) 
Seat 3: SARA PEZ ($49.75 in chips) 
Seat 4: PortHitMan ($17.70 in chips) 
Seat 5: Soply ($43.95 in chips) 
Seat 6: ricecooka972 ($51.90 in chips) 
Seat 7: Chuki_Dos ($14.40 in chips) 
Seat 8: geringmi ($23 in chips) 
Seat 9: Alameda22 ($47.55 in chips) 
Alameda22: posts small blind $0.25
attaboy1988: posts big blind $0.50
Chuki_Dos: posts big blind $0.50
*** HOLE CARDS ***
Dealt to Alameda22 [6d Js]
johnny_nasch: folds 
SARA PEZ: folds 
PortHitMan: raises $0.50 to $1
Soply: folds 
ricecooka972: folds 
Chuki_Dos: calls $0.50
geringmi: folds 
Alameda22: folds 
attaboy1988: calls $0.50
*** FLOP *** [Qs Ad 9s]
attaboy1988: checks 
PortHitMan: bets $2
Chuki_Dos: calls $2
attaboy1988: folds 
*** TURN *** [Qs Ad 9s] [2d]
PortHitMan: checks 
Chuki_Dos: bets $2
PortHitMan: folds 
Uncalled bet ($2) returned to Chuki_Dos
Chuki_Dos collected $6.90 from pot
*** SUMMARY ***
Total pot $7.25 | Rake $0.35 
Board [Qs Ad 9s 2d]
Seat 1: attaboy1988 (big blind) folded on the Flop
Seat 2: johnny_nasch folded before Flop (didn't bet)
Seat 3: SARA PEZ folded before Flop (didn't bet)
Seat 4: PortHitMan folded on the Turn
Seat 5: Soply folded before Flop (didn't bet)
Seat 6: ricecooka972 folded before Flop (didn't bet)
Seat 7: Chuki_Dos collected ($6.90)
Seat 8: geringmi (button) folded before Flop (didn't bet)
Seat 9: Alameda22 (small blind) folded before Flop



PokerStars Game #20149280347:  Hold'em No Limit ($0.25/$0.50) - 2008/09/04 18:30:58 ET
Table 'Iclea IV' 9-max Seat #9 is the button
Seat 1: attaboy1988 ($29.40 in chips) 
Seat 3: SARA PEZ ($49.75 in chips) 
Seat 4: PortHitMan ($14.70 in chips) 
Seat 5: Soply ($43.95 in chips) 
Seat 6: ricecooka972 ($51.90 in chips) 
Seat 7: Chuki_Dos ($18.30 in chips) 
Seat 8: geringmi ($23 in chips) 
Seat 9: Alameda22 ($47.30 in chips) 
attaboy1988: posts small blind $0.25
johnny_nasch: is sitting out 
SARA PEZ: posts big blind $0.50
*** HOLE CARDS ***
Dealt to Alameda22 [8c Qh]
johnny_nasch leaves the table
PortHitMan: folds 
Soply: folds 
ricecooka972: folds 
Chuki_Dos: calls $0.50
geringmi: folds 
Alameda22: folds 
attaboy1988: calls $0.25
SARA PEZ: checks 
*** FLOP *** [Jh 8s 4d]
attaboy1988: checks 
SARA PEZ: bets $1
Chuki_Dos: calls $1
attaboy1988: calls $1
*** TURN *** [Jh 8s 4d] [Qc]
attaboy1988: checks 
SARA PEZ: checks 
Chuki_Dos: checks 
*** RIVER *** [Jh 8s 4d Qc] [Th]
attaboy1988: bets $2.50
SARA PEZ: folds 
Chuki_Dos: folds 
Uncalled bet ($2.50) returned to attaboy1988
attaboy1988 collected $4.30 from pot
attaboy1988: doesn't show hand 
*** SUMMARY ***
Total pot $4.50 | Rake $0.20 
Board [Jh 8s 4d Qc Th]
Seat 1: attaboy1988 (small blind) collected ($4.30)
Seat 3: SARA PEZ (big blind) folded on the River
Seat 4: PortHitMan folded before Flop (didn't bet)
Seat 5: Soply folded before Flop (didn't bet)
Seat 6: ricecooka972 folded before Flop (didn't bet)
Seat 7: Chuki_Dos folded on the River
Seat 8: geringmi folded before Flop (didn't bet)
Seat 9: Alameda22 (button) folded before Flop (didn't bet)



PokerStars Game #20149326830:  Hold'em No Limit ($0.25/$0.50) - 2008/09/04 18:33:03 ET
Table 'Iclea IV' 9-max Seat #1 is the button
Seat 1: attaboy1988 ($32.20 in chips) 
Seat 3: SARA PEZ ($50 in chips) 
Seat 4: PortHitMan ($14.70 in chips) 
Seat 5: Soply ($43.95 in chips) 
Seat 6: ricecooka972 ($51.90 in chips) 
Seat 7: Chuki_Dos ($16.80 in chips) 
Seat 8: geringmi ($23 in chips) 
Seat 9: Alameda22 ($47.30 in chips) 
SARA PEZ: posts small blind $0.25
PortHitMan: posts big blind $0.50
*** HOLE CARDS ***
Dealt to Alameda22 [9d Kd]
Soply: folds 
ricecooka972: folds 
Chuki_Dos: folds 
geringmi: folds 
Alameda22: folds 
attaboy1988: folds 
SARA PEZ: folds 
Uncalled bet ($0.25) returned to PortHitMan
PortHitMan collected $0.50 from pot
*** SUMMARY ***
Total pot $0.50 | Rake $0 
Seat 1: attaboy1988 (button) folded before Flop (didn't bet)
Seat 3: SARA PEZ (small blind) folded before Flop
Seat 4: PortHitMan (big blind) collected ($0.50)
Seat 5: Soply folded before Flop (didn't bet)
Seat 6: ricecooka972 folded before Flop (didn't bet)
Seat 7: Chuki_Dos folded before Flop (didn't bet)
Seat 8: geringmi folded before Flop (didn't bet)
Seat 9: Alameda22 folded before Flop (didn't bet)



PokerStars Game #20149355363:  Hold'em No Limit ($0.25/$0.50) - 2008/09/04 18:34:21 ET
Table 'Iclea IV' 9-max Seat #3 is the button
Seat 1: attaboy1988 ($32.20 in chips) 
Seat 3: SARA PEZ ($49.75 in chips) 
Seat 4: PortHitMan ($14.95 in chips) 
Seat 5: Soply ($43.95 in chips) 
Seat 6: ricecooka972 ($51.90 in chips) 
Seat 7: Chuki_Dos ($16.80 in chips) 
Seat 8: geringmi ($23 in chips) 
Seat 9: Alameda22 ($47.30 in chips) 
PortHitMan: posts small blind $0.25
Soply: posts big blind $0.50
*** HOLE CARDS ***
Dealt to Alameda22 [Tc Jd]
ricecooka972: folds 
Chuki_Dos: folds 
geringmi: folds 
Alameda22: folds 
attaboy1988: folds 
SARA PEZ: raises $0.75 to $1.25
PortHitMan: calls $1
Soply: folds 
*** FLOP *** [6d Qc Ah]
PortHitMan: checks 
SARA PEZ: checks 
*** TURN *** [6d Qc Ah] [9s]
PortHitMan: bets $1
SARA PEZ: calls $1
*** RIVER *** [6d Qc Ah 9s] [5s]
PortHitMan: checks 
SARA PEZ: bets $3
PortHitMan: folds 
Uncalled bet ($3) returned to SARA PEZ
SARA PEZ collected $4.80 from pot
SARA PEZ: doesn't show hand 
*** SUMMARY ***
Total pot $5 | Rake $0.20 
Board [6d Qc Ah 9s 5s]
Seat 1: attaboy1988 folded before Flop (didn't bet)
Seat 3: SARA PEZ (button) collected ($4.80)
Seat 4: PortHitMan (small blind) folded on the River
Seat 5: Soply (big blind) folded before Flop
Seat 6: ricecooka972 folded before Flop (didn't bet)
Seat 7: Chuki_Dos folded before Flop (didn't bet)
Seat 8: geringmi folded before Flop (didn't bet)
Seat 9: Alameda22 folded before Flop (didn't bet)



PokerStars Game #20149402501:  Hold'em No Limit ($0.25/$0.50) - 2008/09/04 18:36:27 ET
Table 'Iclea IV' 9-max Seat #4 is the button
Seat 1: attaboy1988 ($32.20 in chips) 
Seat 3: SARA PEZ ($52.30 in chips) 
Seat 4: PortHitMan ($12.70 in chips) 
Seat 5: Soply ($43.45 in chips) 
Seat 6: ricecooka972 ($51.90 in chips) 
Seat 7: Chuki_Dos ($16.80 in chips) 
Seat 8: geringmi ($23 in chips) 
Seat 9: Alameda22 ($47.30 in chips) 
Soply: posts small blind $0.25
ricecooka972: posts big blind $0.50
*** HOLE CARDS ***
Dealt to Alameda22 [7d Ts]
Chuki_Dos: folds 
geringmi: folds 
Alameda22: folds 
attaboy1988: calls $0.50
SARA PEZ: folds 
PortHitMan: folds 
Soply: folds 
ricecooka972: checks 
*** FLOP *** [5c Ac 2d]
ricecooka972: checks 
attaboy1988: bets $0.50
ricecooka972: folds 
Uncalled bet ($0.50) returned to attaboy1988
attaboy1988 collected $1.20 from pot
attaboy1988: shows [2h 2s] (three of a kind, Deuces)
*** SUMMARY ***
Total pot $1.25 | Rake $0.05 
Board [5c Ac 2d]
Seat 1: attaboy1988 collected ($1.20)
Seat 3: SARA PEZ folded before Flop (didn't bet)
Seat 4: PortHitMan (button) folded before Flop (didn't bet)
Seat 5: Soply (small blind) folded before Flop
Seat 6: ricecooka972 (big blind) folded on the Flop
Seat 7: Chuki_Dos folded before Flop (didn't bet)
Seat 8: geringmi folded before Flop (didn't bet)
Seat 9: Alameda22 folded before Flop (didn't bet)



PokerStars Game #20149421651:  Hold'em No Limit ($0.25/$0.50) - 2008/09/04 18:37:19 ET
Table 'Iclea IV' 9-max Seat #5 is the button
Seat 1: attaboy1988 ($32.90 in chips) 
Seat 3: SARA PEZ ($52.30 in chips) 
Seat 4: PortHitMan ($12.70 in chips) 
Seat 5: Soply ($43.20 in chips) 
Seat 6: ricecooka972 ($51.40 in chips) 
Seat 7: Chuki_Dos ($16.80 in chips) 
Seat 8: geringmi ($23 in chips) 
Seat 9: Alameda22 ($47.30 in chips) 
ricecooka972: posts small blind $0.25
Chuki_Dos: posts big blind $0.50
*** HOLE CARDS ***
Dealt to Alameda22 [4h 7c]
geringmi: folds 
Frontkicker joins the table at seat #2 
Frontkicker is sitting out
Alameda22: folds 
attaboy1988: folds 
SARA PEZ: folds 
PortHitMan: folds 
Soply: raises $1.50 to $2
ricecooka972: folds 
Frontkicker has returned
Chuki_Dos: raises $2 to $4
Soply: calls $2
*** FLOP *** [9d Kc 4d]
Chuki_Dos: bets $5
Soply: folds 
Uncalled bet ($5) returned to Chuki_Dos
Chuki_Dos collected $7.85 from pot
*** SUMMARY ***
Total pot $8.25 | Rake $0.40 
Board [9d Kc 4d]
Seat 1: attaboy1988 folded before Flop (didn't bet)
Seat 3: SARA PEZ folded before Flop (didn't bet)
Seat 4: PortHitMan folded before Flop (didn't bet)
Seat 5: Soply (button) folded on the Flop
Seat 6: ricecooka972 (small blind) folded before Flop
Seat 7: Chuki_Dos (big blind) collected ($7.85)
Seat 8: geringmi folded before Flop (didn't bet)
Seat 9: Alameda22 folded before Flop (didn't bet)



PokerStars Game #20149467781:  Hold'em No Limit ($0.25/$0.50) - 2008/09/04 18:39:21 ET
Table 'Iclea IV' 9-max Seat #6 is the button
Seat 1: attaboy1988 ($32.90 in chips) 
Seat 3: SARA PEZ ($52.30 in chips) 
Seat 4: PortHitMan ($12.70 in chips) 
Seat 5: Soply ($39.20 in chips) 
Seat 6: ricecooka972 ($51.15 in chips) 
Seat 7: Chuki_Dos ($20.65 in chips) 
Seat 8: geringmi ($23 in chips) 
Seat 9: Alameda22 ($47.30 in chips) 
Chuki_Dos: posts small blind $0.25
geringmi: posts big blind $0.50
Frontkicker: sits out 
*** HOLE CARDS ***
Dealt to Alameda22 [2c 4s]
Alameda22: folds 
attaboy1988: calls $0.50
SARA PEZ: raises $1.50 to $2
PortHitMan: folds 
Soply: folds 
ricecooka972: folds 
Chuki_Dos: folds 
geringmi: folds 
attaboy1988: calls $1.50
*** FLOP *** [9h Tc 4h]
attaboy1988: checks 
SARA PEZ: checks 
*** TURN *** [9h Tc 4h] [2d]
attaboy1988: checks 
SARA PEZ: bets $2.50
attaboy1988: calls $2.50
*** RIVER *** [9h Tc 4h 2d] [Ah]
attaboy1988: bets $5
SARA PEZ: folds 
Uncalled bet ($5) returned to attaboy1988
attaboy1988 collected $9.30 from pot
attaboy1988: shows [Ac Ad] (three of a kind, Aces)
*** SUMMARY ***
Total pot $9.75 | Rake $0.45 
Board [9h Tc 4h 2d Ah]
Seat 1: attaboy1988 collected ($9.30)
Seat 3: SARA PEZ folded on the River
Seat 4: PortHitMan folded before Flop (didn't bet)
Seat 5: Soply folded before Flop (didn't bet)
Seat 6: ricecooka972 (button) folded before Flop (didn't bet)
Seat 7: Chuki_Dos (small blind) folded before Flop
Seat 8: geringmi (big blind) folded before Flop
Seat 9: Alameda22 folded before Flop (didn't bet)



PokerStars Game #20149510400:  Hold'em No Limit ($0.25/$0.50) - 2008/09/04 18:41:17 ET
Table 'Iclea IV' 9-max Seat #7 is the button
Seat 1: attaboy1988 ($37.70 in chips) 
Seat 3: SARA PEZ ($50 in chips) 
Seat 4: PortHitMan ($12.70 in chips) 
Seat 5: Soply ($39.20 in chips) 
Seat 6: ricecooka972 ($51.15 in chips) 
Seat 7: Chuki_Dos ($20.40 in chips) 
Seat 8: geringmi ($22.50 in chips) 
Seat 9: Alameda22 ($47.30 in chips) 
geringmi: posts small blind $0.25
Alameda22: posts big blind $0.50
Frontkicker: sits out 
*** HOLE CARDS ***
Dealt to Alameda22 [2d 9c]
attaboy1988: calls $0.50
SARA PEZ: raises $1.50 to $2
PortHitMan: folds 
Soply: raises $5 to $7
ricecooka972: folds 
Chuki_Dos: folds 
geringmi: folds 
Alameda22: folds 
attaboy1988: folds 
attaboy1988 is sitting out
SARA PEZ: folds 
Uncalled bet ($5) returned to Soply
Soply collected $5.25 from pot
*** SUMMARY ***
Total pot $5.25 | Rake $0 
Seat 1: attaboy1988 folded before Flop
Seat 3: SARA PEZ folded before Flop
Seat 4: PortHitMan folded before Flop (didn't bet)
Seat 5: Soply collected ($5.25)
Seat 6: ricecooka972 folded before Flop (didn't bet)
Seat 7: Chuki_Dos (button) folded before Flop (didn't bet)
Seat 8: geringmi (small blind) folded before Flop
Seat 9: Alameda22 (big blind) folded before Flop



PokerStars Game #20149543779:  Hold'em No Limit ($0.25/$0.50) - 2008/09/04 18:42:47 ET
Table 'Iclea IV' 9-max Seat #8 is the button
Seat 2: Frontkicker ($50 in chips) 
Seat 3: SARA PEZ ($50 in chips) 
Seat 4: PortHitMan ($12.70 in chips) 
Seat 5: Soply ($42.45 in chips) 
Seat 6: ricecooka972 ($51.15 in chips) 
Seat 7: Chuki_Dos ($20.40 in chips) 
Seat 8: geringmi ($22.25 in chips) 
Seat 9: Alameda22 ($46.80 in chips) 
Alameda22: posts small blind $0.25
attaboy1988 leaves the table
Frontkicker: posts big blind $0.50
*** HOLE CARDS ***
Dealt to Alameda22 [Jd Ac]
SARA PEZ: folds 
PortHitMan: folds 
Soply: folds 
ricecooka972: folds 
Chuki_Dos: folds 
geringmi: raises $1.50 to $2
Alameda22: calls $1.75
Frontkicker: folds 
*** FLOP *** [6s Jh 4s]
Alameda22: checks 
geringmi: bets $2.50
Alameda22: calls $2.50
*** TURN *** [6s Jh 4s] [7s]
Alameda22: checks 
geringmi: checks 
*** RIVER *** [6s Jh 4s 7s] [4c]
Alameda22: bets $5
geringmi: folds 
Uncalled bet ($5) returned to Alameda22
geringmi leaves the table
Alameda22 collected $9.05 from pot
Alameda22: doesn't show hand 
*** SUMMARY ***
Total pot $9.50 | Rake $0.45 
Board [6s Jh 4s 7s 4c]
Seat 2: Frontkicker (big blind) folded before Flop
Seat 3: SARA PEZ folded before Flop (didn't bet)
Seat 4: PortHitMan folded before Flop (didn't bet)
Seat 5: Soply folded before Flop (didn't bet)
Seat 6: ricecooka972 folded before Flop (didn't bet)
Seat 7: Chuki_Dos folded before Flop (didn't bet)
Seat 8: geringmi (button) folded on the River
Seat 9: Alameda22 (small blind) collected ($9.05)



PokerStars Game #20149584933:  Hold'em No Limit ($0.25/$0.50) - 2008/09/04 18:44:39 ET
Table 'Iclea IV' 9-max Seat #9 is the button
Seat 2: Frontkicker ($49.50 in chips) 
Seat 3: SARA PEZ ($50 in chips) 
Seat 4: PortHitMan ($12.70 in chips) 
Seat 5: Soply ($42.45 in chips) 
Seat 6: ricecooka972 ($51.15 in chips) 
Seat 7: Chuki_Dos ($20.40 in chips) 
Seat 9: Alameda22 ($51.35 in chips) 
Frontkicker: posts small blind $0.25
SARA PEZ: posts big blind $0.50
*** HOLE CARDS ***
Dealt to Alameda22 [Ac Qh]
PortHitMan: folds 
Soply: folds 
PortHitMan leaves the table
ricecooka972: folds 
Chuki_Dos: raises $1 to $1.50
Alameda22: folds 
Frontkicker: folds 
SARA PEZ: folds 
Uncalled bet ($1) returned to Chuki_Dos
Chuki_Dos collected $1.25 from pot
*** SUMMARY ***
Total pot $1.25 | Rake $0 
Seat 2: Frontkicker (small blind) folded before Flop
Seat 3: SARA PEZ (big blind) folded before Flop
Seat 4: PortHitMan folded before Flop (didn't bet)
Seat 5: Soply folded before Flop (didn't bet)
Seat 6: ricecooka972 folded before Flop (didn't bet)
Seat 7: Chuki_Dos collected ($1.25)
Seat 9: Alameda22 (button) folded before Flop (didn't bet)



PokerStars Game #20149604692:  Hold'em No Limit ($0.25/$0.50) - 2008/09/04 18:45:33 ET
Table 'Iclea IV' 9-max Seat #2 is the button
Seat 2: Frontkicker ($49.25 in chips) 
Seat 3: SARA PEZ ($49.50 in chips) 
Seat 5: Soply ($42.45 in chips) 
Seat 6: ricecooka972 ($51.15 in chips) 
Seat 7: Chuki_Dos ($21.15 in chips) 
Seat 9: Alameda22 ($51.35 in chips) 
SARA PEZ: posts small blind $0.25
Soply: posts big blind $0.50
*** HOLE CARDS ***
Dealt to Alameda22 [Ah 5h]
ricecooka972: folds 
Chuki_Dos: folds 
Alameda22: folds 
Frontkicker: raises $1.50 to $2
SARA PEZ: folds 
Soply: folds 
Uncalled bet ($1.50) returned to Frontkicker
Frontkicker collected $1.25 from pot
Frontkicker: doesn't show hand 
*** SUMMARY ***
Total pot $1.25 | Rake $0 
Seat 2: Frontkicker (button) collected ($1.25)
Seat 3: SARA PEZ (small blind) folded before Flop
Seat 5: Soply (big blind) folded before Flop
Seat 6: ricecooka972 folded before Flop (didn't bet)
Seat 7: Chuki_Dos folded before Flop (didn't bet)
Seat 9: Alameda22 folded before Flop (didn't bet)



PokerStars Game #20149624426:  Hold'em No Limit ($0.25/$0.50) - 2008/09/04 18:46:27 ET
Table 'Iclea IV' 9-max Seat #3 is the button
Seat 2: Frontkicker ($50 in chips) 
Seat 3: SARA PEZ ($49.25 in chips) 
Seat 5: Soply ($41.95 in chips) 
Seat 6: ricecooka972 ($51.15 in chips) 
Seat 7: Chuki_Dos ($21.15 in chips) 
Seat 9: Alameda22 ($51.35 in chips) 
Soply: posts small blind $0.25
ricecooka972: posts big blind $0.50
*** HOLE CARDS ***
Dealt to Alameda22 [As Td]
Chuki_Dos: folds 
Alameda22: folds 
Frontkicker: raises $1.50 to $2
SARA PEZ: folds 
Soply: folds 
ricecooka972: folds 
Uncalled bet ($1.50) returned to Frontkicker
Frontkicker collected $1.25 from pot
Frontkicker: doesn't show hand 
*** SUMMARY ***
Total pot $1.25 | Rake $0 
Seat 2: Frontkicker collected ($1.25)
Seat 3: SARA PEZ (button) folded before Flop (didn't bet)
Seat 5: Soply (small blind) folded before Flop
Seat 6: ricecooka972 (big blind) folded before Flop
Seat 7: Chuki_Dos folded before Flop (didn't bet)
Seat 9: Alameda22 folded before Flop (didn't bet)



PokerStars Game #20149646333:  Hold'em No Limit ($0.25/$0.50) - 2008/09/04 18:47:26 ET
Table 'Iclea IV' 9-max Seat #5 is the button
Seat 2: Frontkicker ($50.75 in chips) 
Seat 3: SARA PEZ ($49.25 in chips) 
Seat 5: Soply ($41.70 in chips) 
Seat 6: ricecooka972 ($50.65 in chips) 
Seat 9: Alameda22 ($51.35 in chips) 
ricecooka972: posts small blind $0.25
Chuki_Dos has timed out
Chuki_Dos: is sitting out 
Alameda22: posts big blind $0.50
*** HOLE CARDS ***
Dealt to Alameda22 [Qd Ts]
Frontkicker: folds 
SARA PEZ: folds 
Soply: raises $1.50 to $2
ricecooka972: folds 
Alameda22: folds 
Uncalled bet ($1.50) returned to Soply
Soply collected $1.25 from pot
*** SUMMARY ***
Total pot $1.25 | Rake $0 
Seat 2: Frontkicker folded before Flop (didn't bet)
Seat 3: SARA PEZ folded before Flop (didn't bet)
Seat 5: Soply (button) collected ($1.25)
Seat 6: ricecooka972 (small blind) folded before Flop
Seat 9: Alameda22 (big blind) folded before Flop



PokerStars Game #20149677233:  Hold'em No Limit ($0.25/$0.50) - 2008/09/04 18:48:50 ET
Table 'Iclea IV' 9-max Seat #6 is the button
Seat 2: Frontkicker ($50.75 in chips) 
Seat 3: SARA PEZ ($49.25 in chips) 
Seat 5: Soply ($42.45 in chips) 
Seat 6: ricecooka972 ($50.40 in chips) 
Seat 9: Alameda22 ($50.85 in chips) 
Alameda22: posts small blind $0.25
Frontkicker: posts big blind $0.50
*** HOLE CARDS ***
Dealt to Alameda22 [4d 3c]
Chuki_Dos leaves the table
SARA PEZ: folds 
Soply: folds 
ricecooka972: folds 
ACE///7304 joins the table at seat #4 
Alameda22: folds 
Uncalled bet ($0.25) returned to Frontkicker
Frontkicker collected $0.50 from pot
Frontkicker: doesn't show hand 
*** SUMMARY ***
Total pot $0.50 | Rake $0 
Seat 2: Frontkicker (big blind) collected ($0.50)
Seat 3: SARA PEZ folded before Flop (didn't bet)
Seat 5: Soply folded before Flop (didn't bet)
Seat 6: ricecooka972 (button) folded before Flop (didn't bet)
Seat 9: Alameda22 (small blind) folded before Flop



PokerStars Game #20149693330:  Hold'em No Limit ($0.25/$0.50) - 2008/09/04 18:49:33 ET
Table 'Iclea IV' 9-max Seat #9 is the button
Seat 2: Frontkicker ($51 in chips) 
Seat 3: SARA PEZ ($49.25 in chips) 
Seat 4: ACE///7304 ($45 in chips) 
Seat 5: Soply ($42.45 in chips) 
Seat 6: ricecooka972 ($50.40 in chips) 
Seat 9: Alameda22 ($50.60 in chips) 
Frontkicker: posts small blind $0.25
SARA PEZ: posts big blind $0.50
ACE///7304: posts big blind $0.50
*** HOLE CARDS ***
Dealt to Alameda22 [Tc Td]
ACE///7304: checks 
Soply: folds 
ricecooka972: folds 
Alameda22: calls $0.50
Frontkicker: folds 
SARA PEZ: checks 
*** FLOP *** [9d Ts 5h]
kobeattack08 joins the table at seat #7 
SARA PEZ: checks 
ACE///7304: checks 
Alameda22: bets $1
SARA PEZ: folds 
ACE///7304: folds 
Uncalled bet ($1) returned to Alameda22
Alameda22 collected $1.70 from pot
Alameda22: doesn't show hand 
*** SUMMARY ***
Total pot $1.75 | Rake $0.05 
Board [9d Ts 5h]
Seat 2: Frontkicker (small blind) folded before Flop
Seat 3: SARA PEZ (big blind) folded on the Flop
Seat 4: ACE///7304 folded on the Flop
Seat 5: Soply folded before Flop (didn't bet)
Seat 6: ricecooka972 folded before Flop (didn't bet)
Seat 9: Alameda22 (button) collected ($1.70)



PokerStars Game #20149741016:  Hold'em No Limit ($0.25/$0.50) - 2008/09/04 18:51:44 ET
Table 'Iclea IV' 9-max Seat #2 is the button
Seat 2: Frontkicker ($50.75 in chips) 
Seat 3: SARA PEZ ($48.75 in chips) 
Seat 4: ACE///7304 ($44.50 in chips) 
Seat 5: Soply ($42.45 in chips) 
Seat 6: ricecooka972 ($50.40 in chips) 
Seat 7: kobeattack08 ($16 in chips) 
Seat 9: Alameda22 ($51.80 in chips) 
SARA PEZ: posts small blind $0.25
ACE///7304: posts big blind $0.50
kobeattack08: posts big blind $0.50
*** HOLE CARDS ***
Dealt to Alameda22 [4h 4s]
Soply: folds 
ricecooka972: folds 
kobeattack08: checks 
Alameda22: folds 
Frontkicker: raises $2 to $2.50
SARA PEZ: folds 
ACE///7304: folds 
VLTR01 joins the table at seat #1 
ACE///7304 said, "U have three choices MAKE ONE"
kobeattack08: folds 
Uncalled bet ($2) returned to Frontkicker
Frontkicker collected $1.75 from pot
Frontkicker: doesn't show hand 
ACE///7304 said, "Christ"
*** SUMMARY ***
Total pot $1.75 | Rake $0 
Seat 2: Frontkicker (button) collected ($1.75)
Seat 3: SARA PEZ (small blind) folded before Flop
Seat 4: ACE///7304 (big blind) folded before Flop
Seat 5: Soply folded before Flop (didn't bet)
Seat 6: ricecooka972 folded before Flop (didn't bet)
Seat 7: kobeattack08 folded before Flop
Seat 9: Alameda22 folded before Flop (didn't bet)



PokerStars Game #20149778764:  Hold'em No Limit ($0.25/$0.50) - 2008/09/04 18:53:26 ET
Table 'Iclea IV' 9-max Seat #3 is the button
Seat 1: VLTR01 ($14.50 in chips) 
Seat 2: Frontkicker ($52 in chips) 
Seat 3: SARA PEZ ($48.50 in chips) 
Seat 4: ACE///7304 ($44 in chips) 
Seat 5: Soply ($42.45 in chips) 
Seat 6: ricecooka972 ($50.40 in chips) 
Seat 7: kobeattack08 ($15.50 in chips) 
Seat 9: Alameda22 ($51.80 in chips) 
ACE///7304: posts small blind $0.25
Soply: posts big blind $0.50
VLTR01: posts big blind $0.50
*** HOLE CARDS ***
Dealt to Alameda22 [3h 4h]
ricecooka972: folds 
kobeattack08: folds 
Alameda22: folds 
VLTR01: checks 
Frontkicker: calls $0.50
SARA PEZ: folds 
ACE///7304: calls $0.25
Soply: checks 
*** FLOP *** [Ah 5h 8s]
ACE///7304: checks 
Soply: checks 
T-Bird 69 joins the table at seat #8 
VLTR01: checks 
Frontkicker: checks 
*** TURN *** [Ah 5h 8s] [2d]
ACE///7304: checks 
Soply: checks 
T-Bird 69 leaves the table
VLTR01: checks 
Frontkicker: checks 
*** RIVER *** [Ah 5h 8s 2d] [9c]
ACE///7304: checks 
Soply: checks 
VLTR01: bets $0.50
Frontkicker: folds 
ACE///7304: calls $0.50
Soply: folds 
*** SHOW DOWN ***
VLTR01: shows [4d 7d] (high card Ace)
ACE///7304: shows [5d 6h] (a pair of Fives)
ACE///7304 collected $2.90 from pot
*** SUMMARY ***
Total pot $3 | Rake $0.10 
Board [Ah 5h 8s 2d 9c]
Seat 1: VLTR01 showed [4d 7d] and lost with high card Ace
Seat 2: Frontkicker folded on the River
Seat 3: SARA PEZ (button) folded before Flop (didn't bet)
Seat 4: ACE///7304 (small blind) showed [5d 6h] and won ($2.90) with a pair of Fives
Seat 5: Soply (big blind) folded on the River
Seat 6: ricecooka972 folded before Flop (didn't bet)
Seat 7: kobeattack08 folded before Flop (didn't bet)
Seat 9: Alameda22 folded before Flop (didn't bet)



PokerStars Game #20149820494:  Hold'em No Limit ($0.25/$0.50) - 2008/09/04 18:55:20 ET
Table 'Iclea IV' 9-max Seat #4 is the button
Seat 1: VLTR01 ($13.50 in chips) 
Seat 2: Frontkicker ($51.50 in chips) 
Seat 3: SARA PEZ ($48.50 in chips) 
Seat 4: ACE///7304 ($45.90 in chips) 
Seat 5: Soply ($41.95 in chips) 
Seat 7: kobeattack08 ($15.50 in chips) 
Seat 9: Alameda22 ($51.80 in chips) 
Soply: posts small blind $0.25
ricecooka972: is sitting out 
CallethYou joins the table at seat #8 
kobeattack08: posts big blind $0.50
*** HOLE CARDS ***
Dealt to Alameda22 [3d 7s]
Alameda22: folds 
VLTR01: folds 
Frontkicker: folds 
ricecooka972 leaves the table
SARA PEZ: raises $0.75 to $1.25
ACE///7304: folds 
Soply: folds 
kobeattack08: folds 
Uncalled bet ($0.75) returned to SARA PEZ
SARA PEZ collected $1.25 from pot
SARA PEZ: doesn't show hand 
*** SUMMARY ***
Total pot $1.25 | Rake $0 
Seat 1: VLTR01 folded before Flop (didn't bet)
Seat 2: Frontkicker folded before Flop (didn't bet)
Seat 3: SARA PEZ collected ($1.25)
Seat 4: ACE///7304 (button) folded before Flop (didn't bet)
Seat 5: Soply (small blind) folded before Flop
Seat 7: kobeattack08 (big blind) folded before Flop
Seat 9: Alameda22 folded before Flop (didn't bet)



