PokerStars Game #19903115231:  Hold'em No Limit ($0.10/$0.25) - 2008/08/25 - 23:25:12 (ET)
Table 'Dares' 9-max Seat #9 is the button
Seat 1: PHEOCHROM ($27.10 in chips) 
Seat 2: Alameda22 ($25 in chips) 
Seat 4: GoTime116 ($19.30 in chips) 
Seat 5: Usurpov ($20.10 in chips) 
Seat 6: Aioras ($24.90 in chips) 
Seat 7: rhop4823 ($40.05 in chips) 
Seat 8: helloheather ($12.40 in chips) 
Seat 9: CastorTroy4 ($23.55 in chips) 
PHEOCHROM: posts small blind $0.10
helloheather said, "of course"
helloheather said, "nh"
Alameda22: posts big blind $0.25
*** HOLE CARDS ***
Dealt to Alameda22 [9c 5d]
GoTime116: calls $0.25
Usurpov: folds 
Aioras: folds 
rhop4823: calls $0.25
helloheather: folds 
helloheather is sitting out
CastorTroy4: folds 
PHEOCHROM: raises $0.50 to $0.75
Alameda22: folds 
GoTime116: calls $0.50
rhop4823: calls $0.50
*** FLOP *** [5s 9d Qh]
PHEOCHROM: bets $1
GoTime116: folds 
rhop4823: calls $1
*** TURN *** [5s 9d Qh] [Kh]
PHEOCHROM: bets $2
rhop4823: calls $2
*** RIVER *** [5s 9d Qh Kh] [7h]
PHEOCHROM: checks 
rhop4823: bets $4.25
PHEOCHROM: calls $4.25
*** SHOW DOWN ***
rhop4823: shows [6h 8h] (a flush, King high)
PHEOCHROM: shows [Kc Qs] (two pair, Kings and Queens)
rhop4823 collected $16.20 from pot
*** SUMMARY ***
Total pot $17 | Rake $0.80 
Board [5s 9d Qh Kh 7h]
Seat 1: PHEOCHROM (small blind) showed [Kc Qs] and lost with two pair, Kings and Queens
Seat 2: Alameda22 (big blind) folded before Flop
Seat 4: GoTime116 folded on the Flop
Seat 5: Usurpov folded before Flop (didn't bet)
Seat 6: Aioras folded before Flop (didn't bet)
Seat 7: rhop4823 showed [6h 8h] and won ($16.20) with a flush, King high
Seat 8: helloheather folded before Flop (didn't bet)
Seat 9: CastorTroy4 (button) folded before Flop (didn't bet)



PokerStars Game #19903149547:  Hold'em No Limit ($0.10/$0.25) - 2008/08/25 - 23:26:54 (ET)
Table 'Dares' 9-max Seat #1 is the button
Seat 1: PHEOCHROM ($19.10 in chips) 
Seat 2: Alameda22 ($24.75 in chips) 
Seat 4: GoTime116 ($18.55 in chips) 
Seat 5: Usurpov ($25 in chips) 
Seat 6: Aioras ($24.90 in chips) 
Seat 7: rhop4823 ($48.25 in chips) 
Seat 9: CastorTroy4 ($23.55 in chips) 
Alameda22: posts small blind $0.10
GoTime116: posts big blind $0.25
*** HOLE CARDS ***
Dealt to Alameda22 [2h Kc]
Usurpov: folds 
Aioras: folds 
PHEOCHROM said, "unbelievable"
rhop4823: raises $0.50 to $0.75
CastorTroy4: folds 
PHEOCHROM: calls $0.75
Alameda22: folds 
GoTime116: calls $0.50
*** FLOP *** [Jd 5h 9h]
GoTime116: checks 
rhop4823: checks 
PHEOCHROM: bets $0.75
GoTime116: calls $0.75
rhop4823: folds 
*** TURN *** [Jd 5h 9h] [Kh]
helloheather has returned
GoTime116: bets $0.25
PHEOCHROM: calls $0.25
*** RIVER *** [Jd 5h 9h Kh] [Td]
GoTime116: bets $3
PHEOCHROM: folds 
Uncalled bet ($3) returned to GoTime116
GoTime116 collected $4.15 from pot
GoTime116: doesn't show hand 
*** SUMMARY ***
Total pot $4.35 | Rake $0.20 
Board [Jd 5h 9h Kh Td]
Seat 1: PHEOCHROM (button) folded on the River
Seat 2: Alameda22 (small blind) folded before Flop
Seat 4: GoTime116 (big blind) collected ($4.15)
Seat 5: Usurpov folded before Flop (didn't bet)
Seat 6: Aioras folded before Flop (didn't bet)
Seat 7: rhop4823 folded on the Flop
Seat 9: CastorTroy4 folded before Flop (didn't bet)



PokerStars Game #19903170424:  Hold'em No Limit ($0.10/$0.25) - 2008/08/25 - 23:27:56 (ET)
Table 'Dares' 9-max Seat #2 is the button
Seat 1: PHEOCHROM ($17.35 in chips) 
Seat 2: Alameda22 ($24.65 in chips) 
Seat 4: GoTime116 ($20.95 in chips) 
Seat 5: Usurpov ($25 in chips) 
Seat 6: Aioras ($24.90 in chips) 
Seat 7: rhop4823 ($47.50 in chips) 
Seat 8: helloheather ($12.40 in chips) 
Seat 9: CastorTroy4 ($25 in chips) 
GoTime116: posts small blind $0.10
Usurpov: posts big blind $0.25
*** HOLE CARDS ***
Dealt to Alameda22 [Qh Th]
Aioras: folds 
rhop4823: folds 
helloheather: raises $0.50 to $0.75
CastorTroy4: folds 
PHEOCHROM: raises $1.25 to $2
Alameda22: folds 
GoTime116: folds 
Usurpov: folds 
helloheather: raises $1.25 to $3.25
PHEOCHROM: calls $1.25
*** FLOP *** [4s Qs Qd]
helloheather: bets $2.25
PHEOCHROM: folds 
Uncalled bet ($2.25) returned to helloheather
helloheather collected $6.55 from pot
helloheather: doesn't show hand 
*** SUMMARY ***
Total pot $6.85 | Rake $0.30 
Board [4s Qs Qd]
Seat 1: PHEOCHROM folded on the Flop
Seat 2: Alameda22 (button) folded before Flop (didn't bet)
Seat 4: GoTime116 (small blind) folded before Flop
Seat 5: Usurpov (big blind) folded before Flop
Seat 6: Aioras folded before Flop (didn't bet)
Seat 7: rhop4823 folded before Flop (didn't bet)
Seat 8: helloheather collected ($6.55)
Seat 9: CastorTroy4 folded before Flop (didn't bet)



PokerStars Game #19903188544:  Hold'em No Limit ($0.10/$0.25) - 2008/08/25 - 23:28:50 (ET)
Table 'Dares' 9-max Seat #4 is the button
Seat 1: PHEOCHROM ($14.10 in chips) 
Seat 2: Alameda22 ($24.65 in chips) 
Seat 4: GoTime116 ($20.85 in chips) 
Seat 5: Usurpov ($24.75 in chips) 
Seat 6: Aioras ($24.90 in chips) 
Seat 7: rhop4823 ($47.50 in chips) 
Seat 8: helloheather ($15.70 in chips) 
Seat 9: CastorTroy4 ($25 in chips) 
Usurpov: posts small blind $0.10
Aioras: posts big blind $0.25
*** HOLE CARDS ***
Dealt to Alameda22 [4s 3c]
rhop4823: folds 
helloheather: calls $0.25
CastorTroy4: folds 
PHEOCHROM: calls $0.25
Alameda22: folds 
GoTime116: calls $0.25
Usurpov: calls $0.15
Aioras: checks 
*** FLOP *** [9h Jh 7s]
Usurpov: checks 
Aioras: checks 
helloheather: checks 
PHEOCHROM: checks 
GoTime116: checks 
*** TURN *** [9h Jh 7s] [8c]
Usurpov: checks 
Aioras: checks 
helloheather: checks 
PHEOCHROM: checks 
GoTime116: checks 
*** RIVER *** [9h Jh 7s 8c] [8h]
Usurpov: checks 
Aioras: checks 
helloheather: checks 
PHEOCHROM: checks 
GoTime116: checks 
*** SHOW DOWN ***
Usurpov: shows [Kd Qd] (a pair of Eights)
Aioras: mucks hand 
helloheather: shows [6c Ah] (a pair of Eights - Ace kicker)
PHEOCHROM: shows [2d 9d] (two pair, Nines and Eights)
GoTime116: mucks hand 
PHEOCHROM collected $1.20 from pot
*** SUMMARY ***
Total pot $1.25 | Rake $0.05 
Board [9h Jh 7s 8c 8h]
Seat 1: PHEOCHROM showed [2d 9d] and won ($1.20) with two pair, Nines and Eights
Seat 2: Alameda22 folded before Flop (didn't bet)
Seat 4: GoTime116 (button) mucked [As Kh]
Seat 5: Usurpov (small blind) showed [Kd Qd] and lost with a pair of Eights
Seat 6: Aioras (big blind) mucked [4d 2h]
Seat 7: rhop4823 folded before Flop (didn't bet)
Seat 8: helloheather showed [6c Ah] and lost with a pair of Eights
Seat 9: CastorTroy4 folded before Flop (didn't bet)



PokerStars Game #19903222459:  Hold'em No Limit ($0.10/$0.25) - 2008/08/25 - 23:30:32 (ET)
Table 'Dares' 9-max Seat #5 is the button
Seat 1: PHEOCHROM ($15.05 in chips) 
Seat 2: Alameda22 ($24.65 in chips) 
Seat 4: GoTime116 ($20.60 in chips) 
Seat 5: Usurpov ($24.50 in chips) 
Seat 6: Aioras ($24.65 in chips) 
Seat 7: rhop4823 ($47.50 in chips) 
Seat 8: helloheather ($15.45 in chips) 
Seat 9: CastorTroy4 ($25 in chips) 
Aioras: posts small blind $0.10
rhop4823: posts big blind $0.25
*** HOLE CARDS ***
Dealt to Alameda22 [9c Tc]
helloheather: calls $0.25
CastorTroy4: folds 
PHEOCHROM: folds 
Alameda22: folds 
GoTime116: folds 
Usurpov: folds 
Aioras: calls $0.15
rhop4823: checks 
*** FLOP *** [2s 8h 4d]
Aioras: checks 
rhop4823: bets $0.75
helloheather: calls $0.75
Aioras: calls $0.75
*** TURN *** [2s 8h 4d] [Kh]
Aioras: checks 
rhop4823: checks 
helloheather: checks 
*** RIVER *** [2s 8h 4d Kh] [8s]
Aioras: checks 
rhop4823: bets $2
helloheather: folds 
Aioras: folds 
Uncalled bet ($2) returned to rhop4823
rhop4823 collected $2.85 from pot
rhop4823: doesn't show hand 
*** SUMMARY ***
Total pot $3 | Rake $0.15 
Board [2s 8h 4d Kh 8s]
Seat 1: PHEOCHROM folded before Flop (didn't bet)
Seat 2: Alameda22 folded before Flop (didn't bet)
Seat 4: GoTime116 folded before Flop (didn't bet)
Seat 5: Usurpov (button) folded before Flop (didn't bet)
Seat 6: Aioras (small blind) folded on the River
Seat 7: rhop4823 (big blind) collected ($2.85)
Seat 8: helloheather folded on the River
Seat 9: CastorTroy4 folded before Flop (didn't bet)



PokerStars Game #19903249287:  Hold'em No Limit ($0.10/$0.25) - 2008/08/25 - 23:31:50 (ET)
Table 'Dares' 9-max Seat #6 is the button
Seat 1: PHEOCHROM ($15.05 in chips) 
Seat 2: Alameda22 ($24.65 in chips) 
Seat 4: GoTime116 ($20.60 in chips) 
Seat 5: Usurpov ($24.50 in chips) 
Seat 6: Aioras ($23.65 in chips) 
Seat 7: rhop4823 ($49.35 in chips) 
Seat 8: helloheather ($14.45 in chips) 
Seat 9: CastorTroy4 ($25 in chips) 
rhop4823: posts small blind $0.10
helloheather: posts big blind $0.25
*** HOLE CARDS ***
Dealt to Alameda22 [6h 5c]
CastorTroy4: folds 
PHEOCHROM: raises $0.50 to $0.75
Alameda22: folds 
GoTime116: folds 
Usurpov: folds 
Aioras: folds 
rhop4823: folds 
helloheather: folds 
Uncalled bet ($0.50) returned to PHEOCHROM
PHEOCHROM collected $0.60 from pot
PHEOCHROM: doesn't show hand 
*** SUMMARY ***
Total pot $0.60 | Rake $0 
Seat 1: PHEOCHROM collected ($0.60)
Seat 2: Alameda22 folded before Flop (didn't bet)
Seat 4: GoTime116 folded before Flop (didn't bet)
Seat 5: Usurpov folded before Flop (didn't bet)
Seat 6: Aioras (button) folded before Flop (didn't bet)
Seat 7: rhop4823 (small blind) folded before Flop
Seat 8: helloheather (big blind) folded before Flop
Seat 9: CastorTroy4 folded before Flop (didn't bet)



PokerStars Game #19903260223:  Hold'em No Limit ($0.10/$0.25) - 2008/08/25 - 23:32:23 (ET)
Table 'Dares' 9-max Seat #7 is the button
Seat 1: PHEOCHROM ($15.40 in chips) 
Seat 2: Alameda22 ($24.65 in chips) 
Seat 4: GoTime116 ($20.60 in chips) 
Seat 5: Usurpov ($24.50 in chips) 
Seat 6: Aioras ($23.65 in chips) 
Seat 7: rhop4823 ($49.25 in chips) 
Seat 8: helloheather ($14.20 in chips) 
Seat 9: CastorTroy4 ($25 in chips) 
helloheather: posts small blind $0.10
CastorTroy4: posts big blind $0.25
*** HOLE CARDS ***
Dealt to Alameda22 [Td 3c]
PHEOCHROM: calls $0.25
Alameda22: folds 
GoTime116: folds 
Usurpov: folds 
GoTime116 leaves the table
Aioras: raises $1 to $1.25
rhop4823: folds 
helloheather: folds 
CastorTroy4: folds 
PHEOCHROM: calls $1
*** FLOP *** [6s 5s 4h]
helloheather is sitting out
PHEOCHROM: checks 
Aioras: bets $2.50
PHEOCHROM: folds 
Uncalled bet ($2.50) returned to Aioras
Aioras collected $2.75 from pot
Aioras: doesn't show hand 
*** SUMMARY ***
Total pot $2.85 | Rake $0.10 
Board [6s 5s 4h]
Seat 1: PHEOCHROM folded on the Flop
Seat 2: Alameda22 folded before Flop (didn't bet)
Seat 4: GoTime116 folded before Flop (didn't bet)
Seat 5: Usurpov folded before Flop (didn't bet)
Seat 6: Aioras collected ($2.75)
Seat 7: rhop4823 (button) folded before Flop (didn't bet)
Seat 8: helloheather (small blind) folded before Flop
Seat 9: CastorTroy4 (big blind) folded before Flop



PokerStars Game #19903273449:  Hold'em No Limit ($0.10/$0.25) - 2008/08/25 - 23:33:02 (ET)
Table 'Dares' 9-max Seat #9 is the button
Seat 1: PHEOCHROM ($14.15 in chips) 
Seat 2: Alameda22 ($24.65 in chips) 
Seat 5: Usurpov ($24.50 in chips) 
Seat 6: Aioras ($25.15 in chips) 
Seat 7: rhop4823 ($49.25 in chips) 
Seat 9: CastorTroy4 ($24.75 in chips) 
PHEOCHROM: posts small blind $0.10
LUCKYMONSTER joins the table at seat #4 
Alameda22: posts big blind $0.25
*** HOLE CARDS ***
Dealt to Alameda22 [5c 8h]
Usurpov: folds 
Aioras: folds 
rhop4823: calls $0.25
CastorTroy4: folds 
PHEOCHROM: calls $0.15
Alameda22: checks 
*** FLOP *** [6d Kc Kd]
PHEOCHROM: checks 
Alameda22: checks 
rhop4823: checks 
*** TURN *** [6d Kc Kd] [Ks]
PHEOCHROM: checks 
Alameda22: checks 
rhop4823: checks 
*** RIVER *** [6d Kc Kd Ks] [3h]
PHEOCHROM: checks 
Alameda22: checks 
rhop4823: bets $2
PHEOCHROM: folds 
Alameda22: folds 
Uncalled bet ($2) returned to rhop4823
rhop4823 collected $0.75 from pot
rhop4823: doesn't show hand 
*** SUMMARY ***
Total pot $0.75 | Rake $0 
Board [6d Kc Kd Ks 3h]
Seat 1: PHEOCHROM (small blind) folded on the River
Seat 2: Alameda22 (big blind) folded on the River
Seat 5: Usurpov folded before Flop (didn't bet)
Seat 6: Aioras folded before Flop (didn't bet)
Seat 7: rhop4823 collected ($0.75)
Seat 9: CastorTroy4 (button) folded before Flop (didn't bet)



PokerStars Game #19903296819:  Hold'em No Limit ($0.10/$0.25) - 2008/08/25 - 23:34:11 (ET)
Table 'Dares' 9-max Seat #1 is the button
Seat 1: PHEOCHROM ($13.90 in chips) 
Seat 2: Alameda22 ($24.40 in chips) 
Seat 4: LUCKYMONSTER ($25 in chips) 
Seat 5: Usurpov ($24.50 in chips) 
Seat 6: Aioras ($25.15 in chips) 
Seat 7: rhop4823 ($49.75 in chips) 
Seat 9: CastorTroy4 ($24.75 in chips) 
Alameda22: posts small blind $0.10
LUCKYMONSTER: posts big blind $0.25
*** HOLE CARDS ***
Dealt to Alameda22 [Qh 7s]
Usurpov: folds 
Aioras: folds 
rhop4823: calls $0.25
CastorTroy4: calls $0.25
PHEOCHROM: calls $0.25
Alameda22: folds 
LUCKYMONSTER: checks 
*** FLOP *** [5c 5h 6s]
LUCKYMONSTER: checks 
rhop4823: bets $1
CastorTroy4: folds 
PHEOCHROM: folds 
LUCKYMONSTER: folds 
Uncalled bet ($1) returned to rhop4823
rhop4823 collected $1.05 from pot
rhop4823: doesn't show hand 
*** SUMMARY ***
Total pot $1.10 | Rake $0.05 
Board [5c 5h 6s]
Seat 1: PHEOCHROM (button) folded on the Flop
Seat 2: Alameda22 (small blind) folded before Flop
Seat 4: LUCKYMONSTER (big blind) folded on the Flop
Seat 5: Usurpov folded before Flop (didn't bet)
Seat 6: Aioras folded before Flop (didn't bet)
Seat 7: rhop4823 collected ($1.05)
Seat 9: CastorTroy4 folded on the Flop



PokerStars Game #19903320584:  Hold'em No Limit ($0.10/$0.25) - 2008/08/25 - 23:35:22 (ET)
Table 'Dares' 9-max Seat #2 is the button
Seat 1: PHEOCHROM ($13.65 in chips) 
Seat 2: Alameda22 ($24.30 in chips) 
Seat 4: LUCKYMONSTER ($24.75 in chips) 
Seat 5: Usurpov ($24.50 in chips) 
Seat 6: Aioras ($25.15 in chips) 
Seat 7: rhop4823 ($50.55 in chips) 
Seat 9: CastorTroy4 ($24.50 in chips) 
LUCKYMONSTER: posts small blind $0.10
Usurpov: posts big blind $0.25
*** HOLE CARDS ***
Dealt to Alameda22 [9c Ks]
Aioras: raises $0.75 to $1
rhop4823: folds 
CastorTroy4: folds 
PHEOCHROM: folds 
Alameda22: folds 
LUCKYMONSTER: calls $0.90
Usurpov: folds 
*** FLOP *** [6c 4c Qs]
LUCKYMONSTER: checks 
Aioras: checks 
*** TURN *** [6c 4c Qs] [5h]
LUCKYMONSTER: bets $1.75
Aioras: raises $2.50 to $4.25
LUCKYMONSTER: folds 
Uncalled bet ($2.50) returned to Aioras
Aioras collected $5.50 from pot
Aioras: doesn't show hand 
*** SUMMARY ***
Total pot $5.75 | Rake $0.25 
Board [6c 4c Qs 5h]
Seat 1: PHEOCHROM folded before Flop (didn't bet)
Seat 2: Alameda22 (button) folded before Flop (didn't bet)
Seat 4: LUCKYMONSTER (small blind) folded on the Turn
Seat 5: Usurpov (big blind) folded before Flop
Seat 6: Aioras collected ($5.50)
Seat 7: rhop4823 folded before Flop (didn't bet)
Seat 9: CastorTroy4 folded before Flop (didn't bet)



PokerStars Game #19903340867:  Hold'em No Limit ($0.10/$0.25) - 2008/08/25 - 23:36:22 (ET)
Table 'Dares' 9-max Seat #4 is the button
Seat 1: PHEOCHROM ($13.65 in chips) 
Seat 2: Alameda22 ($24.30 in chips) 
Seat 4: LUCKYMONSTER ($25 in chips) 
Seat 5: Usurpov ($24.25 in chips) 
Seat 6: Aioras ($27.90 in chips) 
Seat 7: rhop4823 ($50.55 in chips) 
Seat 9: CastorTroy4 ($24.50 in chips) 
Usurpov: posts small blind $0.10
Aioras: posts big blind $0.25
*** HOLE CARDS ***
Dealt to Alameda22 [4c Kh]
rhop4823: folds 
CastorTroy4: folds 
PHEOCHROM: folds 
Alameda22: folds 
LUCKYMONSTER: raises $0.75 to $1
Usurpov: folds 
Aioras: folds 
Uncalled bet ($0.75) returned to LUCKYMONSTER
LUCKYMONSTER collected $0.60 from pot
LUCKYMONSTER: doesn't show hand 
*** SUMMARY ***
Total pot $0.60 | Rake $0 
Seat 1: PHEOCHROM folded before Flop (didn't bet)
Seat 2: Alameda22 folded before Flop (didn't bet)
Seat 4: LUCKYMONSTER (button) collected ($0.60)
Seat 5: Usurpov (small blind) folded before Flop
Seat 6: Aioras (big blind) folded before Flop
Seat 7: rhop4823 folded before Flop (didn't bet)
Seat 9: CastorTroy4 folded before Flop (didn't bet)



PokerStars Game #19903350866:  Hold'em No Limit ($0.10/$0.25) - 2008/08/25 - 23:36:52 (ET)
Table 'Dares' 9-max Seat #5 is the button
Seat 1: PHEOCHROM ($13.65 in chips) 
Seat 2: Alameda22 ($24.30 in chips) 
Seat 4: LUCKYMONSTER ($25.35 in chips) 
Seat 5: Usurpov ($24.15 in chips) 
Seat 6: Aioras ($27.65 in chips) 
Seat 7: rhop4823 ($50.55 in chips) 
Seat 9: CastorTroy4 ($24.50 in chips) 
Aioras: posts small blind $0.10
rhop4823: posts big blind $0.25
*** HOLE CARDS ***
Dealt to Alameda22 [3c Th]
CastorTroy4: folds 
PHEOCHROM: calls $0.25
Alameda22: folds 
LUCKYMONSTER: folds 
Usurpov: folds 
Aioras: folds 
rhop4823: checks 
*** FLOP *** [Ac 4s 4c]
rhop4823: bets $0.25
PHEOCHROM: calls $0.25
*** TURN *** [Ac 4s 4c] [7h]
rhop4823: bets $0.25
PHEOCHROM: calls $0.25
*** RIVER *** [Ac 4s 4c 7h] [5d]
rhop4823: bets $1.25
PHEOCHROM: calls $1.25
*** SHOW DOWN ***
rhop4823: shows [6d Jh] (a pair of Fours)
PHEOCHROM: shows [6h 6c] (two pair, Sixes and Fours)
PHEOCHROM collected $3.90 from pot
*** SUMMARY ***
Total pot $4.10 | Rake $0.20 
Board [Ac 4s 4c 7h 5d]
Seat 1: PHEOCHROM showed [6h 6c] and won ($3.90) with two pair, Sixes and Fours
Seat 2: Alameda22 folded before Flop (didn't bet)
Seat 4: LUCKYMONSTER folded before Flop (didn't bet)
Seat 5: Usurpov (button) folded before Flop (didn't bet)
Seat 6: Aioras (small blind) folded before Flop
Seat 7: rhop4823 (big blind) showed [6d Jh] and lost with a pair of Fours
Seat 9: CastorTroy4 folded before Flop (didn't bet)



PokerStars Game #19903365266:  Hold'em No Limit ($0.10/$0.25) - 2008/08/25 - 23:37:36 (ET)
Table 'Dares' 9-max Seat #6 is the button
Seat 1: PHEOCHROM ($15.55 in chips) 
Seat 2: Alameda22 ($24.30 in chips) 
Seat 4: LUCKYMONSTER ($25.35 in chips) 
Seat 5: Usurpov ($24.15 in chips) 
Seat 6: Aioras ($27.55 in chips) 
Seat 7: rhop4823 ($48.55 in chips) 
Seat 9: CastorTroy4 ($24.50 in chips) 
rhop4823: posts small blind $0.10
CastorTroy4: posts big blind $0.25
*** HOLE CARDS ***
Dealt to Alameda22 [Td Tc]
PHEOCHROM: folds 
Alameda22: raises $0.50 to $0.75
LUCKYMONSTER: folds 
Usurpov: folds 
Aioras: folds 
rhop4823: calls $0.65
CastorTroy4: folds 
*** FLOP *** [Ac 9s As]
rhop4823: checks 
Alameda22: bets $1
rhop4823: calls $1
*** TURN *** [Ac 9s As] [6c]
rhop4823: checks 
helloheather has returned
Alameda22: bets $2.25
rhop4823: calls $2.25
*** RIVER *** [Ac 9s As 6c] [Qs]
rhop4823: checks 
Alameda22: checks 
*** SHOW DOWN ***
rhop4823: shows [Jd 9c] (two pair, Aces and Nines)
Alameda22: shows [Td Tc] (two pair, Aces and Tens)
Alameda22 collected $7.85 from pot
*** SUMMARY ***
Total pot $8.25 | Rake $0.40 
Board [Ac 9s As 6c Qs]
Seat 1: PHEOCHROM folded before Flop (didn't bet)
Seat 2: Alameda22 showed [Td Tc] and won ($7.85) with two pair, Aces and Tens
Seat 4: LUCKYMONSTER folded before Flop (didn't bet)
Seat 5: Usurpov folded before Flop (didn't bet)
Seat 6: Aioras (button) folded before Flop (didn't bet)
Seat 7: rhop4823 (small blind) showed [Jd 9c] and lost with two pair, Aces and Nines
Seat 9: CastorTroy4 (big blind) folded before Flop



PokerStars Game #19903388970:  Hold'em No Limit ($0.10/$0.25) - 2008/08/25 - 23:38:47 (ET)
Table 'Dares' 9-max Seat #7 is the button
Seat 1: PHEOCHROM ($15.55 in chips) 
Seat 2: Alameda22 ($28.15 in chips) 
Seat 4: LUCKYMONSTER ($25.35 in chips) 
Seat 5: Usurpov ($24.15 in chips) 
Seat 6: Aioras ($27.55 in chips) 
Seat 7: rhop4823 ($44.55 in chips) 
Seat 9: CastorTroy4 ($24.25 in chips) 
helloheather will be allowed to play after the button
CastorTroy4: posts small blind $0.10
PHEOCHROM: posts big blind $0.25
*** HOLE CARDS ***
Dealt to Alameda22 [8s 4s]
Alameda22: folds 
LUCKYMONSTER: raises $0.75 to $1
Usurpov: folds 
Aioras: folds 
rhop4823: folds 
CastorTroy4: folds 
PHEOCHROM: folds 
Uncalled bet ($0.75) returned to LUCKYMONSTER
LUCKYMONSTER collected $0.60 from pot
LUCKYMONSTER: doesn't show hand 
*** SUMMARY ***
Total pot $0.60 | Rake $0 
Seat 1: PHEOCHROM (big blind) folded before Flop
Seat 2: Alameda22 folded before Flop (didn't bet)
Seat 4: LUCKYMONSTER collected ($0.60)
Seat 5: Usurpov folded before Flop (didn't bet)
Seat 6: Aioras folded before Flop (didn't bet)
Seat 7: rhop4823 (button) folded before Flop (didn't bet)
Seat 9: CastorTroy4 (small blind) folded before Flop



PokerStars Game #19903405754:  Hold'em No Limit ($0.10/$0.25) - 2008/08/25 - 23:39:38 (ET)
Table 'Dares' 9-max Seat #9 is the button
Seat 1: PHEOCHROM ($15.30 in chips) 
Seat 2: Alameda22 ($28.15 in chips) 
Seat 4: LUCKYMONSTER ($25.70 in chips) 
Seat 5: Usurpov ($24.15 in chips) 
Seat 6: Aioras ($27.55 in chips) 
Seat 7: rhop4823 ($44.55 in chips) 
Seat 8: helloheather ($14.10 in chips) 
Seat 9: CastorTroy4 ($24.15 in chips) 
PHEOCHROM: posts small blind $0.10
Alameda22: posts big blind $0.25
helloheather: posts small & big blinds $0.35
*** HOLE CARDS ***
Dealt to Alameda22 [6h Jc]
LUCKYMONSTER: folds 
Usurpov: folds 
Aioras: folds 
rhop4823: calls $0.25
helloheather: checks 
CastorTroy4: folds 
PHEOCHROM: calls $0.15
Alameda22: checks 
*** FLOP *** [Ts 9d 8d]
PHEOCHROM: checks 
Alameda22: checks 
rhop4823: bets $1
helloheather: calls $1
PHEOCHROM: folds 
Alameda22: folds 
*** TURN *** [Ts 9d 8d] [8h]
rhop4823: bets $1
helloheather: calls $1
*** RIVER *** [Ts 9d 8d 8h] [5d]
rhop4823: bets $2
helloheather: folds 
Uncalled bet ($2) returned to rhop4823
rhop4823 collected $4.90 from pot
rhop4823: doesn't show hand 
*** SUMMARY ***
Total pot $5.10 | Rake $0.20 
Board [Ts 9d 8d 8h 5d]
Seat 1: PHEOCHROM (small blind) folded on the Flop
Seat 2: Alameda22 (big blind) folded on the Flop
Seat 4: LUCKYMONSTER folded before Flop (didn't bet)
Seat 5: Usurpov folded before Flop (didn't bet)
Seat 6: Aioras folded before Flop (didn't bet)
Seat 7: rhop4823 collected ($4.90)
Seat 8: helloheather folded on the River
Seat 9: CastorTroy4 (button) folded before Flop (didn't bet)



PokerStars Game #19903430844:  Hold'em No Limit ($0.10/$0.25) - 2008/08/25 - 23:40:55 (ET)
Table 'Dares' 9-max Seat #1 is the button
Seat 1: PHEOCHROM ($15.05 in chips) 
Seat 2: Alameda22 ($27.90 in chips) 
Seat 4: LUCKYMONSTER ($25.70 in chips) 
Seat 5: Usurpov ($24.15 in chips) 
Seat 6: Aioras ($27.55 in chips) 
Seat 7: rhop4823 ($47.20 in chips) 
Seat 8: helloheather ($11.75 in chips) 
Seat 9: CastorTroy4 ($24.15 in chips) 
Alameda22: posts small blind $0.10
LUCKYMONSTER: posts big blind $0.25
*** HOLE CARDS ***
Dealt to Alameda22 [6c Ts]
Usurpov: folds 
Aioras: calls $0.25
rhop4823: raises $0.50 to $0.75
helloheather: calls $0.75
CastorTroy4: folds 
PHEOCHROM: calls $0.75
Alameda22: folds 
LUCKYMONSTER: folds 
Aioras: calls $0.50
*** FLOP *** [4c Kc Qd]
Aioras: checks 
rhop4823: checks 
helloheather: bets $0.75
PHEOCHROM: calls $0.75
Aioras: folds 
rhop4823: calls $0.75
*** TURN *** [4c Kc Qd] [Jh]
rhop4823: checks 
helloheather: bets $1
PHEOCHROM: calls $1
rhop4823: calls $1
*** RIVER *** [4c Kc Qd Jh] [9s]
rhop4823: checks 
helloheather: checks 
PHEOCHROM: checks 
*** SHOW DOWN ***
rhop4823: shows [As Js] (a pair of Jacks)
helloheather: shows [Kh 2h] (a pair of Kings)
PHEOCHROM: mucks hand 
helloheather collected $8.20 from pot
*** SUMMARY ***
Total pot $8.60 | Rake $0.40 
Board [4c Kc Qd Jh 9s]
Seat 1: PHEOCHROM (button) mucked [Ac 8h]
Seat 2: Alameda22 (small blind) folded before Flop
Seat 4: LUCKYMONSTER (big blind) folded before Flop
Seat 5: Usurpov folded before Flop (didn't bet)
Seat 6: Aioras folded on the Flop
Seat 7: rhop4823 showed [As Js] and lost with a pair of Jacks
Seat 8: helloheather showed [Kh 2h] and won ($8.20) with a pair of Kings
Seat 9: CastorTroy4 folded before Flop (didn't bet)



PokerStars Game #19903466533:  Hold'em No Limit ($0.10/$0.25) - 2008/08/25 - 23:42:43 (ET)
Table 'Dares' 9-max Seat #2 is the button
Seat 1: PHEOCHROM ($12.55 in chips) 
Seat 2: Alameda22 ($27.80 in chips) 
Seat 4: LUCKYMONSTER ($25.45 in chips) 
Seat 5: Usurpov ($24.15 in chips) 
Seat 6: Aioras ($26.80 in chips) 
Seat 7: rhop4823 ($44.70 in chips) 
Seat 8: helloheather ($17.45 in chips) 
Seat 9: CastorTroy4 ($24.15 in chips) 
LUCKYMONSTER: posts small blind $0.10
Usurpov: posts big blind $0.25
*** HOLE CARDS ***
Dealt to Alameda22 [4d Jc]
Aioras: folds 
rhop4823: calls $0.25
helloheather: calls $0.25
CastorTroy4: folds 
PHEOCHROM: calls $0.25
Alameda22: folds 
LUCKYMONSTER: calls $0.15
Usurpov: checks 
*** FLOP *** [Td Jh 5s]
LUCKYMONSTER: checks 
Usurpov: checks 
rhop4823: checks 
helloheather: checks 
PHEOCHROM: checks 
*** TURN *** [Td Jh 5s] [Ts]
LUCKYMONSTER: checks 
Usurpov: checks 
rhop4823: checks 
helloheather: bets $0.50
PHEOCHROM: folds 
LUCKYMONSTER: folds 
Usurpov: folds 
rhop4823: folds 
Uncalled bet ($0.50) returned to helloheather
helloheather collected $1.20 from pot
helloheather: doesn't show hand 
*** SUMMARY ***
Total pot $1.25 | Rake $0.05 
Board [Td Jh 5s Ts]
Seat 1: PHEOCHROM folded on the Turn
Seat 2: Alameda22 (button) folded before Flop (didn't bet)
Seat 4: LUCKYMONSTER (small blind) folded on the Turn
Seat 5: Usurpov (big blind) folded on the Turn
Seat 6: Aioras folded before Flop (didn't bet)
Seat 7: rhop4823 folded on the Turn
Seat 8: helloheather collected ($1.20)
Seat 9: CastorTroy4 folded before Flop (didn't bet)



PokerStars Game #19903499288:  Hold'em No Limit ($0.10/$0.25) - 2008/08/25 - 23:44:23 (ET)
Table 'Dares' 9-max Seat #4 is the button
Seat 1: PHEOCHROM ($12.30 in chips) 
Seat 2: Alameda22 ($27.80 in chips) 
Seat 4: LUCKYMONSTER ($25.20 in chips) 
Seat 5: Usurpov ($23.90 in chips) 
Seat 6: Aioras ($26.80 in chips) 
Seat 7: rhop4823 ($44.45 in chips) 
Seat 8: helloheather ($18.40 in chips) 
Seat 9: CastorTroy4 ($24.15 in chips) 
Usurpov: posts small blind $0.10
Aioras: posts big blind $0.25
*** HOLE CARDS ***
Dealt to Alameda22 [3s 7s]
rhop4823: folds 
helloheather: calls $0.25
CastorTroy4: raises $0.75 to $1
PHEOCHROM: calls $1
Alameda22: folds 
LUCKYMONSTER: folds 
Usurpov: folds 
Aioras: folds 
helloheather: calls $0.75
*** FLOP *** [8h 7d 9h]
helloheather: checks 
CastorTroy4: bets $2
PHEOCHROM: calls $2
helloheather: calls $2
*** TURN *** [8h 7d 9h] [4h]
helloheather: checks 
CastorTroy4: checks 
PHEOCHROM: checks 
*** RIVER *** [8h 7d 9h 4h] [Kd]
helloheather: checks 
CastorTroy4: checks 
PHEOCHROM: checks 
*** SHOW DOWN ***
helloheather: shows [Qh Jc] (high card King)
CastorTroy4: shows [Qc Qs] (a pair of Queens)
PHEOCHROM: mucks hand 
CastorTroy4 collected $8.90 from pot
*** SUMMARY ***
Total pot $9.35 | Rake $0.45 
Board [8h 7d 9h 4h Kd]
Seat 1: PHEOCHROM mucked [Ad Jh]
Seat 2: Alameda22 folded before Flop (didn't bet)
Seat 4: LUCKYMONSTER (button) folded before Flop (didn't bet)
Seat 5: Usurpov (small blind) folded before Flop
Seat 6: Aioras (big blind) folded before Flop
Seat 7: rhop4823 folded before Flop (didn't bet)
Seat 8: helloheather showed [Qh Jc] and lost with high card King
Seat 9: CastorTroy4 showed [Qc Qs] and won ($8.90) with a pair of Queens



PokerStars Game #19903525013:  Hold'em No Limit ($0.10/$0.25) - 2008/08/25 - 23:45:42 (ET)
Table 'Dares' 9-max Seat #5 is the button
Seat 1: PHEOCHROM ($9.30 in chips) 
Seat 2: Alameda22 ($27.80 in chips) 
Seat 4: LUCKYMONSTER ($25.20 in chips) 
Seat 5: Usurpov ($23.80 in chips) 
Seat 6: Aioras ($26.55 in chips) 
Seat 7: rhop4823 ($44.45 in chips) 
Seat 8: helloheather ($15.40 in chips) 
Seat 9: CastorTroy4 ($30.05 in chips) 
Aioras: posts small blind $0.10
rhop4823: posts big blind $0.25
*** HOLE CARDS ***
Dealt to Alameda22 [6d 4d]
helloheather: raises $0.50 to $0.75
CastorTroy4: folds 
PHEOCHROM: folds 
Alameda22: folds 
LUCKYMONSTER: folds 
Usurpov: folds 
Aioras: folds 
rhop4823: folds 
Uncalled bet ($0.50) returned to helloheather
helloheather collected $0.60 from pot
helloheather: doesn't show hand 
*** SUMMARY ***
Total pot $0.60 | Rake $0 
Seat 1: PHEOCHROM folded before Flop (didn't bet)
Seat 2: Alameda22 folded before Flop (didn't bet)
Seat 4: LUCKYMONSTER folded before Flop (didn't bet)
Seat 5: Usurpov (button) folded before Flop (didn't bet)
Seat 6: Aioras (small blind) folded before Flop
Seat 7: rhop4823 (big blind) folded before Flop
Seat 8: helloheather collected ($0.60)
Seat 9: CastorTroy4 folded before Flop (didn't bet)



PokerStars Game #19903540106:  Hold'em No Limit ($0.10/$0.25) - 2008/08/25 - 23:46:28 (ET)
Table 'Dares' 9-max Seat #6 is the button
Seat 1: PHEOCHROM ($9.30 in chips) 
Seat 2: Alameda22 ($27.80 in chips) 
Seat 4: LUCKYMONSTER ($25.20 in chips) 
Seat 5: Usurpov ($23.80 in chips) 
Seat 6: Aioras ($26.45 in chips) 
Seat 7: rhop4823 ($44.20 in chips) 
Seat 8: helloheather ($15.75 in chips) 
Seat 9: CastorTroy4 ($30.05 in chips) 
rhop4823: posts small blind $0.10
helloheather: posts big blind $0.25
*** HOLE CARDS ***
Dealt to Alameda22 [9s Qs]
CastorTroy4: calls $0.25
PHEOCHROM: calls $0.25
Alameda22: folds 
LUCKYMONSTER: folds 
Usurpov: folds 
Aioras: calls $0.25
rhop4823: calls $0.15
helloheather: checks 
*** FLOP *** [Kh 4d Qd]
rhop4823: checks 
helloheather: checks 
CastorTroy4: bets $0.75
PHEOCHROM: calls $0.75
Aioras: calls $0.75
rhop4823: folds 
helloheather: folds 
*** TURN *** [Kh 4d Qd] [Jc]
CastorTroy4: bets $2.75
PHEOCHROM: folds 
Aioras: folds 
Uncalled bet ($2.75) returned to CastorTroy4
CastorTroy4 collected $3.35 from pot
CastorTroy4: doesn't show hand 
*** SUMMARY ***
Total pot $3.50 | Rake $0.15 
Board [Kh 4d Qd Jc]
Seat 1: PHEOCHROM folded on the Turn
Seat 2: Alameda22 folded before Flop (didn't bet)
Seat 4: LUCKYMONSTER folded before Flop (didn't bet)
Seat 5: Usurpov folded before Flop (didn't bet)
Seat 6: Aioras (button) folded on the Turn
Seat 7: rhop4823 (small blind) folded on the Flop
Seat 8: helloheather (big blind) folded on the Flop
Seat 9: CastorTroy4 collected ($3.35)



PokerStars Game #19903571619:  Hold'em No Limit ($0.10/$0.25) - 2008/08/25 - 23:48:06 (ET)
Table 'Dares' 9-max Seat #7 is the button
Seat 1: PHEOCHROM ($8.30 in chips) 
Seat 2: Alameda22 ($27.80 in chips) 
Seat 4: LUCKYMONSTER ($25.20 in chips) 
Seat 5: Usurpov ($23.80 in chips) 
Seat 6: Aioras ($25.45 in chips) 
Seat 7: rhop4823 ($43.95 in chips) 
Seat 8: helloheather ($15.50 in chips) 
Seat 9: CastorTroy4 ($32.40 in chips) 
helloheather: posts small blind $0.10
CastorTroy4: posts big blind $0.25
*** HOLE CARDS ***
Dealt to Alameda22 [Js 7h]
PHEOCHROM: folds 
Alameda22: folds 
LUCKYMONSTER: raises $0.50 to $0.75
Usurpov: folds 
Aioras: folds 
rhop4823: raises $1.25 to $2
helloheather: folds 
CastorTroy4: folds 
LUCKYMONSTER: folds 
Uncalled bet ($1.25) returned to rhop4823
rhop4823 collected $1.85 from pot
rhop4823: doesn't show hand 
*** SUMMARY ***
Total pot $1.85 | Rake $0 
Seat 1: PHEOCHROM folded before Flop (didn't bet)
Seat 2: Alameda22 folded before Flop (didn't bet)
Seat 4: LUCKYMONSTER folded before Flop
Seat 5: Usurpov folded before Flop (didn't bet)
Seat 6: Aioras folded before Flop (didn't bet)
Seat 7: rhop4823 (button) collected ($1.85)
Seat 8: helloheather (small blind) folded before Flop
Seat 9: CastorTroy4 (big blind) folded before Flop



PokerStars Game #19903582631:  Hold'em No Limit ($0.10/$0.25) - 2008/08/25 - 23:48:40 (ET)
Table 'Dares' 9-max Seat #8 is the button
Seat 1: PHEOCHROM ($8.30 in chips) 
Seat 2: Alameda22 ($27.80 in chips) 
Seat 4: LUCKYMONSTER ($24.45 in chips) 
Seat 5: Usurpov ($23.80 in chips) 
Seat 6: Aioras ($25.45 in chips) 
Seat 7: rhop4823 ($45.05 in chips) 
Seat 8: helloheather ($15.40 in chips) 
Seat 9: CastorTroy4 ($32.15 in chips) 
CastorTroy4: posts small blind $0.10
PHEOCHROM: posts big blind $0.25
*** HOLE CARDS ***
Dealt to Alameda22 [4d Ah]
Alameda22: folds 
LUCKYMONSTER: folds 
Usurpov: folds 
Aioras: folds 
rhop4823: calls $0.25
helloheather: raises $0.75 to $1
CastorTroy4: folds 
PHEOCHROM: folds 
rhop4823: calls $0.75
*** FLOP *** [Qs 4h 2h]
rhop4823: checks 
helloheather: bets $1
rhop4823: folds 
Uncalled bet ($1) returned to helloheather
helloheather collected $2.25 from pot
helloheather: doesn't show hand 
*** SUMMARY ***
Total pot $2.35 | Rake $0.10 
Board [Qs 4h 2h]
Seat 1: PHEOCHROM (big blind) folded before Flop
Seat 2: Alameda22 folded before Flop (didn't bet)
Seat 4: LUCKYMONSTER folded before Flop (didn't bet)
Seat 5: Usurpov folded before Flop (didn't bet)
Seat 6: Aioras folded before Flop (didn't bet)
Seat 7: rhop4823 folded on the Flop
Seat 8: helloheather (button) collected ($2.25)
Seat 9: CastorTroy4 (small blind) folded before Flop



PokerStars Game #19903610407:  Hold'em No Limit ($0.10/$0.25) - 2008/08/25 - 23:50:07 (ET)
Table 'Dares' 9-max Seat #9 is the button
Seat 1: PHEOCHROM ($8.05 in chips) 
Seat 2: Alameda22 ($27.80 in chips) 
Seat 4: LUCKYMONSTER ($24.45 in chips) 
Seat 5: Usurpov ($23.80 in chips) 
Seat 6: Aioras ($25.45 in chips) 
Seat 7: rhop4823 ($44.05 in chips) 
Seat 8: helloheather ($16.65 in chips) 
Seat 9: CastorTroy4 ($32.05 in chips) 
PHEOCHROM: posts small blind $0.10
Alameda22: posts big blind $0.25
*** HOLE CARDS ***
Dealt to Alameda22 [9d Ad]
LUCKYMONSTER: folds 
Usurpov: raises $0.75 to $1
Aioras: folds 
rhop4823: folds 
helloheather: folds 
CastorTroy4: folds 
PHEOCHROM: folds 
Alameda22: folds 
Uncalled bet ($0.75) returned to Usurpov
Usurpov collected $0.60 from pot
Usurpov: doesn't show hand 
*** SUMMARY ***
Total pot $0.60 | Rake $0 
Seat 1: PHEOCHROM (small blind) folded before Flop
Seat 2: Alameda22 (big blind) folded before Flop
Seat 4: LUCKYMONSTER folded before Flop (didn't bet)
Seat 5: Usurpov collected ($0.60)
Seat 6: Aioras folded before Flop (didn't bet)
Seat 7: rhop4823 folded before Flop (didn't bet)
Seat 8: helloheather folded before Flop (didn't bet)
Seat 9: CastorTroy4 (button) folded before Flop (didn't bet)



PokerStars Game #19903623341:  Hold'em No Limit ($0.10/$0.25) - 2008/08/25 - 23:50:48 (ET)
Table 'Dares' 9-max Seat #1 is the button
Seat 1: PHEOCHROM ($7.95 in chips) 
Seat 2: Alameda22 ($27.55 in chips) 
Seat 4: LUCKYMONSTER ($24.45 in chips) 
Seat 5: Usurpov ($24.15 in chips) 
Seat 6: Aioras ($25.45 in chips) 
Seat 7: rhop4823 ($44.05 in chips) 
Seat 8: helloheather ($16.65 in chips) 
Seat 9: CastorTroy4 ($32.05 in chips) 
Alameda22: posts small blind $0.10
LUCKYMONSTER: posts big blind $0.25
*** HOLE CARDS ***
Dealt to Alameda22 [Qs Th]
Usurpov: folds 
Aioras: folds 
rhop4823: folds 
helloheather: raises $0.25 to $0.50
CastorTroy4: folds 
PHEOCHROM: folds 
Alameda22: folds 
LUCKYMONSTER: folds 
Uncalled bet ($0.25) returned to helloheather
helloheather collected $0.60 from pot
helloheather: doesn't show hand 
*** SUMMARY ***
Total pot $0.60 | Rake $0 
Seat 1: PHEOCHROM (button) folded before Flop (didn't bet)
Seat 2: Alameda22 (small blind) folded before Flop
Seat 4: LUCKYMONSTER (big blind) folded before Flop
Seat 5: Usurpov folded before Flop (didn't bet)
Seat 6: Aioras folded before Flop (didn't bet)
Seat 7: rhop4823 folded before Flop (didn't bet)
Seat 8: helloheather collected ($0.60)
Seat 9: CastorTroy4 folded before Flop (didn't bet)



PokerStars Game #19903633330:  Hold'em No Limit ($0.10/$0.25) - 2008/08/25 - 23:51:19 (ET)
Table 'Dares' 9-max Seat #2 is the button
Seat 1: PHEOCHROM ($7.95 in chips) 
Seat 2: Alameda22 ($27.45 in chips) 
Seat 4: LUCKYMONSTER ($24.20 in chips) 
Seat 5: Usurpov ($24.15 in chips) 
Seat 6: Aioras ($25.45 in chips) 
Seat 7: rhop4823 ($44.05 in chips) 
Seat 8: helloheather ($17 in chips) 
Seat 9: CastorTroy4 ($32.05 in chips) 
atomicbomber was removed from the table for failing to post
LUCKYMONSTER: posts small blind $0.10
Usurpov: posts big blind $0.25
*** HOLE CARDS ***
Dealt to Alameda22 [4d 4h]
Aioras: folds 
rhop4823: calls $0.25
helloheather: calls $0.25
CastorTroy4: folds 
PHEOCHROM: folds 
Alameda22: calls $0.25
LUCKYMONSTER: folds 
Usurpov: checks 
*** FLOP *** [2c Jc 2h]
Usurpov: checks 
rhop4823: bets $1.25
helloheather: folds 
Alameda22: folds 
Usurpov: folds 
Uncalled bet ($1.25) returned to rhop4823
rhop4823 collected $1.05 from pot
rhop4823: doesn't show hand 
*** SUMMARY ***
Total pot $1.10 | Rake $0.05 
Board [2c Jc 2h]
Seat 1: PHEOCHROM folded before Flop (didn't bet)
Seat 2: Alameda22 (button) folded on the Flop
Seat 4: LUCKYMONSTER (small blind) folded before Flop
Seat 5: Usurpov (big blind) folded on the Flop
Seat 6: Aioras folded before Flop (didn't bet)
Seat 7: rhop4823 collected ($1.05)
Seat 8: helloheather folded on the Flop
Seat 9: CastorTroy4 folded before Flop (didn't bet)



PokerStars Game #19903657579:  Hold'em No Limit ($0.10/$0.25) - 2008/08/25 - 23:52:36 (ET)
Table 'Dares' 9-max Seat #4 is the button
Seat 1: PHEOCHROM ($7.95 in chips) 
Seat 2: Alameda22 ($27.20 in chips) 
Seat 4: LUCKYMONSTER ($24.10 in chips) 
Seat 5: Usurpov ($23.90 in chips) 
Seat 6: Aioras ($25.45 in chips) 
Seat 7: rhop4823 ($44.85 in chips) 
Seat 8: helloheather ($16.75 in chips) 
Seat 9: CastorTroy4 ($32.05 in chips) 
Usurpov: posts small blind $0.10
Aioras: posts big blind $0.25
*** HOLE CARDS ***
Dealt to Alameda22 [Ah 6h]
rhop4823: raises $1 to $1.25
helloheather: folds 
CastorTroy4: folds 
PHEOCHROM: folds 
Alameda22: folds 
LUCKYMONSTER: folds 
Usurpov: folds 
Aioras: folds 
Uncalled bet ($1) returned to rhop4823
rhop4823 collected $0.60 from pot
rhop4823: doesn't show hand 
*** SUMMARY ***
Total pot $0.60 | Rake $0 
Seat 1: PHEOCHROM folded before Flop (didn't bet)
Seat 2: Alameda22 folded before Flop (didn't bet)
Seat 4: LUCKYMONSTER (button) folded before Flop (didn't bet)
Seat 5: Usurpov (small blind) folded before Flop
Seat 6: Aioras (big blind) folded before Flop
Seat 7: rhop4823 collected ($0.60)
Seat 8: helloheather folded before Flop (didn't bet)
Seat 9: CastorTroy4 folded before Flop (didn't bet)



PokerStars Game #19903674545:  Hold'em No Limit ($0.10/$0.25) - 2008/08/25 - 23:53:29 (ET)
Table 'Dares' 9-max Seat #5 is the button
Seat 1: PHEOCHROM ($7.95 in chips) 
Seat 2: Alameda22 ($27.20 in chips) 
Seat 4: LUCKYMONSTER ($24.10 in chips) 
Seat 5: Usurpov ($23.80 in chips) 
Seat 6: Aioras ($25.20 in chips) 
Seat 7: rhop4823 ($45.20 in chips) 
Seat 8: helloheather ($16.75 in chips) 
Seat 9: CastorTroy4 ($32.05 in chips) 
Aioras: posts small blind $0.10
rhop4823: posts big blind $0.25
*** HOLE CARDS ***
Dealt to Alameda22 [Ad Js]
helloheather: folds 
CastorTroy4: folds 
PHEOCHROM: folds 
Alameda22: raises $0.50 to $0.75
LUCKYMONSTER: folds 
Usurpov: folds 
Aioras: folds 
rhop4823: calls $0.50
*** FLOP *** [Jc Kc Qs]
rhop4823: checks 
Alameda22: bets $1
rhop4823: calls $1
*** TURN *** [Jc Kc Qs] [4c]
rhop4823: checks 
Alameda22: checks 
*** RIVER *** [Jc Kc Qs 4c] [6c]
rhop4823: bets $4
Alameda22: folds 
Uncalled bet ($4) returned to rhop4823
rhop4823 collected $3.45 from pot
rhop4823: doesn't show hand 
*** SUMMARY ***
Total pot $3.60 | Rake $0.15 
Board [Jc Kc Qs 4c 6c]
Seat 1: PHEOCHROM folded before Flop (didn't bet)
Seat 2: Alameda22 folded on the River
Seat 4: LUCKYMONSTER folded before Flop (didn't bet)
Seat 5: Usurpov (button) folded before Flop (didn't bet)
Seat 6: Aioras (small blind) folded before Flop
Seat 7: rhop4823 (big blind) collected ($3.45)
Seat 8: helloheather folded before Flop (didn't bet)
Seat 9: CastorTroy4 folded before Flop (didn't bet)



PokerStars Game #19903694515:  Hold'em No Limit ($0.10/$0.25) - 2008/08/25 - 23:54:32 (ET)
Table 'Dares' 9-max Seat #6 is the button
Seat 1: PHEOCHROM ($7.95 in chips) 
Seat 2: Alameda22 ($25.45 in chips) 
Seat 4: LUCKYMONSTER ($24.10 in chips) 
Seat 5: Usurpov ($23.80 in chips) 
Seat 6: Aioras ($25.10 in chips) 
Seat 7: rhop4823 ($46.90 in chips) 
Seat 8: helloheather ($16.75 in chips) 
Seat 9: CastorTroy4 ($32.05 in chips) 
rhop4823: posts small blind $0.10
helloheather: posts big blind $0.25
*** HOLE CARDS ***
Dealt to Alameda22 [5d Th]
CastorTroy4: folds 
PHEOCHROM: folds 
Alameda22: folds 
LUCKYMONSTER: raises $0.50 to $0.75
Usurpov: folds 
Aioras: folds 
rhop4823: folds 
helloheather: folds 
Uncalled bet ($0.50) returned to LUCKYMONSTER
LUCKYMONSTER collected $0.60 from pot
LUCKYMONSTER: doesn't show hand 
*** SUMMARY ***
Total pot $0.60 | Rake $0 
Seat 1: PHEOCHROM folded before Flop (didn't bet)
Seat 2: Alameda22 folded before Flop (didn't bet)
Seat 4: LUCKYMONSTER collected ($0.60)
Seat 5: Usurpov folded before Flop (didn't bet)
Seat 6: Aioras (button) folded before Flop (didn't bet)
Seat 7: rhop4823 (small blind) folded before Flop
Seat 8: helloheather (big blind) folded before Flop
Seat 9: CastorTroy4 folded before Flop (didn't bet)



PokerStars Game #19903707489:  Hold'em No Limit ($0.10/$0.25) - 2008/08/25 - 23:55:14 (ET)
Table 'Dares' 9-max Seat #7 is the button
Seat 1: PHEOCHROM ($7.95 in chips) 
Seat 2: Alameda22 ($25.45 in chips) 
Seat 4: LUCKYMONSTER ($24.45 in chips) 
Seat 5: Usurpov ($23.80 in chips) 
Seat 6: Aioras ($25.10 in chips) 
Seat 7: rhop4823 ($46.80 in chips) 
Seat 8: helloheather ($16.50 in chips) 
Seat 9: CastorTroy4 ($32.05 in chips) 
helloheather: posts small blind $0.10
CastorTroy4: posts big blind $0.25
*** HOLE CARDS ***
Dealt to Alameda22 [4s 3d]
PHEOCHROM: folds 
Alameda22: folds 
LUCKYMONSTER: folds 
Usurpov: folds 
Aioras: folds 
rhop4823: raises $0.50 to $0.75
helloheather: calls $0.65
CastorTroy4: folds 
*** FLOP *** [9d 7c 6h]
helloheather: checks 
rhop4823: bets $0.75
helloheather: calls $0.75
*** TURN *** [9d 7c 6h] [Jh]
helloheather: checks 
rhop4823: bets $2.25
helloheather: calls $2.25
*** RIVER *** [9d 7c 6h Jh] [Ks]
helloheather: checks 
hpsunlog joins the table at seat #3 
rhop4823: bets $3
helloheather: folds 
Uncalled bet ($3) returned to rhop4823
rhop4823 collected $7.40 from pot
rhop4823: doesn't show hand 
*** SUMMARY ***
Total pot $7.75 | Rake $0.35 
Board [9d 7c 6h Jh Ks]
Seat 1: PHEOCHROM folded before Flop (didn't bet)
Seat 2: Alameda22 folded before Flop (didn't bet)
Seat 4: LUCKYMONSTER folded before Flop (didn't bet)
Seat 5: Usurpov folded before Flop (didn't bet)
Seat 6: Aioras folded before Flop (didn't bet)
Seat 7: rhop4823 (button) collected ($7.40)
Seat 8: helloheather (small blind) folded on the River
Seat 9: CastorTroy4 (big blind) folded before Flop



PokerStars Game #19903734292:  Hold'em No Limit ($0.10/$0.25) - 2008/08/25 - 23:56:39 (ET)
Table 'Dares' 9-max Seat #8 is the button
Seat 1: PHEOCHROM ($7.95 in chips) 
Seat 2: Alameda22 ($25.45 in chips) 
Seat 4: LUCKYMONSTER ($24.45 in chips) 
Seat 5: Usurpov ($23.80 in chips) 
Seat 6: Aioras ($25.10 in chips) 
Seat 7: rhop4823 ($50.45 in chips) 
Seat 8: helloheather ($12.75 in chips) 
Seat 9: CastorTroy4 ($31.80 in chips) 
CastorTroy4: posts small blind $0.10
PHEOCHROM: posts big blind $0.25
hpsunlog: sits out 
*** HOLE CARDS ***
Dealt to Alameda22 [Qs Th]
Alameda22: folds 
LUCKYMONSTER: folds 
Usurpov: folds 
Aioras: calls $0.25
rhop4823: folds 
helloheather: calls $0.25
CastorTroy4: calls $0.15
PHEOCHROM: checks 
*** FLOP *** [Kc 4d 6d]
CastorTroy4: bets $1
PHEOCHROM: folds 
Aioras: folds 
helloheather: calls $1
*** TURN *** [Kc 4d 6d] [3c]
CastorTroy4: checks 
helloheather: checks 
*** RIVER *** [Kc 4d 6d 3c] [Qd]
CastorTroy4: bets $0.75
helloheather: calls $0.75
*** SHOW DOWN ***
CastorTroy4: shows [Td Kh] (a pair of Kings)
helloheather: shows [8s Ks] (a pair of Kings - lower kicker)
CastorTroy4 collected $4.30 from pot
*** SUMMARY ***
Total pot $4.50 | Rake $0.20 
Board [Kc 4d 6d 3c Qd]
Seat 1: PHEOCHROM (big blind) folded on the Flop
Seat 2: Alameda22 folded before Flop (didn't bet)
Seat 4: LUCKYMONSTER folded before Flop (didn't bet)
Seat 5: Usurpov folded before Flop (didn't bet)
Seat 6: Aioras folded on the Flop
Seat 7: rhop4823 folded before Flop (didn't bet)
Seat 8: helloheather (button) showed [8s Ks] and lost with a pair of Kings
Seat 9: CastorTroy4 (small blind) showed [Td Kh] and won ($4.30) with a pair of Kings



PokerStars Game #19903755068:  Hold'em No Limit ($0.10/$0.25) - 2008/08/25 - 23:57:47 (ET)
Table 'Dares' 9-max Seat #9 is the button
Seat 1: PHEOCHROM ($7.70 in chips) 
Seat 2: Alameda22 ($25.45 in chips) 
Seat 4: LUCKYMONSTER ($24.45 in chips) 
Seat 5: Usurpov ($23.80 in chips) 
Seat 6: Aioras ($24.85 in chips) 
Seat 7: rhop4823 ($50.45 in chips) 
Seat 8: helloheather ($10.75 in chips) 
Seat 9: CastorTroy4 ($34.10 in chips) 
PHEOCHROM: posts small blind $0.10
Alameda22: posts big blind $0.25
hpsunlog: sits out 
*** HOLE CARDS ***
Dealt to Alameda22 [Jd Th]
LUCKYMONSTER: folds 
Usurpov: folds 
Aioras: folds 
rhop4823: calls $0.25
helloheather: folds 
CastorTroy4: folds 
PHEOCHROM: calls $0.15
Alameda22: checks 
*** FLOP *** [As 9c 4h]
PHEOCHROM: checks 
Alameda22: checks 
rhop4823: checks 
*** TURN *** [As 9c 4h] [Td]
PHEOCHROM: checks 
Alameda22: bets $0.50
rhop4823: calls $0.50
PHEOCHROM: calls $0.50
*** RIVER *** [As 9c 4h Td] [Ah]
PHEOCHROM: checks 
Alameda22: checks 
rhop4823: checks 
*** SHOW DOWN ***
PHEOCHROM: shows [5c 2d] (a pair of Aces)
Alameda22: shows [Jd Th] (two pair, Aces and Tens)
rhop4823: mucks hand 
Alameda22 collected $2.15 from pot
*** SUMMARY ***
Total pot $2.25 | Rake $0.10 
Board [As 9c 4h Td Ah]
Seat 1: PHEOCHROM (small blind) showed [5c 2d] and lost with a pair of Aces
Seat 2: Alameda22 (big blind) showed [Jd Th] and won ($2.15) with two pair, Aces and Tens
Seat 4: LUCKYMONSTER folded before Flop (didn't bet)
Seat 5: Usurpov folded before Flop (didn't bet)
Seat 6: Aioras folded before Flop (didn't bet)
Seat 7: rhop4823 mucked [9h 8c]
Seat 8: helloheather folded before Flop (didn't bet)
Seat 9: CastorTroy4 (button) folded before Flop (didn't bet)



PokerStars Game #19903776608:  Hold'em No Limit ($0.10/$0.25) - 2008/08/25 - 23:58:57 (ET)
Table 'Dares' 9-max Seat #1 is the button
Seat 1: PHEOCHROM ($6.95 in chips) 
Seat 2: Alameda22 ($26.85 in chips) 
Seat 3: hpsunlog ($15 in chips) 
Seat 4: LUCKYMONSTER ($24.45 in chips) 
Seat 5: Usurpov ($23.80 in chips) 
Seat 6: Aioras ($24.85 in chips) 
Seat 7: rhop4823 ($49.70 in chips) 
Seat 8: helloheather ($10.75 in chips) 
Seat 9: CastorTroy4 ($34.10 in chips) 
Alameda22: posts small blind $0.10
hpsunlog: posts big blind $0.25
*** HOLE CARDS ***
Dealt to Alameda22 [7h 6s]
LUCKYMONSTER: folds 
Usurpov: folds 
Aioras: folds 
rhop4823: folds 
helloheather: raises $0.50 to $0.75
CastorTroy4: folds 
PHEOCHROM: folds 
Alameda22: folds 
hpsunlog: calls $0.50
*** FLOP *** [7s 3c 3d]
hpsunlog: checks 
helloheather: checks 
*** TURN *** [7s 3c 3d] [2s]
hpsunlog: checks 
helloheather: bets $0.50
hpsunlog: calls $0.50
*** RIVER *** [7s 3c 3d 2s] [5h]
hpsunlog: checks 
helloheather: checks 
*** SHOW DOWN ***
hpsunlog: shows [Ad Ks] (a pair of Threes)
helloheather: shows [2h Kc] (two pair, Threes and Deuces)
helloheather collected $2.50 from pot
*** SUMMARY ***
Total pot $2.60 | Rake $0.10 
Board [7s 3c 3d 2s 5h]
Seat 1: PHEOCHROM (button) folded before Flop (didn't bet)
Seat 2: Alameda22 (small blind) folded before Flop
Seat 3: hpsunlog (big blind) showed [Ad Ks] and lost with a pair of Threes
Seat 4: LUCKYMONSTER folded before Flop (didn't bet)
Seat 5: Usurpov folded before Flop (didn't bet)
Seat 6: Aioras folded before Flop (didn't bet)
Seat 7: rhop4823 folded before Flop (didn't bet)
Seat 8: helloheather showed [2h Kc] and won ($2.50) with two pair, Threes and Deuces
Seat 9: CastorTroy4 folded before Flop (didn't bet)



