PokerStars Game #20156302903:  Hold'em No Limit ($0.25/$0.50) - 2008/09/05 0:00:30 ET
Table 'Proteus III' 9-max Seat #6 is the button
Seat 1: Switzerblink ($75.80 in chips) 
Seat 2: Alcahaelas ($45 in chips) 
Seat 3: SexyBowler ($24.95 in chips) 
Seat 4: Alca12 ($29.95 in chips) 
Seat 5: EnderFFX ($10.95 in chips) 
Seat 6: Alameda22 ($94.40 in chips) 
Seat 9: FACUMDP ($59.95 in chips) 
FACUMDP: posts small blind $0.25
Switzerblink: posts big blind $0.50
*** HOLE CARDS ***
Dealt to Alameda22 [2d 9d]
Alcahaelas: folds 
SexyBowler: folds 
Alca12: folds 
EnderFFX: folds 
Alameda22: folds 
FACUMDP: folds 
Uncalled bet ($0.25) returned to Switzerblink
Switzerblink collected $0.50 from pot
Switzerblink: doesn't show hand 
*** SUMMARY ***
Total pot $0.50 | Rake $0 
Seat 1: Switzerblink (big blind) collected ($0.50)
Seat 2: Alcahaelas folded before Flop (didn't bet)
Seat 3: SexyBowler folded before Flop (didn't bet)
Seat 4: Alca12 folded before Flop (didn't bet)
Seat 5: EnderFFX folded before Flop (didn't bet)
Seat 6: Alameda22 (button) folded before Flop (didn't bet)
Seat 9: FACUMDP (small blind) folded before Flop



PokerStars Game #20156313650:  Hold'em No Limit ($0.25/$0.50) - 2008/09/05 0:01:05 ET
Table 'Proteus III' 9-max Seat #9 is the button
Seat 1: Switzerblink ($76.05 in chips) 
Seat 2: Alcahaelas ($45 in chips) 
Seat 3: SexyBowler ($24.95 in chips) 
Seat 4: Alca12 ($29.95 in chips) 
Seat 5: EnderFFX ($10.95 in chips) 
Seat 6: Alameda22 ($94.40 in chips) 
Seat 9: FACUMDP ($59.70 in chips) 
Switzerblink: posts small blind $0.25
Alcahaelas: posts big blind $0.50
*** HOLE CARDS ***
Dealt to Alameda22 [9h 2c]
SexyBowler: calls $0.50
Alca12: folds 
EnderFFX: folds 
Alameda22: folds 
FACUMDP: folds 
Switzerblink: calls $0.25
Alcahaelas: checks 
*** FLOP *** [Js 8d 6c]
Switzerblink: checks 
Alcahaelas: bets $1
Chrisinjo has returned
SexyBowler: calls $1
Switzerblink: folds 
*** TURN *** [Js 8d 6c] [2s]
Alcahaelas: bets $1
SexyBowler: calls $1
*** RIVER *** [Js 8d 6c 2s] [Jd]
Alcahaelas: bets $2.50
SexyBowler: folds 
Uncalled bet ($2.50) returned to Alcahaelas
Alcahaelas collected $5.25 from pot
Alcahaelas: doesn't show hand 
*** SUMMARY ***
Total pot $5.50 | Rake $0.25 
Board [Js 8d 6c 2s Jd]
Seat 1: Switzerblink (small blind) folded on the Flop
Seat 2: Alcahaelas (big blind) collected ($5.25)
Seat 3: SexyBowler folded on the River
Seat 4: Alca12 folded before Flop (didn't bet)
Seat 5: EnderFFX folded before Flop (didn't bet)
Seat 6: Alameda22 folded before Flop (didn't bet)
Seat 9: FACUMDP (button) folded before Flop (didn't bet)



PokerStars Game #20156336832:  Hold'em No Limit ($0.25/$0.50) - 2008/09/05 0:02:23 ET
Table 'Proteus III' 9-max Seat #1 is the button
Seat 1: Switzerblink ($75.55 in chips) 
Seat 2: Alcahaelas ($47.75 in chips) 
Seat 3: SexyBowler ($22.45 in chips) 
Seat 4: Alca12 ($29.95 in chips) 
Seat 5: EnderFFX ($10.95 in chips) 
Seat 6: Alameda22 ($94.40 in chips) 
Seat 9: FACUMDP ($59.70 in chips) 
Alcahaelas: posts small blind $0.25
SexyBowler: posts big blind $0.50
Chrisinjo: sits out 
*** HOLE CARDS ***
Dealt to Alameda22 [Js 3d]
Alca12: folds 
EnderFFX: folds 
Alameda22: folds 
FACUMDP: folds 
Switzerblink: calls $0.50
Alcahaelas: calls $0.25
SexyBowler: checks 
*** FLOP *** [Ah Qh 2s]
Alcahaelas: checks 
hoodlum320 joins the table at seat #8 
SexyBowler: checks 
Switzerblink: bets $0.50
Alcahaelas: folds 
SexyBowler: folds 
Uncalled bet ($0.50) returned to Switzerblink
Switzerblink collected $1.45 from pot
*** SUMMARY ***
Total pot $1.50 | Rake $0.05 
Board [Ah Qh 2s]
Seat 1: Switzerblink (button) collected ($1.45)
Seat 2: Alcahaelas (small blind) folded on the Flop
Seat 3: SexyBowler (big blind) folded on the Flop
Seat 4: Alca12 folded before Flop (didn't bet)
Seat 5: EnderFFX folded before Flop (didn't bet)
Seat 6: Alameda22 folded before Flop (didn't bet)
Seat 9: FACUMDP folded before Flop (didn't bet)



PokerStars Game #20156352864:  Hold'em No Limit ($0.25/$0.50) - 2008/09/05 0:03:16 ET
Table 'Proteus III' 9-max Seat #2 is the button
Seat 1: Switzerblink ($76.50 in chips) 
Seat 2: Alcahaelas ($47.25 in chips) 
Seat 3: SexyBowler ($21.95 in chips) 
Seat 4: Alca12 ($29.95 in chips) 
Seat 5: EnderFFX ($10.95 in chips) 
Seat 6: Alameda22 ($94.40 in chips) 
Seat 8: hoodlum320 ($10.25 in chips) 
Seat 9: FACUMDP ($59.70 in chips) 
SexyBowler: posts small blind $0.25
Alca12: posts big blind $0.50
Chrisinjo: sits out 
hoodlum320: posts big blind $0.50
*** HOLE CARDS ***
Dealt to Alameda22 [Qc 8c]
EnderFFX: folds 
Alameda22: folds 
hoodlum320: checks 
FACUMDP: folds 
Switzerblink: folds 
Alcahaelas: folds 
SexyBowler: calls $0.25
Alca12: checks 
*** FLOP *** [6s 4d Kc]
SexyBowler: checks 
Alca12: checks 
hoodlum320: checks 
*** TURN *** [6s 4d Kc] [Th]
SexyBowler: bets $1.50
Alca12: folds 
hoodlum320: calls $1.50
*** RIVER *** [6s 4d Kc Th] [3d]
SexyBowler: bets $3.50
hoodlum320: raises $4.75 to $8.25 and is all-in
SexyBowler: calls $4.75
*** SHOW DOWN ***
hoodlum320: shows [Tc 3s] (two pair, Tens and Threes)
SexyBowler: shows [Ks 6h] (two pair, Kings and Sixes)
SexyBowler collected $20 from pot
*** SUMMARY ***
Total pot $21 | Rake $1 
Board [6s 4d Kc Th 3d]
Seat 1: Switzerblink folded before Flop (didn't bet)
Seat 2: Alcahaelas (button) folded before Flop (didn't bet)
Seat 3: SexyBowler (small blind) showed [Ks 6h] and won ($20) with two pair, Kings and Sixes
Seat 4: Alca12 (big blind) folded on the Turn
Seat 5: EnderFFX folded before Flop (didn't bet)
Seat 6: Alameda22 folded before Flop (didn't bet)
Seat 8: hoodlum320 showed [Tc 3s] and lost with two pair, Tens and Threes
Seat 9: FACUMDP folded before Flop (didn't bet)



