PokerStars Game #20082580569:  Hold'em No Limit ($0.10/$0.25) - 2008/09/02 - 00:01:14 (ET)
Table 'Hekate III' 9-max Seat #4 is the button
Seat 1: Alameda22 ($26.65 in chips) 
Seat 2: sounami ($36.30 in chips) 
Seat 3: joshil3 ($25.50 in chips) 
Seat 4: PiS.AA ($24.65 in chips) 
Seat 5: ehle11 ($25.35 in chips) 
Seat 6: rsr7777 ($6.90 in chips) 
Seat 7: NoahDeArc ($25.50 in chips) 
Seat 8: coopb16 ($25 in chips) 
Seat 9: HHoTCarLL ($62.70 in chips) 
ehle11: posts small blind $0.10
rsr7777: posts big blind $0.25
*** HOLE CARDS ***
Dealt to Alameda22 [5h 9c]
NoahDeArc: folds 
coopb16: folds 
HHoTCarLL: folds 
Alameda22: folds 
sounami: folds 
joshil3: folds 
PiS.AA: folds 
ehle11: raises $0.75 to $1
rsr7777: folds 
Uncalled bet ($0.75) returned to ehle11
ehle11 collected $0.50 from pot
ehle11: doesn't show hand 
*** SUMMARY ***
Total pot $0.50 | Rake $0 
Seat 1: Alameda22 folded before Flop (didn't bet)
Seat 2: sounami folded before Flop (didn't bet)
Seat 3: joshil3 folded before Flop (didn't bet)
Seat 4: PiS.AA (button) folded before Flop (didn't bet)
Seat 5: ehle11 (small blind) collected ($0.50)
Seat 6: rsr7777 (big blind) folded before Flop
Seat 7: NoahDeArc folded before Flop (didn't bet)
Seat 8: coopb16 folded before Flop (didn't bet)
Seat 9: HHoTCarLL folded before Flop (didn't bet)



PokerStars Game #20082591741:  Hold'em No Limit ($0.10/$0.25) - 2008/09/02 - 00:01:54 (ET)
Table 'Hekate III' 9-max Seat #5 is the button
Seat 1: Alameda22 ($26.65 in chips) 
Seat 2: sounami ($36.30 in chips) 
Seat 3: joshil3 ($25.50 in chips) 
Seat 4: PiS.AA ($24.65 in chips) 
Seat 5: ehle11 ($25.60 in chips) 
Seat 6: rsr7777 ($6.65 in chips) 
Seat 7: NoahDeArc ($25.50 in chips) 
Seat 8: coopb16 ($25 in chips) 
Seat 9: HHoTCarLL ($62.70 in chips) 
rsr7777: posts small blind $0.10
NoahDeArc: posts big blind $0.25
*** HOLE CARDS ***
Dealt to Alameda22 [Kd Kc]
coopb16: folds 
HHoTCarLL: raises $0.50 to $0.75
Alameda22: raises $2 to $2.75
sounami: folds 
joshil3: folds 
PiS.AA: folds 
ehle11: folds 
rsr7777: folds 
NoahDeArc: calls $2.50
HHoTCarLL: calls $2
*** FLOP *** [As Qc 5d]
NoahDeArc: checks 
HHoTCarLL: checks 
Alameda22: checks 
*** TURN *** [As Qc 5d] [9d]
NoahDeArc: checks 
HHoTCarLL: bets $3
Alameda22: folds 
NoahDeArc: folds 
Uncalled bet ($3) returned to HHoTCarLL
HHoTCarLL collected $7.95 from pot
HHoTCarLL: shows [9c 9s] (three of a kind, Nines)
*** SUMMARY ***
Total pot $8.35 | Rake $0.40 
Board [As Qc 5d 9d]
Seat 1: Alameda22 folded on the Turn
Seat 2: sounami folded before Flop (didn't bet)
Seat 3: joshil3 folded before Flop (didn't bet)
Seat 4: PiS.AA folded before Flop (didn't bet)
Seat 5: ehle11 (button) folded before Flop (didn't bet)
Seat 6: rsr7777 (small blind) folded before Flop
Seat 7: NoahDeArc (big blind) folded on the Turn
Seat 8: coopb16 folded before Flop (didn't bet)
Seat 9: HHoTCarLL collected ($7.95)



PokerStars Game #20082614606:  Hold'em No Limit ($0.10/$0.25) - 2008/09/02 - 00:03:16 (ET)
Table 'Hekate III' 9-max Seat #6 is the button
Seat 1: Alameda22 ($23.90 in chips) 
Seat 2: sounami ($36.30 in chips) 
Seat 3: joshil3 ($25.50 in chips) 
Seat 4: PiS.AA ($25 in chips) 
Seat 5: ehle11 ($25.60 in chips) 
Seat 6: rsr7777 ($6.55 in chips) 
Seat 7: NoahDeArc ($22.75 in chips) 
Seat 8: coopb16 ($25 in chips) 
Seat 9: HHoTCarLL ($67.90 in chips) 
NoahDeArc: posts small blind $0.10
coopb16: posts big blind $0.25
*** HOLE CARDS ***
Dealt to Alameda22 [Kd 7h]
HHoTCarLL: calls $0.25
Alameda22: folds 
sounami: folds 
joshil3: folds 
PiS.AA: folds 
ehle11: folds 
rsr7777: raises $0.75 to $1
NoahDeArc: folds 
coopb16: folds 
HHoTCarLL: folds 
Uncalled bet ($0.75) returned to rsr7777
rsr7777 collected $0.85 from pot
rsr7777: doesn't show hand 
*** SUMMARY ***
Total pot $0.85 | Rake $0 
Seat 1: Alameda22 folded before Flop (didn't bet)
Seat 2: sounami folded before Flop (didn't bet)
Seat 3: joshil3 folded before Flop (didn't bet)
Seat 4: PiS.AA folded before Flop (didn't bet)
Seat 5: ehle11 folded before Flop (didn't bet)
Seat 6: rsr7777 (button) collected ($0.85)
Seat 7: NoahDeArc (small blind) folded before Flop
Seat 8: coopb16 (big blind) folded before Flop
Seat 9: HHoTCarLL folded before Flop



PokerStars Game #20082624538:  Hold'em No Limit ($0.10/$0.25) - 2008/09/02 - 00:03:51 (ET)
Table 'Hekate III' 9-max Seat #7 is the button
Seat 1: Alameda22 ($23.90 in chips) 
Seat 2: sounami ($36.30 in chips) 
Seat 3: joshil3 ($25.50 in chips) 
Seat 4: PiS.AA ($25 in chips) 
Seat 5: ehle11 ($25.60 in chips) 
Seat 6: rsr7777 ($7.15 in chips) 
Seat 7: NoahDeArc ($22.65 in chips) 
Seat 8: coopb16 ($24.75 in chips) 
Seat 9: HHoTCarLL ($67.65 in chips) 
coopb16: posts small blind $0.10
HHoTCarLL: posts big blind $0.25
*** HOLE CARDS ***
Dealt to Alameda22 [9c 2c]
Alameda22: folds 
sounami: folds 
joshil3: raises $0.75 to $1
PiS.AA: folds 
ehle11: folds 
rsr7777: folds 
NoahDeArc: calls $1
coopb16: folds 
HHoTCarLL: folds 
*** FLOP *** [Td 8s 9h]
joshil3: bets $1.50
NoahDeArc: folds 
Uncalled bet ($1.50) returned to joshil3
joshil3 collected $2.25 from pot
joshil3: doesn't show hand 
*** SUMMARY ***
Total pot $2.35 | Rake $0.10 
Board [Td 8s 9h]
Seat 1: Alameda22 folded before Flop (didn't bet)
Seat 2: sounami folded before Flop (didn't bet)
Seat 3: joshil3 collected ($2.25)
Seat 4: PiS.AA folded before Flop (didn't bet)
Seat 5: ehle11 folded before Flop (didn't bet)
Seat 6: rsr7777 folded before Flop (didn't bet)
Seat 7: NoahDeArc (button) folded on the Flop
Seat 8: coopb16 (small blind) folded before Flop
Seat 9: HHoTCarLL (big blind) folded before Flop



PokerStars Game #20082640116:  Hold'em No Limit ($0.10/$0.25) - 2008/09/02 - 00:04:47 (ET)
Table 'Hekate III' 9-max Seat #8 is the button
Seat 1: Alameda22 ($23.90 in chips) 
Seat 2: sounami ($36.30 in chips) 
Seat 3: joshil3 ($26.75 in chips) 
Seat 4: PiS.AA ($25 in chips) 
Seat 5: ehle11 ($25.60 in chips) 
Seat 6: rsr7777 ($7.15 in chips) 
Seat 7: NoahDeArc ($21.65 in chips) 
Seat 8: coopb16 ($24.65 in chips) 
Seat 9: HHoTCarLL ($67.40 in chips) 
HHoTCarLL: posts small blind $0.10
Alameda22: posts big blind $0.25
*** HOLE CARDS ***
Dealt to Alameda22 [6h 9h]
sounami: folds 
sounami leaves the table
joshil3: folds 
PiS.AA: folds 
ehle11: folds 
rsr7777: folds 
NoahDeArc: folds 
coopb16: folds 
HHoTCarLL: calls $0.15
Alameda22: checks 
*** FLOP *** [9d 4d 5s]
HHoTCarLL: checks 
Alameda22: checks 
*** TURN *** [9d 4d 5s] [As]
HHoTCarLL: checks 
Alameda22: checks 
*** RIVER *** [9d 4d 5s As] [Kc]
HHoTCarLL: checks 
Alameda22: checks 
*** SHOW DOWN ***
HHoTCarLL: shows [7d Kh] (a pair of Kings)
Alameda22: mucks hand 
HHoTCarLL collected $0.50 from pot
*** SUMMARY ***
Total pot $0.50 | Rake $0 
Board [9d 4d 5s As Kc]
Seat 1: Alameda22 (big blind) mucked [6h 9h]
Seat 2: sounami folded before Flop (didn't bet)
Seat 3: joshil3 folded before Flop (didn't bet)
Seat 4: PiS.AA folded before Flop (didn't bet)
Seat 5: ehle11 folded before Flop (didn't bet)
Seat 6: rsr7777 folded before Flop (didn't bet)
Seat 7: NoahDeArc folded before Flop (didn't bet)
Seat 8: coopb16 (button) folded before Flop (didn't bet)
Seat 9: HHoTCarLL (small blind) showed [7d Kh] and won ($0.50) with a pair of Kings



PokerStars Game #20082661936:  Hold'em No Limit ($0.10/$0.25) - 2008/09/02 - 00:06:05 (ET)
Table 'Hekate III' 9-max Seat #9 is the button
Seat 1: Alameda22 ($23.65 in chips) 
Seat 3: joshil3 ($26.75 in chips) 
Seat 4: PiS.AA ($25 in chips) 
Seat 5: ehle11 ($25.60 in chips) 
Seat 6: rsr7777 ($7.15 in chips) 
Seat 7: NoahDeArc ($25 in chips) 
Seat 8: coopb16 ($24.65 in chips) 
Seat 9: HHoTCarLL ($67.65 in chips) 
Alameda22: posts small blind $0.10
joshil3: posts big blind $0.25
*** HOLE CARDS ***
Dealt to Alameda22 [7c Qc]
PiS.AA: folds 
ehle11: folds 
rsr7777: folds 
NoahDeArc: folds 
coopb16: folds 
cwexler joins the table at seat #2 
HHoTCarLL: calls $0.25
Alameda22: folds 
joshil3: checks 
*** FLOP *** [6s 2h As]
joshil3: checks 
HHoTCarLL: bets $1
joshil3: folds 
Uncalled bet ($1) returned to HHoTCarLL
HHoTCarLL collected $0.60 from pot
*** SUMMARY ***
Total pot $0.60 | Rake $0 
Board [6s 2h As]
Seat 1: Alameda22 (small blind) folded before Flop
Seat 3: joshil3 (big blind) folded on the Flop
Seat 4: PiS.AA folded before Flop (didn't bet)
Seat 5: ehle11 folded before Flop (didn't bet)
Seat 6: rsr7777 folded before Flop (didn't bet)
Seat 7: NoahDeArc folded before Flop (didn't bet)
Seat 8: coopb16 folded before Flop (didn't bet)
Seat 9: HHoTCarLL (button) collected ($0.60)



PokerStars Game #20082676450:  Hold'em No Limit ($0.10/$0.25) - 2008/09/02 - 00:06:57 (ET)
Table 'Hekate III' 9-max Seat #1 is the button
Seat 1: Alameda22 ($23.55 in chips) 
Seat 3: joshil3 ($26.50 in chips) 
Seat 4: PiS.AA ($25 in chips) 
Seat 5: ehle11 ($25.60 in chips) 
Seat 6: rsr7777 ($7.15 in chips) 
Seat 7: NoahDeArc ($25 in chips) 
Seat 8: coopb16 ($24.65 in chips) 
Seat 9: HHoTCarLL ($68 in chips) 
cwexler will be allowed to play after the button
joshil3: posts small blind $0.10
PiS.AA: posts big blind $0.25
*** HOLE CARDS ***
Dealt to Alameda22 [3d Kh]
ehle11: folds 
rsr7777: folds 
NoahDeArc: folds 
coopb16: folds 
HHoTCarLL: folds 
Alameda22: folds 
joshil3: raises $0.50 to $0.75
PiS.AA: folds 
Uncalled bet ($0.50) returned to joshil3
joshil3 collected $0.50 from pot
joshil3: doesn't show hand 
*** SUMMARY ***
Total pot $0.50 | Rake $0 
Seat 1: Alameda22 (button) folded before Flop (didn't bet)
Seat 3: joshil3 (small blind) collected ($0.50)
Seat 4: PiS.AA (big blind) folded before Flop
Seat 5: ehle11 folded before Flop (didn't bet)
Seat 6: rsr7777 folded before Flop (didn't bet)
Seat 7: NoahDeArc folded before Flop (didn't bet)
Seat 8: coopb16 folded before Flop (didn't bet)
Seat 9: HHoTCarLL folded before Flop (didn't bet)



PokerStars Game #20082685686:  Hold'em No Limit ($0.10/$0.25) - 2008/09/02 - 00:07:31 (ET)
Table 'Hekate III' 9-max Seat #3 is the button
Seat 1: Alameda22 ($23.55 in chips) 
Seat 3: joshil3 ($26.75 in chips) 
Seat 4: PiS.AA ($24.75 in chips) 
Seat 5: ehle11 ($25.60 in chips) 
Seat 6: rsr7777 ($7.15 in chips) 
Seat 7: NoahDeArc ($25 in chips) 
Seat 8: coopb16 ($24.65 in chips) 
Seat 9: HHoTCarLL ($68 in chips) 
PiS.AA: posts small blind $0.10
ehle11: posts big blind $0.25
cwexler: sits out 
*** HOLE CARDS ***
Dealt to Alameda22 [3s 6d]
rsr7777: folds 
PiS.AA said, ""
NoahDeArc: folds 
coopb16: folds 
HHoTCarLL: folds 
Alameda22: folds 
joshil3: folds 
PiS.AA: folds 
Uncalled bet ($0.15) returned to ehle11
ehle11 collected $0.20 from pot
ehle11: doesn't show hand 
*** SUMMARY ***
Total pot $0.20 | Rake $0 
Seat 1: Alameda22 folded before Flop (didn't bet)
Seat 3: joshil3 (button) folded before Flop (didn't bet)
Seat 4: PiS.AA (small blind) folded before Flop
Seat 5: ehle11 (big blind) collected ($0.20)
Seat 6: rsr7777 folded before Flop (didn't bet)
Seat 7: NoahDeArc folded before Flop (didn't bet)
Seat 8: coopb16 folded before Flop (didn't bet)
Seat 9: HHoTCarLL folded before Flop (didn't bet)



PokerStars Game #20082695920:  Hold'em No Limit ($0.10/$0.25) - 2008/09/02 - 00:08:07 (ET)
Table 'Hekate III' 9-max Seat #4 is the button
Seat 1: Alameda22 ($23.55 in chips) 
Seat 3: joshil3 ($26.75 in chips) 
Seat 4: PiS.AA ($25 in chips) 
Seat 5: ehle11 ($25.70 in chips) 
Seat 6: rsr7777 ($7.15 in chips) 
Seat 7: NoahDeArc ($25 in chips) 
Seat 8: coopb16 ($24.65 in chips) 
Seat 9: HHoTCarLL ($68 in chips) 
ehle11: posts small blind $0.10
rsr7777: posts big blind $0.25
cwexler: sits out 
*** HOLE CARDS ***
Dealt to Alameda22 [4h Kc]
NoahDeArc: raises $0.50 to $0.75
coopb16: folds 
HHoTCarLL: folds 
Alameda22: folds 
joshil3: calls $0.75
PiS.AA: folds 
ehle11: folds 
rsr7777: calls $0.50
*** FLOP *** [3s 7s Jh]
rsr7777: checks 
NoahDeArc: bets $2.25
joshil3: folds 
rsr7777: folds 
Uncalled bet ($2.25) returned to NoahDeArc
NoahDeArc collected $2.25 from pot
NoahDeArc: doesn't show hand 
*** SUMMARY ***
Total pot $2.35 | Rake $0.10 
Board [3s 7s Jh]
Seat 1: Alameda22 folded before Flop (didn't bet)
Seat 3: joshil3 folded on the Flop
Seat 4: PiS.AA (button) folded before Flop (didn't bet)
Seat 5: ehle11 (small blind) folded before Flop
Seat 6: rsr7777 (big blind) folded on the Flop
Seat 7: NoahDeArc collected ($2.25)
Seat 8: coopb16 folded before Flop (didn't bet)
Seat 9: HHoTCarLL folded before Flop (didn't bet)



PokerStars Game #20082716107:  Hold'em No Limit ($0.10/$0.25) - 2008/09/02 - 00:09:21 (ET)
Table 'Hekate III' 9-max Seat #5 is the button
Seat 1: Alameda22 ($23.55 in chips) 
Seat 3: joshil3 ($26 in chips) 
Seat 4: PiS.AA ($25 in chips) 
Seat 5: ehle11 ($25.60 in chips) 
Seat 6: rsr7777 ($6.40 in chips) 
Seat 7: NoahDeArc ($26.50 in chips) 
Seat 8: coopb16 ($24.65 in chips) 
Seat 9: HHoTCarLL ($68 in chips) 
rsr7777: posts small blind $0.10
NoahDeArc: posts big blind $0.25
cwexler: sits out 
*** HOLE CARDS ***
Dealt to Alameda22 [8s Qd]
coopb16: calls $0.25
HHoTCarLL: calls $0.25
Alameda22: folds 
joshil3: folds 
PiS.AA: folds 
ehle11: folds 
rsr7777: calls $0.15
NoahDeArc: checks 
*** FLOP *** [Qc Qs 8d]
rsr7777: checks 
NoahDeArc: checks 
coopb16: checks 
HHoTCarLL: checks 
*** TURN *** [Qc Qs 8d] [6d]
rsr7777: bets $0.75
NoahDeArc: folds 
coopb16: folds 
HHoTCarLL: folds 
Uncalled bet ($0.75) returned to rsr7777
rsr7777 collected $0.95 from pot
rsr7777: doesn't show hand 
*** SUMMARY ***
Total pot $1 | Rake $0.05 
Board [Qc Qs 8d 6d]
Seat 1: Alameda22 folded before Flop (didn't bet)
Seat 3: joshil3 folded before Flop (didn't bet)
Seat 4: PiS.AA folded before Flop (didn't bet)
Seat 5: ehle11 (button) folded before Flop (didn't bet)
Seat 6: rsr7777 (small blind) collected ($0.95)
Seat 7: NoahDeArc (big blind) folded on the Turn
Seat 8: coopb16 folded on the Turn
Seat 9: HHoTCarLL folded on the Turn



PokerStars Game #20082735026:  Hold'em No Limit ($0.10/$0.25) - 2008/09/02 - 00:10:30 (ET)
Table 'Hekate III' 9-max Seat #6 is the button
Seat 1: Alameda22 ($23.55 in chips) 
Seat 3: joshil3 ($26 in chips) 
Seat 4: PiS.AA ($25 in chips) 
Seat 5: ehle11 ($25.60 in chips) 
Seat 6: rsr7777 ($7.10 in chips) 
Seat 7: NoahDeArc ($26.25 in chips) 
Seat 9: HHoTCarLL ($67.75 in chips) 
NoahDeArc: posts small blind $0.10
coopb16: is sitting out 
HHoTCarLL: posts big blind $0.25
cwexler: sits out 
*** HOLE CARDS ***
Dealt to Alameda22 [Tc Qd]
coopb16 leaves the table
Alameda22: folds 
joshil3: folds 
PiS.AA: folds 
ehle11: raises $0.75 to $1
rsr7777: folds 
NoahDeArc: folds 
HHoTCarLL: calls $0.75
*** FLOP *** [2h 6d 7h]
HHoTCarLL: checks 
ehle11: checks 
*** TURN *** [2h 6d 7h] [4d]
HHoTCarLL: checks 
ehle11: bets $1.25
HHoTCarLL: folds 
Uncalled bet ($1.25) returned to ehle11
ehle11 collected $2 from pot
ehle11: doesn't show hand 
*** SUMMARY ***
Total pot $2.10 | Rake $0.10 
Board [2h 6d 7h 4d]
Seat 1: Alameda22 folded before Flop (didn't bet)
Seat 3: joshil3 folded before Flop (didn't bet)
Seat 4: PiS.AA folded before Flop (didn't bet)
Seat 5: ehle11 collected ($2)
Seat 6: rsr7777 (button) folded before Flop (didn't bet)
Seat 7: NoahDeArc (small blind) folded before Flop
Seat 9: HHoTCarLL (big blind) folded on the Turn



PokerStars Game #20082748268:  Hold'em No Limit ($0.10/$0.25) - 2008/09/02 - 00:11:18 (ET)
Table 'Hekate III' 9-max Seat #7 is the button
Seat 1: Alameda22 ($23.55 in chips) 
Seat 3: joshil3 ($26 in chips) 
Seat 4: PiS.AA ($25 in chips) 
Seat 5: ehle11 ($26.60 in chips) 
Seat 6: rsr7777 ($7.10 in chips) 
Seat 7: NoahDeArc ($26.15 in chips) 
Seat 9: HHoTCarLL ($66.75 in chips) 
HHoTCarLL: posts small blind $0.10
Alameda22: posts big blind $0.25
cwexler: sits out 
*** HOLE CARDS ***
Dealt to Alameda22 [4c 5h]
joshil3: folds 
PiS.AA: folds 
ehle11: folds 
rsr7777: folds 
NoahDeArc: raises $0.50 to $0.75
HHoTCarLL: folds 
Alameda22: folds 
Uncalled bet ($0.50) returned to NoahDeArc
NoahDeArc collected $0.60 from pot
NoahDeArc: doesn't show hand 
*** SUMMARY ***
Total pot $0.60 | Rake $0 
Seat 1: Alameda22 (big blind) folded before Flop
Seat 3: joshil3 folded before Flop (didn't bet)
Seat 4: PiS.AA folded before Flop (didn't bet)
Seat 5: ehle11 folded before Flop (didn't bet)
Seat 6: rsr7777 folded before Flop (didn't bet)
Seat 7: NoahDeArc (button) collected ($0.60)
Seat 9: HHoTCarLL (small blind) folded before Flop



PokerStars Game #20082757634:  Hold'em No Limit ($0.10/$0.25) - 2008/09/02 - 00:11:53 (ET)
Table 'Hekate III' 9-max Seat #9 is the button
Seat 1: Alameda22 ($23.30 in chips) 
Seat 2: cwexler ($20 in chips) 
Seat 3: joshil3 ($26 in chips) 
Seat 4: PiS.AA ($25 in chips) 
Seat 5: ehle11 ($26.60 in chips) 
Seat 6: rsr7777 ($7.10 in chips) 
Seat 7: NoahDeArc ($26.50 in chips) 
Seat 9: HHoTCarLL ($66.65 in chips) 
Alameda22: posts small blind $0.10
cwexler: posts big blind $0.25
*** HOLE CARDS ***
Dealt to Alameda22 [7d Ad]
crazy dave2 joins the table at seat #8 
joshil3: folds 
PiS.AA: folds 
ehle11: folds 
rsr7777: folds 
NoahDeArc: folds 
HHoTCarLL: folds 
Alameda22: folds 
Uncalled bet ($0.15) returned to cwexler
cwexler collected $0.20 from pot
*** SUMMARY ***
Total pot $0.20 | Rake $0 
Seat 1: Alameda22 (small blind) folded before Flop
Seat 2: cwexler (big blind) collected ($0.20)
Seat 3: joshil3 folded before Flop (didn't bet)
Seat 4: PiS.AA folded before Flop (didn't bet)
Seat 5: ehle11 folded before Flop (didn't bet)
Seat 6: rsr7777 folded before Flop (didn't bet)
Seat 7: NoahDeArc folded before Flop (didn't bet)
Seat 9: HHoTCarLL (button) folded before Flop (didn't bet)



PokerStars Game #20082768303:  Hold'em No Limit ($0.10/$0.25) - 2008/09/02 - 00:12:32 (ET)
Table 'Hekate III' 9-max Seat #1 is the button
Seat 1: Alameda22 ($23.20 in chips) 
Seat 2: cwexler ($20.10 in chips) 
Seat 3: joshil3 ($26 in chips) 
Seat 4: PiS.AA ($25 in chips) 
Seat 5: ehle11 ($26.60 in chips) 
Seat 6: rsr7777 ($7.10 in chips) 
Seat 7: NoahDeArc ($26.50 in chips) 
Seat 8: crazy dave2 ($15 in chips) 
Seat 9: HHoTCarLL ($66.65 in chips) 
cwexler: posts small blind $0.10
joshil3: posts big blind $0.25
crazy dave2: posts big blind $0.25
*** HOLE CARDS ***
Dealt to Alameda22 [8s Jh]
PiS.AA: folds 
ehle11: folds 
rsr7777: folds 
NoahDeArc: folds 
crazy dave2: checks 
HHoTCarLL: folds 
Alameda22: folds 
cwexler: folds 
joshil3: checks 
*** FLOP *** [9c Ts 7d]
joshil3: bets $0.50
crazy dave2: folds 
Uncalled bet ($0.50) returned to joshil3
joshil3 collected $0.60 from pot
joshil3: doesn't show hand 
*** SUMMARY ***
Total pot $0.60 | Rake $0 
Board [9c Ts 7d]
Seat 1: Alameda22 (button) folded before Flop (didn't bet)
Seat 2: cwexler (small blind) folded before Flop
Seat 3: joshil3 (big blind) collected ($0.60)
Seat 4: PiS.AA folded before Flop (didn't bet)
Seat 5: ehle11 folded before Flop (didn't bet)
Seat 6: rsr7777 folded before Flop (didn't bet)
Seat 7: NoahDeArc folded before Flop (didn't bet)
Seat 8: crazy dave2 folded on the Flop
Seat 9: HHoTCarLL folded before Flop (didn't bet)



PokerStars Game #20082781226:  Hold'em No Limit ($0.10/$0.25) - 2008/09/02 - 00:13:20 (ET)
Table 'Hekate III' 9-max Seat #2 is the button
Seat 1: Alameda22 ($23.20 in chips) 
Seat 2: cwexler ($20 in chips) 
Seat 3: joshil3 ($26.35 in chips) 
Seat 4: PiS.AA ($25 in chips) 
Seat 5: ehle11 ($26.60 in chips) 
Seat 6: rsr7777 ($7.10 in chips) 
Seat 7: NoahDeArc ($26.50 in chips) 
Seat 8: crazy dave2 ($14.75 in chips) 
Seat 9: HHoTCarLL ($66.65 in chips) 
joshil3: posts small blind $0.10
PiS.AA: posts big blind $0.25
*** HOLE CARDS ***
Dealt to Alameda22 [5h As]
ehle11: folds 
rsr7777: folds 
NoahDeArc: folds 
rsr7777 leaves the table
crazy dave2: calls $0.25
HHoTCarLL: folds 
Alameda22: folds 
cwexler: folds 
joshil3: folds 
PiS.AA: raises $1 to $1.25
crazy dave2: folds 
Uncalled bet ($1) returned to PiS.AA
PiS.AA collected $0.60 from pot
PiS.AA: doesn't show hand 
*** SUMMARY ***
Total pot $0.60 | Rake $0 
Seat 1: Alameda22 folded before Flop (didn't bet)
Seat 2: cwexler (button) folded before Flop (didn't bet)
Seat 3: joshil3 (small blind) folded before Flop
Seat 4: PiS.AA (big blind) collected ($0.60)
Seat 5: ehle11 folded before Flop (didn't bet)
Seat 6: rsr7777 folded before Flop (didn't bet)
Seat 7: NoahDeArc folded before Flop (didn't bet)
Seat 8: crazy dave2 folded before Flop
Seat 9: HHoTCarLL folded before Flop (didn't bet)



PokerStars Game #20082790105:  Hold'em No Limit ($0.10/$0.25) - 2008/09/02 - 00:13:53 (ET)
Table 'Hekate III' 9-max Seat #3 is the button
Seat 1: Alameda22 ($23.20 in chips) 
Seat 2: cwexler ($20 in chips) 
Seat 3: joshil3 ($26.25 in chips) 
Seat 4: PiS.AA ($25.35 in chips) 
Seat 5: ehle11 ($26.60 in chips) 
Seat 7: NoahDeArc ($26.50 in chips) 
Seat 8: crazy dave2 ($14.50 in chips) 
Seat 9: HHoTCarLL ($66.65 in chips) 
PiS.AA: posts small blind $0.10
ehle11: posts big blind $0.25
*** HOLE CARDS ***
Dealt to Alameda22 [5d Jd]
NoahDeArc: folds 
crazy dave2: folds 
HHoTCarLL: calls $0.25
KAILUA04 joins the table at seat #6 
Alameda22: folds 
cwexler: raises $1 to $1.25
joshil3: folds 
PiS.AA: folds 
ehle11: folds 
HHoTCarLL: folds 
Uncalled bet ($1) returned to cwexler
cwexler collected $0.85 from pot
*** SUMMARY ***
Total pot $0.85 | Rake $0 
Seat 1: Alameda22 folded before Flop (didn't bet)
Seat 2: cwexler collected ($0.85)
Seat 3: joshil3 (button) folded before Flop (didn't bet)
Seat 4: PiS.AA (small blind) folded before Flop
Seat 5: ehle11 (big blind) folded before Flop
Seat 7: NoahDeArc folded before Flop (didn't bet)
Seat 8: crazy dave2 folded before Flop (didn't bet)
Seat 9: HHoTCarLL folded before Flop



PokerStars Game #20082800988:  Hold'em No Limit ($0.10/$0.25) - 2008/09/02 - 00:14:34 (ET)
Table 'Hekate III' 9-max Seat #4 is the button
Seat 1: Alameda22 ($23.20 in chips) 
Seat 2: cwexler ($20.60 in chips) 
Seat 3: joshil3 ($26.25 in chips) 
Seat 4: PiS.AA ($25.25 in chips) 
Seat 5: ehle11 ($26.35 in chips) 
Seat 6: KAILUA04 ($11 in chips) 
Seat 7: NoahDeArc ($26.50 in chips) 
Seat 8: crazy dave2 ($14.50 in chips) 
Seat 9: HHoTCarLL ($66.40 in chips) 
ehle11: posts small blind $0.10
KAILUA04: posts big blind $0.25
*** HOLE CARDS ***
Dealt to Alameda22 [7s Jd]
NoahDeArc: folds 
crazy dave2: raises $0.25 to $0.50
HHoTCarLL: calls $0.50
Alameda22: folds 
cwexler: folds 
joshil3: folds 
PiS.AA: folds 
ehle11: folds 
KAILUA04: calls $0.25
*** FLOP *** [Th Jc 7h]
KAILUA04: checks 
crazy dave2: checks 
HHoTCarLL: checks 
*** TURN *** [Th Jc 7h] [9h]
KAILUA04: bets $1
crazy dave2: folds 
HHoTCarLL: folds 
Uncalled bet ($1) returned to KAILUA04
KAILUA04 collected $1.55 from pot
*** SUMMARY ***
Total pot $1.60 | Rake $0.05 
Board [Th Jc 7h 9h]
Seat 1: Alameda22 folded before Flop (didn't bet)
Seat 2: cwexler folded before Flop (didn't bet)
Seat 3: joshil3 folded before Flop (didn't bet)
Seat 4: PiS.AA (button) folded before Flop (didn't bet)
Seat 5: ehle11 (small blind) folded before Flop
Seat 6: KAILUA04 (big blind) collected ($1.55)
Seat 7: NoahDeArc folded before Flop (didn't bet)
Seat 8: crazy dave2 folded on the Turn
Seat 9: HHoTCarLL folded on the Turn



PokerStars Game #20082814899:  Hold'em No Limit ($0.10/$0.25) - 2008/09/02 - 00:15:26 (ET)
Table 'Hekate III' 9-max Seat #5 is the button
Seat 1: Alameda22 ($23.20 in chips) 
Seat 2: cwexler ($20.60 in chips) 
Seat 3: joshil3 ($26.25 in chips) 
Seat 4: PiS.AA ($25.25 in chips) 
Seat 5: ehle11 ($26.25 in chips) 
Seat 6: KAILUA04 ($12.05 in chips) 
Seat 7: NoahDeArc ($26.50 in chips) 
Seat 8: crazy dave2 ($14 in chips) 
Seat 9: HHoTCarLL ($65.90 in chips) 
KAILUA04: posts small blind $0.10
NoahDeArc: posts big blind $0.25
*** HOLE CARDS ***
Dealt to Alameda22 [Tc 3c]
crazy dave2: calls $0.25
HHoTCarLL: raises $0.60 to $0.85
Alameda22: folds 
cwexler: folds 
joshil3: folds 
PiS.AA: folds 
ehle11: folds 
KAILUA04: folds 
NoahDeArc: folds 
crazy dave2: calls $0.60
*** FLOP *** [9s 2c 6h]
cwexler leaves the table
crazy dave2: checks 
HHoTCarLL: bets $2
crazy dave2: folds 
Uncalled bet ($2) returned to HHoTCarLL
HHoTCarLL collected $1.95 from pot
HHoTCarLL: doesn't show hand 
*** SUMMARY ***
Total pot $2.05 | Rake $0.10 
Board [9s 2c 6h]
Seat 1: Alameda22 folded before Flop (didn't bet)
Seat 2: cwexler folded before Flop (didn't bet)
Seat 3: joshil3 folded before Flop (didn't bet)
Seat 4: PiS.AA folded before Flop (didn't bet)
Seat 5: ehle11 (button) folded before Flop (didn't bet)
Seat 6: KAILUA04 (small blind) folded before Flop
Seat 7: NoahDeArc (big blind) folded before Flop
Seat 8: crazy dave2 folded on the Flop
Seat 9: HHoTCarLL collected ($1.95)



PokerStars Game #20082828857:  Hold'em No Limit ($0.10/$0.25) - 2008/09/02 - 00:16:19 (ET)
Table 'Hekate III' 9-max Seat #6 is the button
Seat 1: Alameda22 ($23.20 in chips) 
Seat 3: joshil3 ($26.25 in chips) 
Seat 4: PiS.AA ($25.25 in chips) 
Seat 5: ehle11 ($26.25 in chips) 
Seat 6: KAILUA04 ($11.95 in chips) 
Seat 7: NoahDeArc ($26.25 in chips) 
Seat 8: crazy dave2 ($13.15 in chips) 
Seat 9: HHoTCarLL ($67 in chips) 
NoahDeArc: posts small blind $0.10
crazy dave2: posts big blind $0.25
*** HOLE CARDS ***
Dealt to Alameda22 [7s 3s]
HHoTCarLL: calls $0.25
Alameda22: folds 
joshil3: folds 
PiS.AA: folds 
ehle11: folds 
KAILUA04: raises $1 to $1.25
NoahDeArc: folds 
crazy dave2: folds 
HHoTCarLL: folds 
Uncalled bet ($1) returned to KAILUA04
KAILUA04 collected $0.85 from pot
*** SUMMARY ***
Total pot $0.85 | Rake $0 
Seat 1: Alameda22 folded before Flop (didn't bet)
Seat 3: joshil3 folded before Flop (didn't bet)
Seat 4: PiS.AA folded before Flop (didn't bet)
Seat 5: ehle11 folded before Flop (didn't bet)
Seat 6: KAILUA04 (button) collected ($0.85)
Seat 7: NoahDeArc (small blind) folded before Flop
Seat 8: crazy dave2 (big blind) folded before Flop
Seat 9: HHoTCarLL folded before Flop



PokerStars Game #20082839735:  Hold'em No Limit ($0.10/$0.25) - 2008/09/02 - 00:17:00 (ET)
Table 'Hekate III' 9-max Seat #7 is the button
Seat 1: Alameda22 ($23.20 in chips) 
Seat 3: joshil3 ($26.25 in chips) 
Seat 4: PiS.AA ($25.25 in chips) 
Seat 5: ehle11 ($26.25 in chips) 
Seat 6: KAILUA04 ($12.55 in chips) 
Seat 7: NoahDeArc ($26.15 in chips) 
Seat 8: crazy dave2 ($12.90 in chips) 
Seat 9: HHoTCarLL ($66.75 in chips) 
crazy dave2: posts small blind $0.10
HHoTCarLL: posts big blind $0.25
*** HOLE CARDS ***
Dealt to Alameda22 [4h 9c]
Alameda22: folds 
joshil3: folds 
PiS.AA: folds 
ehle11: folds 
KAILUA04: calls $0.25
NoahDeArc: raises $0.75 to $1
crazy dave2: calls $0.90
HHoTCarLL: folds 
KAILUA04: folds 
*** FLOP *** [7c 4d 8d]
crazy dave2: bets $0.50
NoahDeArc: calls $0.50
*** TURN *** [7c 4d 8d] [3c]
crazy dave2: checks 
NoahDeArc: checks 
*** RIVER *** [7c 4d 8d 3c] [Kc]
crazy dave2: checks 
NoahDeArc: bets $3
crazy dave2: folds 
Uncalled bet ($3) returned to NoahDeArc
NoahDeArc collected $3.35 from pot
NoahDeArc: doesn't show hand 
*** SUMMARY ***
Total pot $3.50 | Rake $0.15 
Board [7c 4d 8d 3c Kc]
Seat 1: Alameda22 folded before Flop (didn't bet)
Seat 3: joshil3 folded before Flop (didn't bet)
Seat 4: PiS.AA folded before Flop (didn't bet)
Seat 5: ehle11 folded before Flop (didn't bet)
Seat 6: KAILUA04 folded before Flop
Seat 7: NoahDeArc (button) collected ($3.35)
Seat 8: crazy dave2 (small blind) folded on the River
Seat 9: HHoTCarLL (big blind) folded before Flop



PokerStars Game #20082857472:  Hold'em No Limit ($0.10/$0.25) - 2008/09/02 - 00:18:06 (ET)
Table 'Hekate III' 9-max Seat #8 is the button
Seat 1: Alameda22 ($23.20 in chips) 
Seat 3: joshil3 ($26.25 in chips) 
Seat 4: PiS.AA ($25.25 in chips) 
Seat 5: ehle11 ($26.25 in chips) 
Seat 6: KAILUA04 ($12.30 in chips) 
Seat 7: NoahDeArc ($28 in chips) 
Seat 8: crazy dave2 ($11.40 in chips) 
Seat 9: HHoTCarLL ($66.50 in chips) 
HHoTCarLL: posts small blind $0.10
Alameda22: posts big blind $0.25
*** HOLE CARDS ***
Dealt to Alameda22 [Ks 6s]
joshil3: folds 
PiS.AA: folds 
ehle11: folds 
KAILUA04: folds 
NoahDeArc: folds 
crazy dave2: folds 
HHoTCarLL: calls $0.15
chumpzilla10 joins the table at seat #2 
Alameda22: checks 
*** FLOP *** [3c 7h 9h]
HHoTCarLL: checks 
Alameda22: checks 
*** TURN *** [3c 7h 9h] [4s]
HHoTCarLL: checks 
Alameda22: checks 
*** RIVER *** [3c 7h 9h 4s] [6c]
HHoTCarLL: checks 
Alameda22: bets $0.25
HHoTCarLL: calls $0.25
*** SHOW DOWN ***
Alameda22: shows [Ks 6s] (a pair of Sixes)
HHoTCarLL: shows [6d Js] (a pair of Sixes - lower kicker)
Alameda22 collected $0.95 from pot
*** SUMMARY ***
Total pot $1 | Rake $0.05 
Board [3c 7h 9h 4s 6c]
Seat 1: Alameda22 (big blind) showed [Ks 6s] and won ($0.95) with a pair of Sixes
Seat 3: joshil3 folded before Flop (didn't bet)
Seat 4: PiS.AA folded before Flop (didn't bet)
Seat 5: ehle11 folded before Flop (didn't bet)
Seat 6: KAILUA04 folded before Flop (didn't bet)
Seat 7: NoahDeArc folded before Flop (didn't bet)
Seat 8: crazy dave2 (button) folded before Flop (didn't bet)
Seat 9: HHoTCarLL (small blind) showed [6d Js] and lost with a pair of Sixes



PokerStars Game #20082886434:  Hold'em No Limit ($0.10/$0.25) - 2008/09/02 - 00:19:56 (ET)
Table 'Hekate III' 9-max Seat #9 is the button
Seat 1: Alameda22 ($23.65 in chips) 
Seat 2: chumpzilla10 ($10 in chips) 
Seat 3: joshil3 ($26.25 in chips) 
Seat 4: PiS.AA ($25.25 in chips) 
Seat 5: ehle11 ($26.25 in chips) 
Seat 6: KAILUA04 ($12.30 in chips) 
Seat 7: NoahDeArc ($28 in chips) 
Seat 8: crazy dave2 ($11.40 in chips) 
Seat 9: HHoTCarLL ($66 in chips) 
Alameda22: posts small blind $0.10
chumpzilla10: posts big blind $0.25
*** HOLE CARDS ***
Dealt to Alameda22 [Tc Qc]
joshil3: folds 
PiS.AA: folds 
ehle11: folds 
KAILUA04: folds 
NoahDeArc: raises $0.50 to $0.75
crazy dave2: folds 
HHoTCarLL: folds 
Alameda22: folds 
chumpzilla10: folds 
Uncalled bet ($0.50) returned to NoahDeArc
NoahDeArc collected $0.60 from pot
NoahDeArc: doesn't show hand 
*** SUMMARY ***
Total pot $0.60 | Rake $0 
Seat 1: Alameda22 (small blind) folded before Flop
Seat 2: chumpzilla10 (big blind) folded before Flop
Seat 3: joshil3 folded before Flop (didn't bet)
Seat 4: PiS.AA folded before Flop (didn't bet)
Seat 5: ehle11 folded before Flop (didn't bet)
Seat 6: KAILUA04 folded before Flop (didn't bet)
Seat 7: NoahDeArc collected ($0.60)
Seat 8: crazy dave2 folded before Flop (didn't bet)
Seat 9: HHoTCarLL (button) folded before Flop (didn't bet)



PokerStars Game #20082896029:  Hold'em No Limit ($0.10/$0.25) - 2008/09/02 - 00:20:32 (ET)
Table 'Hekate III' 9-max Seat #1 is the button
Seat 1: Alameda22 ($23.55 in chips) 
Seat 2: chumpzilla10 ($9.75 in chips) 
Seat 3: joshil3 ($26.25 in chips) 
Seat 4: PiS.AA ($25.25 in chips) 
Seat 5: ehle11 ($26.25 in chips) 
Seat 6: KAILUA04 ($12.30 in chips) 
Seat 7: NoahDeArc ($28.35 in chips) 
Seat 8: crazy dave2 ($11.40 in chips) 
Seat 9: HHoTCarLL ($66 in chips) 
chumpzilla10: posts small blind $0.10
joshil3: posts big blind $0.25
*** HOLE CARDS ***
Dealt to Alameda22 [Kh Jd]
PiS.AA: folds 
ehle11: folds 
KAILUA04: folds 
NoahDeArc: folds 
crazy dave2: folds 
HHoTCarLL: calls $0.25
Alameda22: folds 
chumpzilla10: raises $0.25 to $0.50
joshil3: folds 
HHoTCarLL: calls $0.25
*** FLOP *** [5s Ad Qc]
chumpzilla10: bets $0.50
HHoTCarLL: folds 
Uncalled bet ($0.50) returned to chumpzilla10
chumpzilla10 collected $1.20 from pot
chumpzilla10: doesn't show hand 
*** SUMMARY ***
Total pot $1.25 | Rake $0.05 
Board [5s Ad Qc]
Seat 1: Alameda22 (button) folded before Flop (didn't bet)
Seat 2: chumpzilla10 (small blind) collected ($1.20)
Seat 3: joshil3 (big blind) folded before Flop
Seat 4: PiS.AA folded before Flop (didn't bet)
Seat 5: ehle11 folded before Flop (didn't bet)
Seat 6: KAILUA04 folded before Flop (didn't bet)
Seat 7: NoahDeArc folded before Flop (didn't bet)
Seat 8: crazy dave2 folded before Flop (didn't bet)
Seat 9: HHoTCarLL folded on the Flop



PokerStars Game #20082906938:  Hold'em No Limit ($0.10/$0.25) - 2008/09/02 - 00:21:15 (ET)
Table 'Hekate III' 9-max Seat #2 is the button
Seat 1: Alameda22 ($23.55 in chips) 
Seat 2: chumpzilla10 ($10.45 in chips) 
Seat 3: joshil3 ($26 in chips) 
Seat 4: PiS.AA ($25.25 in chips) 
Seat 5: ehle11 ($26.25 in chips) 
Seat 6: KAILUA04 ($12.30 in chips) 
Seat 7: NoahDeArc ($28.35 in chips) 
Seat 8: crazy dave2 ($11.40 in chips) 
Seat 9: HHoTCarLL ($65.50 in chips) 
joshil3: posts small blind $0.10
PiS.AA: posts big blind $0.25
*** HOLE CARDS ***
Dealt to Alameda22 [9s Qh]
ehle11: folds 
KAILUA04: folds 
NoahDeArc: folds 
crazy dave2: calls $0.25
HHoTCarLL: calls $0.25
Alameda22: folds 
chumpzilla10: calls $0.25
joshil3: folds 
PiS.AA: checks 
*** FLOP *** [3c 6h Kh]
PiS.AA: checks 
crazy dave2: checks 
HHoTCarLL: checks 
chumpzilla10: bets $0.25
PiS.AA: folds 
crazy dave2: folds 
HHoTCarLL: folds 
Uncalled bet ($0.25) returned to chumpzilla10
chumpzilla10 collected $1.05 from pot
chumpzilla10: doesn't show hand 
*** SUMMARY ***
Total pot $1.10 | Rake $0.05 
Board [3c 6h Kh]
Seat 1: Alameda22 folded before Flop (didn't bet)
Seat 2: chumpzilla10 (button) collected ($1.05)
Seat 3: joshil3 (small blind) folded before Flop
Seat 4: PiS.AA (big blind) folded on the Flop
Seat 5: ehle11 folded before Flop (didn't bet)
Seat 6: KAILUA04 folded before Flop (didn't bet)
Seat 7: NoahDeArc folded before Flop (didn't bet)
Seat 8: crazy dave2 folded on the Flop
Seat 9: HHoTCarLL folded on the Flop



PokerStars Game #20082920240:  Hold'em No Limit ($0.10/$0.25) - 2008/09/02 - 00:22:06 (ET)
Table 'Hekate III' 9-max Seat #3 is the button
Seat 1: Alameda22 ($23.55 in chips) 
Seat 2: chumpzilla10 ($11.25 in chips) 
Seat 3: joshil3 ($25.90 in chips) 
Seat 4: PiS.AA ($25 in chips) 
Seat 6: KAILUA04 ($12.30 in chips) 
Seat 7: NoahDeArc ($28.35 in chips) 
Seat 8: crazy dave2 ($11.15 in chips) 
Seat 9: HHoTCarLL ($65.25 in chips) 
PiS.AA: posts small blind $0.10
ehle11: is sitting out 
ehle11 leaves the table
KAILUA04: posts big blind $0.25
*** HOLE CARDS ***
Dealt to Alameda22 [4s 8s]
NoahDeArc: folds 
crazy dave2: calls $0.25
HHoTCarLL: folds 
Alameda22: folds 
chumpzilla10: raises $0.50 to $0.75
joshil3: folds 
PiS.AA: folds 
KAILUA04: folds 
crazy dave2: calls $0.50
*** FLOP *** [5c Kd Jh]
crazy dave2: checks 
chumpzilla10: checks 
*** TURN *** [5c Kd Jh] [8c]
crazy dave2: checks 
chumpzilla10: bets $0.75
crazy dave2: folds 
Uncalled bet ($0.75) returned to chumpzilla10
ChefKush joins the table at seat #5 
chumpzilla10 collected $1.80 from pot
chumpzilla10: shows [3c 4h] (high card King)
*** SUMMARY ***
Total pot $1.85 | Rake $0.05 
Board [5c Kd Jh 8c]
Seat 1: Alameda22 folded before Flop (didn't bet)
Seat 2: chumpzilla10 collected ($1.80)
Seat 3: joshil3 (button) folded before Flop (didn't bet)
Seat 4: PiS.AA (small blind) folded before Flop
Seat 6: KAILUA04 (big blind) folded before Flop
Seat 7: NoahDeArc folded before Flop (didn't bet)
Seat 8: crazy dave2 folded on the Turn
Seat 9: HHoTCarLL folded before Flop (didn't bet)



PokerStars Game #20082936073:  Hold'em No Limit ($0.10/$0.25) - 2008/09/02 - 00:23:07 (ET)
Table 'Hekate III' 9-max Seat #4 is the button
Seat 1: Alameda22 ($23.55 in chips) 
Seat 2: chumpzilla10 ($12.30 in chips) 
Seat 3: joshil3 ($25.90 in chips) 
Seat 4: PiS.AA ($24.90 in chips) 
Seat 6: KAILUA04 ($12.05 in chips) 
Seat 7: NoahDeArc ($28.35 in chips) 
Seat 8: crazy dave2 ($10.40 in chips) 
Seat 9: HHoTCarLL ($65.25 in chips) 
ChefKush will be allowed to play after the button
KAILUA04: posts small blind $0.10
NoahDeArc: posts big blind $0.25
*** HOLE CARDS ***
Dealt to Alameda22 [4c 8c]
crazy dave2: raises $0.75 to $1
HHoTCarLL: folds 
Alameda22: folds 
chumpzilla10: folds 
joshil3: folds 
PiS.AA: folds 
KAILUA04: calls $0.90
NoahDeArc: folds 
*** FLOP *** [4s 9s Ks]
KAILUA04: checks 
crazy dave2: bets $1.25
KAILUA04: calls $1.25
*** TURN *** [4s 9s Ks] [Jh]
KAILUA04: checks 
crazy dave2: bets $1.25
KAILUA04: calls $1.25
*** RIVER *** [4s 9s Ks Jh] [9h]
KAILUA04: checks 
crazy dave2: bets $6.90 and is all-in
KAILUA04 said, "folding AK"
KAILUA04: folds 
Uncalled bet ($6.90) returned to crazy dave2
crazy dave2 collected $6.90 from pot
crazy dave2: doesn't show hand 
*** SUMMARY ***
Total pot $7.25 | Rake $0.35 
Board [4s 9s Ks Jh 9h]
Seat 1: Alameda22 folded before Flop (didn't bet)
Seat 2: chumpzilla10 folded before Flop (didn't bet)
Seat 3: joshil3 folded before Flop (didn't bet)
Seat 4: PiS.AA (button) folded before Flop (didn't bet)
Seat 6: KAILUA04 (small blind) folded on the River
Seat 7: NoahDeArc (big blind) folded before Flop
Seat 8: crazy dave2 collected ($6.90)
Seat 9: HHoTCarLL folded before Flop (didn't bet)



PokerStars Game #20082960003:  Hold'em No Limit ($0.10/$0.25) - 2008/09/02 - 00:24:38 (ET)
Table 'Hekate III' 9-max Seat #6 is the button
Seat 1: Alameda22 ($23.55 in chips) 
Seat 2: chumpzilla10 ($12.30 in chips) 
Seat 3: joshil3 ($25.90 in chips) 
Seat 4: PiS.AA ($25 in chips) 
Seat 5: ChefKush ($15 in chips) 
Seat 6: KAILUA04 ($8.55 in chips) 
Seat 7: NoahDeArc ($28.10 in chips) 
Seat 8: crazy dave2 ($13.80 in chips) 
Seat 9: HHoTCarLL ($65.25 in chips) 
NoahDeArc: posts small blind $0.10
crazy dave2: posts big blind $0.25
ChefKush: posts big blind $0.25
*** HOLE CARDS ***
Dealt to Alameda22 [6d Js]
HHoTCarLL: folds 
Alameda22: folds 
chumpzilla10: calls $0.25
joshil3: folds 
PiS.AA: folds 
crazy dave2 said, "good fold 10, Q"
ChefKush: checks 
KAILUA04: raises $0.50 to $0.75
NoahDeArc: folds 
crazy dave2 said, "you have my respect"
crazy dave2: folds 
chumpzilla10: calls $0.50
ChefKush: calls $0.50
*** FLOP *** [8h 6c 4h]
chumpzilla10: checks 
ChefKush: checks 
KAILUA04: checks 
*** TURN *** [8h 6c 4h] [Qc]
chumpzilla10: bets $0.75
ChefKush: calls $0.75
KAILUA04: raises $0.75 to $1.50
chumpzilla10: calls $0.75
ChefKush: calls $0.75
*** RIVER *** [8h 6c 4h Qc] [9d]
chumpzilla10: checks 
ChefKush: checks 
KAILUA04: bets $2
chumpzilla10: folds 
ChefKush: folds 
Uncalled bet ($2) returned to KAILUA04
KAILUA04 collected $6.75 from pot
*** SUMMARY ***
Total pot $7.10 | Rake $0.35 
Board [8h 6c 4h Qc 9d]
Seat 1: Alameda22 folded before Flop (didn't bet)
Seat 2: chumpzilla10 folded on the River
Seat 3: joshil3 folded before Flop (didn't bet)
Seat 4: PiS.AA folded before Flop (didn't bet)
Seat 5: ChefKush folded on the River
Seat 6: KAILUA04 (button) collected ($6.75)
Seat 7: NoahDeArc (small blind) folded before Flop
Seat 8: crazy dave2 (big blind) folded before Flop
Seat 9: HHoTCarLL folded before Flop (didn't bet)



PokerStars Game #20082984918:  Hold'em No Limit ($0.10/$0.25) - 2008/09/02 - 00:26:14 (ET)
Table 'Hekate III' 9-max Seat #7 is the button
Seat 1: Alameda22 ($23.55 in chips) 
Seat 2: chumpzilla10 ($10.05 in chips) 
Seat 3: joshil3 ($25.90 in chips) 
Seat 4: PiS.AA ($25 in chips) 
Seat 5: ChefKush ($12.75 in chips) 
Seat 6: KAILUA04 ($13.05 in chips) 
Seat 7: NoahDeArc ($28 in chips) 
Seat 8: crazy dave2 ($13.55 in chips) 
Seat 9: HHoTCarLL ($65.25 in chips) 
crazy dave2: posts small blind $0.10
HHoTCarLL: posts big blind $0.25
*** HOLE CARDS ***
Dealt to Alameda22 [Kd Tc]
Alameda22: folds 
chumpzilla10: raises $0.25 to $0.50
joshil3: calls $0.50
PiS.AA: folds 
ChefKush: calls $0.50
KAILUA04: folds 
NoahDeArc: folds 
crazy dave2: calls $0.40
HHoTCarLL: calls $0.25
*** FLOP *** [7c 9d 2d]
crazy dave2: bets $0.25
HHoTCarLL: folds 
chumpzilla10: calls $0.25
joshil3: folds 
ChefKush: calls $0.25
*** TURN *** [7c 9d 2d] [Ad]
crazy dave2: checks 
chumpzilla10: bets $1
ChefKush: folds 
crazy dave2: folds 
Uncalled bet ($1) returned to chumpzilla10
chumpzilla10 collected $3.10 from pot
chumpzilla10: doesn't show hand 
*** SUMMARY ***
Total pot $3.25 | Rake $0.15 
Board [7c 9d 2d Ad]
Seat 1: Alameda22 folded before Flop (didn't bet)
Seat 2: chumpzilla10 collected ($3.10)
Seat 3: joshil3 folded on the Flop
Seat 4: PiS.AA folded before Flop (didn't bet)
Seat 5: ChefKush folded on the Turn
Seat 6: KAILUA04 folded before Flop (didn't bet)
Seat 7: NoahDeArc (button) folded before Flop (didn't bet)
Seat 8: crazy dave2 (small blind) folded on the Turn
Seat 9: HHoTCarLL (big blind) folded on the Flop



PokerStars Game #20083000356:  Hold'em No Limit ($0.10/$0.25) - 2008/09/02 - 00:27:13 (ET)
Table 'Hekate III' 9-max Seat #8 is the button
Seat 1: Alameda22 ($23.55 in chips) 
Seat 2: chumpzilla10 ($12.40 in chips) 
Seat 3: joshil3 ($25.40 in chips) 
Seat 4: PiS.AA ($25 in chips) 
Seat 5: ChefKush ($12 in chips) 
Seat 6: KAILUA04 ($13.05 in chips) 
Seat 7: NoahDeArc ($28 in chips) 
Seat 8: crazy dave2 ($12.80 in chips) 
Seat 9: HHoTCarLL ($64.75 in chips) 
HHoTCarLL: posts small blind $0.10
Alameda22: posts big blind $0.25
*** HOLE CARDS ***
Dealt to Alameda22 [3c 6c]
chumpzilla10: folds 
joshil3: folds 
PiS.AA: folds 
ChefKush: folds 
KAILUA04: folds 
NoahDeArc: raises $0.50 to $0.75
crazy dave2: calls $0.75
HHoTCarLL: folds 
Alameda22: folds 
*** FLOP *** [Ac Qd Tc]
NoahDeArc: bets $1.80
crazy dave2: calls $1.80
*** TURN *** [Ac Qd Tc] [9d]
NoahDeArc: checks 
crazy dave2: bets $1.25
NoahDeArc: folds 
Uncalled bet ($1.25) returned to crazy dave2
crazy dave2 collected $5.20 from pot
crazy dave2: doesn't show hand 
*** SUMMARY ***
Total pot $5.45 | Rake $0.25 
Board [Ac Qd Tc 9d]
Seat 1: Alameda22 (big blind) folded before Flop
Seat 2: chumpzilla10 folded before Flop (didn't bet)
Seat 3: joshil3 folded before Flop (didn't bet)
Seat 4: PiS.AA folded before Flop (didn't bet)
Seat 5: ChefKush folded before Flop (didn't bet)
Seat 6: KAILUA04 folded before Flop (didn't bet)
Seat 7: NoahDeArc folded on the Turn
Seat 8: crazy dave2 (button) collected ($5.20)
Seat 9: HHoTCarLL (small blind) folded before Flop



PokerStars Game #20083015988:  Hold'em No Limit ($0.10/$0.25) - 2008/09/02 - 00:28:14 (ET)
Table 'Hekate III' 9-max Seat #9 is the button
Seat 1: Alameda22 ($23.30 in chips) 
Seat 2: chumpzilla10 ($12.40 in chips) 
Seat 3: joshil3 ($25.40 in chips) 
Seat 4: PiS.AA ($25 in chips) 
Seat 5: ChefKush ($12 in chips) 
Seat 6: KAILUA04 ($13.05 in chips) 
Seat 7: NoahDeArc ($25.45 in chips) 
Seat 8: crazy dave2 ($15.45 in chips) 
Seat 9: HHoTCarLL ($64.65 in chips) 
Alameda22: posts small blind $0.10
chumpzilla10: posts big blind $0.25
*** HOLE CARDS ***
Dealt to Alameda22 [3c 8c]
joshil3: folds 
PiS.AA: folds 
ChefKush: calls $0.25
KAILUA04: folds 
NoahDeArc: folds 
crazy dave2: folds 
HHoTCarLL: folds 
Alameda22: folds 
chumpzilla10: raises $0.25 to $0.50
ChefKush: calls $0.25
*** FLOP *** [As Ks 4c]
chumpzilla10: checks 
ChefKush: checks 
*** TURN *** [As Ks 4c] [3d]
chumpzilla10: bets $0.50
ChefKush: calls $0.50
*** RIVER *** [As Ks 4c 3d] [8s]
chumpzilla10: bets $2
ChefKush: folds 
Uncalled bet ($2) returned to chumpzilla10
chumpzilla10 collected $2 from pot
chumpzilla10: doesn't show hand 
*** SUMMARY ***
Total pot $2.10 | Rake $0.10 
Board [As Ks 4c 3d 8s]
Seat 1: Alameda22 (small blind) folded before Flop
Seat 2: chumpzilla10 (big blind) collected ($2)
Seat 3: joshil3 folded before Flop (didn't bet)
Seat 4: PiS.AA folded before Flop (didn't bet)
Seat 5: ChefKush folded on the River
Seat 6: KAILUA04 folded before Flop (didn't bet)
Seat 7: NoahDeArc folded before Flop (didn't bet)
Seat 8: crazy dave2 folded before Flop (didn't bet)
Seat 9: HHoTCarLL (button) folded before Flop (didn't bet)



PokerStars Game #20083035991:  Hold'em No Limit ($0.10/$0.25) - 2008/09/02 - 00:29:32 (ET)
Table 'Hekate III' 9-max Seat #1 is the button
Seat 1: Alameda22 ($23.20 in chips) 
Seat 2: chumpzilla10 ($13.40 in chips) 
Seat 3: joshil3 ($25.40 in chips) 
Seat 4: PiS.AA ($25 in chips) 
Seat 5: ChefKush ($11 in chips) 
Seat 6: KAILUA04 ($13.05 in chips) 
Seat 7: NoahDeArc ($25.45 in chips) 
Seat 8: crazy dave2 ($15.45 in chips) 
Seat 9: HHoTCarLL ($64.65 in chips) 
chumpzilla10: posts small blind $0.10
joshil3: posts big blind $0.25
*** HOLE CARDS ***
Dealt to Alameda22 [Qc 3d]
PiS.AA: folds 
ChefKush: folds 
KAILUA04: folds 
NoahDeArc: folds 
crazy dave2: calls $0.25
NoahDeArc leaves the table
HHoTCarLL: calls $0.25
Alameda22: folds 
chumpzilla10: raises $0.25 to $0.50
joshil3: calls $0.25
crazy dave2: calls $0.25
HHoTCarLL: calls $0.25
*** FLOP *** [Js 2h Kc]
chumpzilla10: bets $0.50
joshil3: raises $1.25 to $1.75
crazy dave2: folds 
jatev joins the table at seat #7 
HHoTCarLL: folds 
chumpzilla10: raises $1.25 to $3
joshil3: calls $1.25
*** TURN *** [Js 2h Kc] [4s]
chumpzilla10: checks 
joshil3: bets $4
chumpzilla10: raises $5.90 to $9.90 and is all-in
joshil3: calls $5.90
*** RIVER *** [Js 2h Kc 4s] [6h]
*** SHOW DOWN ***
chumpzilla10: shows [Ac Ad] (a pair of Aces)
joshil3: shows [Kd Jh] (two pair, Kings and Jacks)
joshil3 collected $26.45 from pot
*** SUMMARY ***
Total pot $27.80 | Rake $1.35 
Board [Js 2h Kc 4s 6h]
Seat 1: Alameda22 (button) folded before Flop (didn't bet)
Seat 2: chumpzilla10 (small blind) showed [Ac Ad] and lost with a pair of Aces
Seat 3: joshil3 (big blind) showed [Kd Jh] and won ($26.45) with two pair, Kings and Jacks
Seat 4: PiS.AA folded before Flop (didn't bet)
Seat 5: ChefKush folded before Flop (didn't bet)
Seat 6: KAILUA04 folded before Flop (didn't bet)
Seat 7: NoahDeArc folded before Flop (didn't bet)
Seat 8: crazy dave2 folded on the Flop
Seat 9: HHoTCarLL folded on the Flop



PokerStars Game #20083064463:  Hold'em No Limit ($0.10/$0.25) - 2008/09/02 - 00:31:18 (ET)
Table 'Hekate III' 9-max Seat #3 is the button
Seat 1: Alameda22 ($23.20 in chips) 
Seat 3: joshil3 ($38.45 in chips) 
Seat 4: PiS.AA ($25 in chips) 
Seat 5: ChefKush ($11 in chips) 
Seat 6: KAILUA04 ($13.05 in chips) 
Seat 7: jatev ($6 in chips) 
Seat 8: crazy dave2 ($14.95 in chips) 
Seat 9: HHoTCarLL ($64.15 in chips) 
PiS.AA: posts small blind $0.10
ChefKush: posts big blind $0.25
chumpzilla10 has returned
jatev: posts big blind $0.25
*** HOLE CARDS ***
Dealt to Alameda22 [6d 8d]
KAILUA04: folds 
jatev: checks 
crazy dave2: folds 
HHoTCarLL: folds 
Alameda22: folds 
joshil3: raises $1 to $1.25
PiS.AA: folds 
ChefKush: folds 
jatev: folds 
Uncalled bet ($1) returned to joshil3
joshil3 collected $0.85 from pot
joshil3: doesn't show hand 
chumpzilla10 said, "second time tonight, couldn't win with pocket A's, they are bad luck now"
*** SUMMARY ***
Total pot $0.85 | Rake $0 
Seat 1: Alameda22 folded before Flop (didn't bet)
Seat 3: joshil3 (button) collected ($0.85)
Seat 4: PiS.AA (small blind) folded before Flop
Seat 5: ChefKush (big blind) folded before Flop
Seat 6: KAILUA04 folded before Flop (didn't bet)
Seat 7: jatev folded before Flop
Seat 8: crazy dave2 folded before Flop (didn't bet)
Seat 9: HHoTCarLL folded before Flop (didn't bet)



PokerStars Game #20083081968:  Hold'em No Limit ($0.10/$0.25) - 2008/09/02 - 00:32:23 (ET)
Table 'Hekate III' 9-max Seat #4 is the button
Seat 1: Alameda22 ($23.20 in chips) 
Seat 2: chumpzilla10 ($12 in chips) 
Seat 3: joshil3 ($39.05 in chips) 
Seat 4: PiS.AA ($25 in chips) 
Seat 5: ChefKush ($10.75 in chips) 
Seat 6: KAILUA04 ($13.05 in chips) 
Seat 7: jatev ($5.75 in chips) 
Seat 8: crazy dave2 ($14.95 in chips) 
Seat 9: HHoTCarLL ($64.15 in chips) 
ChefKush: posts small blind $0.10
KAILUA04: posts big blind $0.25
*** HOLE CARDS ***
Dealt to Alameda22 [Kd 4h]
jatev: folds 
crazy dave2: folds 
HHoTCarLL: calls $0.25
Alameda22: folds 
chumpzilla10: calls $0.25
joshil3: folds 
PiS.AA: folds 
ChefKush: calls $0.15
KAILUA04: checks 
*** FLOP *** [Ts 5c Ad]
ChefKush: checks 
KAILUA04: checks 
HHoTCarLL: bets $1
chumpzilla10: calls $1
ChefKush: folds 
KAILUA04: folds 
*** TURN *** [Ts 5c Ad] [Js]
HHoTCarLL: checks 
chumpzilla10: bets $0.50
HHoTCarLL: calls $0.50
*** RIVER *** [Ts 5c Ad Js] [Ks]
HHoTCarLL: checks 
chumpzilla10: bets $1
HHoTCarLL: folds 
Uncalled bet ($1) returned to chumpzilla10
chumpzilla10 collected $3.85 from pot
chumpzilla10: doesn't show hand 
*** SUMMARY ***
Total pot $4 | Rake $0.15 
Board [Ts 5c Ad Js Ks]
Seat 1: Alameda22 folded before Flop (didn't bet)
Seat 2: chumpzilla10 collected ($3.85)
Seat 3: joshil3 folded before Flop (didn't bet)
Seat 4: PiS.AA (button) folded before Flop (didn't bet)
Seat 5: ChefKush (small blind) folded on the Flop
Seat 6: KAILUA04 (big blind) folded on the Flop
Seat 7: jatev folded before Flop (didn't bet)
Seat 8: crazy dave2 folded before Flop (didn't bet)
Seat 9: HHoTCarLL folded on the River



PokerStars Game #20083101547:  Hold'em No Limit ($0.10/$0.25) - 2008/09/02 - 00:33:35 (ET)
Table 'Hekate III' 9-max Seat #5 is the button
Seat 1: Alameda22 ($23.20 in chips) 
Seat 2: chumpzilla10 ($14.10 in chips) 
Seat 3: joshil3 ($39.05 in chips) 
Seat 4: PiS.AA ($25 in chips) 
Seat 5: ChefKush ($15 in chips) 
Seat 6: KAILUA04 ($12.80 in chips) 
Seat 7: jatev ($5.75 in chips) 
Seat 8: crazy dave2 ($14.95 in chips) 
Seat 9: HHoTCarLL ($62.40 in chips) 
KAILUA04: posts small blind $0.10
jatev: posts big blind $0.25
*** HOLE CARDS ***
Dealt to Alameda22 [8s Ac]
crazy dave2: raises $1.25 to $1.50
HHoTCarLL: folds 
Alameda22: folds 
chumpzilla10: folds 
joshil3: folds 
PiS.AA: folds 
ChefKush: calls $1.50
KAILUA04: folds 
jatev: raises $1.75 to $3.25
crazy dave2: calls $1.75
ChefKush: calls $1.75
*** FLOP *** [5d Ad 4h]
jatev: bets $2.50 and is all-in
crazy dave2: calls $2.50
ChefKush: calls $2.50
*** TURN *** [5d Ad 4h] [2h]
crazy dave2: checks 
ChefKush: checks 
*** RIVER *** [5d Ad 4h 2h] [6s]
crazy dave2: checks 
ChefKush: checks 
*** SHOW DOWN ***
jatev: shows [Ks Kc] (a pair of Kings)
crazy dave2: mucks hand 
ChefKush: mucks hand 
jatev collected $16.55 from pot
*** SUMMARY ***
Total pot $17.35 | Rake $0.80 
Board [5d Ad 4h 2h 6s]
Seat 1: Alameda22 folded before Flop (didn't bet)
Seat 2: chumpzilla10 folded before Flop (didn't bet)
Seat 3: joshil3 folded before Flop (didn't bet)
Seat 4: PiS.AA folded before Flop (didn't bet)
Seat 5: ChefKush (button) mucked [Td Jd]
Seat 6: KAILUA04 (small blind) folded before Flop
Seat 7: jatev (big blind) showed [Ks Kc] and won ($16.55) with a pair of Kings
Seat 8: crazy dave2 mucked [Tc Ts]
Seat 9: HHoTCarLL folded before Flop (didn't bet)



PokerStars Game #20083124362:  Hold'em No Limit ($0.10/$0.25) - 2008/09/02 - 00:34:59 (ET)
Table 'Hekate III' 9-max Seat #6 is the button
Seat 1: Alameda22 ($23.20 in chips) 
Seat 2: chumpzilla10 ($14.10 in chips) 
Seat 3: joshil3 ($39.05 in chips) 
Seat 4: PiS.AA ($25 in chips) 
Seat 5: ChefKush ($9.25 in chips) 
Seat 6: KAILUA04 ($12.70 in chips) 
Seat 7: jatev ($16.55 in chips) 
Seat 8: crazy dave2 ($9.20 in chips) 
Seat 9: HHoTCarLL ($62.40 in chips) 
jatev: posts small blind $0.10
crazy dave2: posts big blind $0.25
*** HOLE CARDS ***
Dealt to Alameda22 [2s As]
HHoTCarLL: folds 
Alameda22: folds 
chumpzilla10: folds 
joshil3: folds 
PiS.AA: folds 
ChefKush: folds 
KAILUA04: calls $0.25
jatev: calls $0.15
crazy dave2: checks 
*** FLOP *** [Qc 3c Jd]
jatev: checks 
crazy dave2: checks 
KAILUA04: checks 
*** TURN *** [Qc 3c Jd] [2d]
jatev: checks 
crazy dave2: checks 
KAILUA04: checks 
*** RIVER *** [Qc 3c Jd 2d] [2c]
jatev: bets $0.50
crazy dave2: calls $0.50
KAILUA04: folds 
*** SHOW DOWN ***
jatev: shows [2h Kd] (three of a kind, Deuces)
crazy dave2: mucks hand 
jatev collected $1.70 from pot
*** SUMMARY ***
Total pot $1.75 | Rake $0.05 
Board [Qc 3c Jd 2d 2c]
Seat 1: Alameda22 folded before Flop (didn't bet)
Seat 2: chumpzilla10 folded before Flop (didn't bet)
Seat 3: joshil3 folded before Flop (didn't bet)
Seat 4: PiS.AA folded before Flop (didn't bet)
Seat 5: ChefKush folded before Flop (didn't bet)
Seat 6: KAILUA04 (button) folded on the River
Seat 7: jatev (small blind) showed [2h Kd] and won ($1.70) with three of a kind, Deuces
Seat 8: crazy dave2 (big blind) mucked [3s 5s]
Seat 9: HHoTCarLL folded before Flop (didn't bet)



PokerStars Game #20083151863:  Hold'em No Limit ($0.10/$0.25) - 2008/09/02 - 00:36:41 (ET)
Table 'Hekate III' 9-max Seat #7 is the button
Seat 1: Alameda22 ($23.20 in chips) 
Seat 2: chumpzilla10 ($14.10 in chips) 
Seat 3: joshil3 ($39.05 in chips) 
Seat 4: PiS.AA ($25 in chips) 
Seat 5: ChefKush ($9.25 in chips) 
Seat 6: KAILUA04 ($12.45 in chips) 
Seat 7: jatev ($17.50 in chips) 
Seat 8: crazy dave2 ($8.45 in chips) 
Seat 9: HHoTCarLL ($62.40 in chips) 
crazy dave2: posts small blind $0.10
HHoTCarLL: posts big blind $0.25
*** HOLE CARDS ***
Dealt to Alameda22 [Qd 4d]
Alameda22: folds 
chumpzilla10: calls $0.25
joshil3: folds 
PiS.AA: folds 
ChefKush: folds 
KAILUA04: folds 
jatev: calls $0.25
crazy dave2: raises $1 to $1.25
HHoTCarLL: folds 
chumpzilla10: folds 
jatev: calls $1
*** FLOP *** [6h Ad Td]
crazy dave2: checks 
jatev: checks 
*** TURN *** [6h Ad Td] [8c]
crazy dave2: checks 
jatev: checks 
*** RIVER *** [6h Ad Td 8c] [9c]
crazy dave2: bets $1.25
jatev: folds 
Uncalled bet ($1.25) returned to crazy dave2
crazy dave2 collected $2.85 from pot
crazy dave2: doesn't show hand 
*** SUMMARY ***
Total pot $3 | Rake $0.15 
Board [6h Ad Td 8c 9c]
Seat 1: Alameda22 folded before Flop (didn't bet)
Seat 2: chumpzilla10 folded before Flop
Seat 3: joshil3 folded before Flop (didn't bet)
Seat 4: PiS.AA folded before Flop (didn't bet)
Seat 5: ChefKush folded before Flop (didn't bet)
Seat 6: KAILUA04 folded before Flop (didn't bet)
Seat 7: jatev (button) folded on the River
Seat 8: crazy dave2 (small blind) collected ($2.85)
Seat 9: HHoTCarLL (big blind) folded before Flop



