PokerStars Game #19825722160:  Hold'em No Limit ($0.10/$0.25) - 2008/08/22 - 23:52:24 (ET)
Table 'Kressida' 9-max Seat #9 is the button
Seat 1: b jordan515 ($24.50 in chips) 
Seat 2: Alameda22 ($25 in chips) 
Seat 3: Draq0 ($35.20 in chips) 
Seat 4: KLEBERSON82 ($46.10 in chips) 
Seat 6: a23ssa ($5 in chips) 
Seat 7: enright3060 ($22.55 in chips) 
Seat 8: TioRicoLPP ($56.35 in chips) 
Seat 9: phrogman123 ($26.80 in chips) 
b jordan515: posts small blind $0.10
Alameda22: posts big blind $0.25
*** HOLE CARDS ***
Dealt to Alameda22 [2h Ad]
Draq0: calls $0.25
KLEBERSON82: raises $0.75 to $1
a23ssa: folds 
enright3060: folds 
TioRicoLPP: folds 
phrogman123: folds 
b jordan515: calls $0.90
Alameda22: folds 
Draq0: calls $0.75
*** FLOP *** [4s 5c Ts]
b jordan515: checks 
Draq0: checks 
KLEBERSON82: bets $2
b jordan515: calls $2
Draq0: folds 
*** TURN *** [4s 5c Ts] [Ah]
b jordan515: checks 
KLEBERSON82: bets $3
b jordan515: folds 
Uncalled bet ($3) returned to KLEBERSON82
KLEBERSON82 collected $6.90 from pot
KLEBERSON82: doesn't show hand 
*** SUMMARY ***
Total pot $7.25 | Rake $0.35 
Board [4s 5c Ts Ah]
Seat 1: b jordan515 (small blind) folded on the Turn
Seat 2: Alameda22 (big blind) folded before Flop
Seat 3: Draq0 folded on the Flop
Seat 4: KLEBERSON82 collected ($6.90)
Seat 6: a23ssa folded before Flop (didn't bet)
Seat 7: enright3060 folded before Flop (didn't bet)
Seat 8: TioRicoLPP folded before Flop (didn't bet)
Seat 9: phrogman123 (button) folded before Flop (didn't bet)



PokerStars Game #19825746311:  Hold'em No Limit ($0.10/$0.25) - 2008/08/22 - 23:53:43 (ET)
Table 'Kressida' 9-max Seat #1 is the button
Seat 1: b jordan515 ($21.50 in chips) 
Seat 2: Alameda22 ($24.75 in chips) 
Seat 3: Draq0 ($34.20 in chips) 
Seat 4: KLEBERSON82 ($50 in chips) 
Seat 6: a23ssa ($5 in chips) 
Seat 7: enright3060 ($22.55 in chips) 
Seat 8: TioRicoLPP ($56.35 in chips) 
Seat 9: phrogman123 ($26.80 in chips) 
Alameda22: posts small blind $0.10
Draq0: posts big blind $0.25
*** HOLE CARDS ***
Dealt to Alameda22 [Kh 6h]
KLEBERSON82: folds 
a23ssa: folds 
enright3060: folds 
TioRicoLPP: folds 
phrogman123: folds 
b jordan515: calls $0.25
Alameda22: folds 
Draq0: checks 
*** FLOP *** [2d 3c 9c]
Draq0: bets $0.50
b jordan515: folds 
Uncalled bet ($0.50) returned to Draq0
Draq0 collected $0.60 from pot
Draq0: doesn't show hand 
*** SUMMARY ***
Total pot $0.60 | Rake $0 
Board [2d 3c 9c]
Seat 1: b jordan515 (button) folded on the Flop
Seat 2: Alameda22 (small blind) folded before Flop
Seat 3: Draq0 (big blind) collected ($0.60)
Seat 4: KLEBERSON82 folded before Flop (didn't bet)
Seat 6: a23ssa folded before Flop (didn't bet)
Seat 7: enright3060 folded before Flop (didn't bet)
Seat 8: TioRicoLPP folded before Flop (didn't bet)
Seat 9: phrogman123 folded before Flop (didn't bet)



PokerStars Game #19825766159:  Hold'em No Limit ($0.10/$0.25) - 2008/08/22 - 23:54:48 (ET)
Table 'Kressida' 9-max Seat #2 is the button
Seat 1: b jordan515 ($21.25 in chips) 
Seat 2: Alameda22 ($24.65 in chips) 
Seat 3: Draq0 ($34.55 in chips) 
Seat 4: KLEBERSON82 ($50 in chips) 
Seat 6: a23ssa ($5 in chips) 
Seat 7: enright3060 ($22.55 in chips) 
Seat 8: TioRicoLPP ($56.35 in chips) 
Seat 9: phrogman123 ($26.80 in chips) 
Draq0: posts small blind $0.10
KLEBERSON82: posts big blind $0.25
*** HOLE CARDS ***
Dealt to Alameda22 [3h Kc]
a23ssa: folds 
enright3060: folds 
TioRicoLPP: folds 
phrogman123: calls $0.25
b jordan515: calls $0.25
Alameda22: folds 
Draq0: calls $0.15
KLEBERSON82: checks 
*** FLOP *** [Qc 2s Jc]
Draq0: checks 
KLEBERSON82: checks 
phrogman123: checks 
b jordan515: bets $0.25
Draq0: folds 
KLEBERSON82: calls $0.25
phrogman123: calls $0.25
*** TURN *** [Qc 2s Jc] [Js]
KLEBERSON82: bets $0.75
phrogman123: raises $1.50 to $2.25
b jordan515: calls $2.25
KLEBERSON82: calls $1.50
*** RIVER *** [Qc 2s Jc Js] [Qs]
KLEBERSON82: checks 
phrogman123: checks 
b jordan515: checks 
*** SHOW DOWN ***
KLEBERSON82: shows [3d 8s] (two pair, Queens and Jacks)
phrogman123: shows [As Jh] (a full house, Jacks full of Queens)
b jordan515: mucks hand 
phrogman123 collected $8.10 from pot
*** SUMMARY ***
Total pot $8.50 | Rake $0.40 
Board [Qc 2s Jc Js Qs]
Seat 1: b jordan515 mucked [9s Ts]
Seat 2: Alameda22 (button) folded before Flop (didn't bet)
Seat 3: Draq0 (small blind) folded on the Flop
Seat 4: KLEBERSON82 (big blind) showed [3d 8s] and lost with two pair, Queens and Jacks
Seat 6: a23ssa folded before Flop (didn't bet)
Seat 7: enright3060 folded before Flop (didn't bet)
Seat 8: TioRicoLPP folded before Flop (didn't bet)
Seat 9: phrogman123 showed [As Jh] and won ($8.10) with a full house, Jacks full of Queens



PokerStars Game #19825818800:  Hold'em No Limit ($0.10/$0.25) - 2008/08/22 - 23:57:41 (ET)
Table 'Kressida' 9-max Seat #3 is the button
Seat 1: b jordan515 ($18.50 in chips) 
Seat 2: Alameda22 ($24.65 in chips) 
Seat 3: Draq0 ($34.30 in chips) 
Seat 4: KLEBERSON82 ($47.25 in chips) 
Seat 6: a23ssa ($5 in chips) 
Seat 7: enright3060 ($22.55 in chips) 
Seat 8: TioRicoLPP ($56.35 in chips) 
Seat 9: phrogman123 ($32.15 in chips) 
KLEBERSON82: posts small blind $0.10
a23ssa: posts big blind $0.25
*** HOLE CARDS ***
Dealt to Alameda22 [6d 2h]
enright3060: folds 
TioRicoLPP: folds 
phrogman123: folds 
b jordan515: folds 
Alameda22: folds 
Draq0: folds 
b jordan515 leaves the table
KLEBERSON82: calls $0.15
a23ssa: checks 
*** FLOP *** [3d As 8d]
KLEBERSON82: bets $0.75
a23ssa: folds 
Uncalled bet ($0.75) returned to KLEBERSON82
chase2chase joins the table at seat #1 
KLEBERSON82 collected $0.50 from pot
KLEBERSON82: doesn't show hand 
*** SUMMARY ***
Total pot $0.50 | Rake $0 
Board [3d As 8d]
Seat 1: b jordan515 folded before Flop (didn't bet)
Seat 2: Alameda22 folded before Flop (didn't bet)
Seat 3: Draq0 (button) folded before Flop (didn't bet)
Seat 4: KLEBERSON82 (small blind) collected ($0.50)
Seat 6: a23ssa (big blind) folded on the Flop
Seat 7: enright3060 folded before Flop (didn't bet)
Seat 8: TioRicoLPP folded before Flop (didn't bet)
Seat 9: phrogman123 folded before Flop (didn't bet)



PokerStars Game #19825837403:  Hold'em No Limit ($0.10/$0.25) - 2008/08/22 - 23:58:42 (ET)
Table 'Kressida' 9-max Seat #4 is the button
Seat 2: Alameda22 ($24.65 in chips) 
Seat 3: Draq0 ($34.30 in chips) 
Seat 4: KLEBERSON82 ($47.50 in chips) 
Seat 6: a23ssa ($4.75 in chips) 
Seat 7: enright3060 ($22.55 in chips) 
Seat 8: TioRicoLPP ($56.35 in chips) 
Seat 9: phrogman123 ($32.15 in chips) 
a23ssa: posts small blind $0.10
enright3060: posts big blind $0.25
chase2chase: sits out 
*** HOLE CARDS ***
Dealt to Alameda22 [4c 3d]
TioRicoLPP: folds 
phrogman123: folds 
Alameda22: folds 
Draq0: calls $0.25
KLEBERSON82: folds 
a23ssa: folds 
enright3060: checks 
*** FLOP *** [9s 4d 2d]
enright3060: bets $0.25
Draq0: folds 
Uncalled bet ($0.25) returned to enright3060
enright3060 collected $0.60 from pot
*** SUMMARY ***
Total pot $0.60 | Rake $0 
Board [9s 4d 2d]
Seat 2: Alameda22 folded before Flop (didn't bet)
Seat 3: Draq0 folded on the Flop
Seat 4: KLEBERSON82 (button) folded before Flop (didn't bet)
Seat 6: a23ssa (small blind) folded before Flop
Seat 7: enright3060 (big blind) collected ($0.60)
Seat 8: TioRicoLPP folded before Flop (didn't bet)
Seat 9: phrogman123 folded before Flop (didn't bet)



PokerStars Game #19825859241:  Hold'em No Limit ($0.10/$0.25) - 2008/08/22 - 23:59:54 (ET)
Table 'Kressida' 9-max Seat #6 is the button
Seat 2: Alameda22 ($24.65 in chips) 
Seat 3: Draq0 ($34.05 in chips) 
Seat 4: KLEBERSON82 ($47.50 in chips) 
Seat 6: a23ssa ($4.65 in chips) 
Seat 7: enright3060 ($22.90 in chips) 
Seat 8: TioRicoLPP ($56.35 in chips) 
Seat 9: phrogman123 ($32.15 in chips) 
enright3060: posts small blind $0.10
TioRicoLPP: posts big blind $0.25
chase2chase: sits out 
*** HOLE CARDS ***
Dealt to Alameda22 [5c 4s]
phrogman123: folds 
Alameda22: folds 
Draq0: folds 
KLEBERSON82: calls $0.25
a23ssa: folds 
enright3060: calls $0.15
TioRicoLPP: checks 
*** FLOP *** [9d 5h 2d]
enright3060: checks 
TioRicoLPP: checks 
KLEBERSON82: bets $1
enright3060: folds 
TioRicoLPP: folds 
Uncalled bet ($1) returned to KLEBERSON82
KLEBERSON82 collected $0.75 from pot
KLEBERSON82: doesn't show hand 
*** SUMMARY ***
Total pot $0.75 | Rake $0 
Board [9d 5h 2d]
Seat 2: Alameda22 folded before Flop (didn't bet)
Seat 3: Draq0 folded before Flop (didn't bet)
Seat 4: KLEBERSON82 collected ($0.75)
Seat 6: a23ssa (button) folded before Flop (didn't bet)
Seat 7: enright3060 (small blind) folded on the Flop
Seat 8: TioRicoLPP (big blind) folded on the Flop
Seat 9: phrogman123 folded before Flop (didn't bet)



