PokerStars Game #20097539731:  Hold'em No Limit ($0.10/$0.25) - 2008/09/02 16:40:59 ET
Table 'Alsatia III' 9-max Seat #2 is the button
Seat 1: Alameda22 ($25 in chips) 
Seat 2: PLEIF70 ($7.90 in chips) 
Seat 3: Wiatr ($27.35 in chips) 
Seat 4: MAGICCV24 ($20 in chips) 
Seat 5: MKLOVN ($19.60 in chips) 
Seat 6: Dogan2011 ($43.10 in chips) 
Seat 7: nazium ($5.90 in chips) 
Seat 8: leblanc7777 ($24.40 in chips) 
Wiatr: posts small blind $0.10
Enriquez05 leaves the table
MAGICCV24: posts big blind $0.25
Alameda22: posts big blind $0.25
*** HOLE CARDS ***
Dealt to Alameda22 [4d 2d]
MKLOVN: folds 
Dogan2011: folds 
nazium: raises $0.25 to $0.50
leblanc7777: calls $0.50
sef999 joins the table at seat #9 
Alameda22: calls $0.25
PLEIF70: folds 
Wiatr: folds 
MAGICCV24: folds 
*** FLOP *** [7c Tc 2h]
nazium: bets $0.25
leblanc7777: calls $0.25
Alameda22: folds 
*** TURN *** [7c Tc 2h] [Td]
nazium: bets $0.25
leblanc7777: calls $0.25
*** RIVER *** [7c Tc 2h Td] [As]
nazium: bets $0.25
leblanc7777: raises $1.25 to $1.50
nazium: folds 
Uncalled bet ($1.25) returned to leblanc7777
leblanc7777 collected $3.20 from pot
leblanc7777: doesn't show hand 
*** SUMMARY ***
Total pot $3.35 | Rake $0.15 
Board [7c Tc 2h Td As]
Seat 1: Alameda22 folded on the Flop
Seat 2: PLEIF70 (button) folded before Flop (didn't bet)
Seat 3: Wiatr (small blind) folded before Flop
Seat 4: MAGICCV24 (big blind) folded before Flop
Seat 5: MKLOVN folded before Flop (didn't bet)
Seat 6: Dogan2011 folded before Flop (didn't bet)
Seat 7: nazium folded on the River
Seat 8: leblanc7777 collected ($3.20)



PokerStars Game #20097576766:  Hold'em No Limit ($0.10/$0.25) - 2008/09/02 16:42:28 ET
Table 'Alsatia III' 9-max Seat #3 is the button
Seat 1: Alameda22 ($24.50 in chips) 
Seat 2: PLEIF70 ($7.90 in chips) 
Seat 3: Wiatr ($27.25 in chips) 
Seat 4: MAGICCV24 ($19.75 in chips) 
Seat 5: MKLOVN ($19.60 in chips) 
Seat 6: Dogan2011 ($43.10 in chips) 
Seat 7: nazium ($4.65 in chips) 
Seat 8: leblanc7777 ($26.35 in chips) 
Seat 9: sef999 ($25 in chips) 
MAGICCV24: posts small blind $0.10
MKLOVN: posts big blind $0.25
sef999: posts big blind $0.25
*** HOLE CARDS ***
Dealt to Alameda22 [4h 7h]
Dogan2011: calls $0.25
nazium: folds 
leblanc7777: calls $0.25
sef999: raises $1.25 to $1.50
Alameda22: folds 
PLEIF70: folds 
Wiatr: folds 
MAGICCV24: folds 
MKLOVN: folds 
Dogan2011: calls $1.25
leblanc7777: folds 
*** FLOP *** [5c 3h 9s]
Dogan2011: checks 
sef999: bets $2.50
Dogan2011: folds 
Uncalled bet ($2.50) returned to sef999
sef999 collected $3.45 from pot
sef999: doesn't show hand 
*** SUMMARY ***
Total pot $3.60 | Rake $0.15 
Board [5c 3h 9s]
Seat 1: Alameda22 folded before Flop (didn't bet)
Seat 2: PLEIF70 folded before Flop (didn't bet)
Seat 3: Wiatr (button) folded before Flop (didn't bet)
Seat 4: MAGICCV24 (small blind) folded before Flop
Seat 5: MKLOVN (big blind) folded before Flop
Seat 6: Dogan2011 folded on the Flop
Seat 7: nazium folded before Flop (didn't bet)
Seat 8: leblanc7777 folded before Flop
Seat 9: sef999 collected ($3.45)



PokerStars Game #20097601659:  Hold'em No Limit ($0.10/$0.25) - 2008/09/02 16:43:28 ET
Table 'Alsatia III' 9-max Seat #4 is the button
Seat 1: Alameda22 ($24.50 in chips) 
Seat 2: PLEIF70 ($7.90 in chips) 
Seat 3: Wiatr ($27.25 in chips) 
Seat 4: MAGICCV24 ($19.65 in chips) 
Seat 5: MKLOVN ($19.35 in chips) 
Seat 6: Dogan2011 ($41.60 in chips) 
Seat 7: nazium ($4.65 in chips) 
Seat 8: leblanc7777 ($26.10 in chips) 
Seat 9: sef999 ($26.95 in chips) 
MKLOVN: posts small blind $0.10
Dogan2011: posts big blind $0.25
*** HOLE CARDS ***
Dealt to Alameda22 [Th 5s]
nazium: raises $0.25 to $0.50
leblanc7777: folds 
sef999: folds 
Alameda22: folds 
PLEIF70: folds 
Wiatr: folds 
MAGICCV24: folds 
MKLOVN: folds 
Dogan2011: calls $0.25
*** FLOP *** [3d Ah Td]
Dogan2011: checks 
nazium: checks 
*** TURN *** [3d Ah Td] [9h]
Dogan2011: checks 
nazium: bets $0.50
Dogan2011: raises $0.75 to $1.25
nazium: raises $2.90 to $4.15 and is all-in
Dogan2011: calls $2.90
*** RIVER *** [3d Ah Td 9h] [4c]
*** SHOW DOWN ***
Dogan2011: shows [3s Ac] (two pair, Aces and Threes)
nazium: shows [As Ts] (two pair, Aces and Tens)
nazium collected $8.95 from pot
*** SUMMARY ***
Total pot $9.40 | Rake $0.45 
Board [3d Ah Td 9h 4c]
Seat 1: Alameda22 folded before Flop (didn't bet)
Seat 2: PLEIF70 folded before Flop (didn't bet)
Seat 3: Wiatr folded before Flop (didn't bet)
Seat 4: MAGICCV24 (button) folded before Flop (didn't bet)
Seat 5: MKLOVN (small blind) folded before Flop
Seat 6: Dogan2011 (big blind) showed [3s Ac] and lost with two pair, Aces and Threes
Seat 7: nazium showed [As Ts] and won ($8.95) with two pair, Aces and Tens
Seat 8: leblanc7777 folded before Flop (didn't bet)
Seat 9: sef999 folded before Flop (didn't bet)



PokerStars Game #20097627713:  Hold'em No Limit ($0.10/$0.25) - 2008/09/02 16:44:31 ET
Table 'Alsatia III' 9-max Seat #5 is the button
Seat 1: Alameda22 ($24.50 in chips) 
Seat 2: PLEIF70 ($7.90 in chips) 
Seat 3: Wiatr ($27.25 in chips) 
Seat 4: MAGICCV24 ($19.65 in chips) 
Seat 5: MKLOVN ($19.25 in chips) 
Seat 6: Dogan2011 ($36.95 in chips) 
Seat 7: nazium ($8.95 in chips) 
Seat 8: leblanc7777 ($26.10 in chips) 
Seat 9: sef999 ($26.95 in chips) 
Dogan2011: posts small blind $0.10
nazium: posts big blind $0.25
*** HOLE CARDS ***
Dealt to Alameda22 [Qh Jh]
leblanc7777: folds 
sef999: folds 
Alameda22: folds 
PLEIF70: calls $0.25
Wiatr: folds 
MAGICCV24: folds 
MKLOVN: folds 
Dogan2011: calls $0.15
nazium: checks 
*** FLOP *** [5s 2h 9c]
Dogan2011: checks 
nazium: checks 
PLEIF70: checks 
*** TURN *** [5s 2h 9c] [8h]
Dogan2011: checks 
nazium: bets $0.25
PLEIF70: calls $0.25
Dogan2011: folds 
*** RIVER *** [5s 2h 9c 8h] [Th]
nazium: bets $0.25
PLEIF70: folds 
Uncalled bet ($0.25) returned to nazium
nazium collected $1.20 from pot
nazium: doesn't show hand 
*** SUMMARY ***
Total pot $1.25 | Rake $0.05 
Board [5s 2h 9c 8h Th]
Seat 1: Alameda22 folded before Flop (didn't bet)
Seat 2: PLEIF70 folded on the River
Seat 3: Wiatr folded before Flop (didn't bet)
Seat 4: MAGICCV24 folded before Flop (didn't bet)
Seat 5: MKLOVN (button) folded before Flop (didn't bet)
Seat 6: Dogan2011 (small blind) folded on the Turn
Seat 7: nazium (big blind) collected ($1.20)
Seat 8: leblanc7777 folded before Flop (didn't bet)
Seat 9: sef999 folded before Flop (didn't bet)



PokerStars Game #20097654217:  Hold'em No Limit ($0.10/$0.25) - 2008/09/02 16:45:35 ET
Table 'Alsatia III' 9-max Seat #6 is the button
Seat 1: Alameda22 ($24.50 in chips) 
Seat 2: PLEIF70 ($7.40 in chips) 
Seat 3: Wiatr ($27.25 in chips) 
Seat 4: MAGICCV24 ($19.65 in chips) 
Seat 5: MKLOVN ($19.25 in chips) 
Seat 6: Dogan2011 ($36.70 in chips) 
Seat 7: nazium ($9.65 in chips) 
Seat 8: leblanc7777 ($26.10 in chips) 
Seat 9: sef999 ($26.95 in chips) 
nazium: posts small blind $0.10
leblanc7777: posts big blind $0.25
*** HOLE CARDS ***
Dealt to Alameda22 [9c 9d]
sef999: raises $0.50 to $0.75
Alameda22: folds 
PLEIF70: folds 
Wiatr: folds 
MAGICCV24: calls $0.75
MKLOVN: folds 
Dogan2011: folds 
nazium: folds 
leblanc7777: folds 
*** FLOP *** [4d 7h 4c]
sef999: checks 
MAGICCV24: checks 
*** TURN *** [4d 7h 4c] [9h]
sef999: bets $1.30
MAGICCV24: calls $1.30
*** RIVER *** [4d 7h 4c 9h] [3h]
sef999: bets $2.50
MAGICCV24: folds 
Uncalled bet ($2.50) returned to sef999
sef999 collected $4.25 from pot
sef999: doesn't show hand 
*** SUMMARY ***
Total pot $4.45 | Rake $0.20 
Board [4d 7h 4c 9h 3h]
Seat 1: Alameda22 folded before Flop (didn't bet)
Seat 2: PLEIF70 folded before Flop (didn't bet)
Seat 3: Wiatr folded before Flop (didn't bet)
Seat 4: MAGICCV24 folded on the River
Seat 5: MKLOVN folded before Flop (didn't bet)
Seat 6: Dogan2011 (button) folded before Flop (didn't bet)
Seat 7: nazium (small blind) folded before Flop
Seat 8: leblanc7777 (big blind) folded before Flop
Seat 9: sef999 collected ($4.25)



PokerStars Game #20097684274:  Hold'em No Limit ($0.10/$0.25) - 2008/09/02 16:46:48 ET
Table 'Alsatia III' 9-max Seat #7 is the button
Seat 1: Alameda22 ($24.50 in chips) 
Seat 2: PLEIF70 ($7.40 in chips) 
Seat 3: Wiatr ($27.25 in chips) 
Seat 4: MAGICCV24 ($17.60 in chips) 
Seat 5: MKLOVN ($19.25 in chips) 
Seat 6: Dogan2011 ($36.70 in chips) 
Seat 7: nazium ($9.55 in chips) 
Seat 8: leblanc7777 ($25.85 in chips) 
Seat 9: sef999 ($29.15 in chips) 
leblanc7777: posts small blind $0.10
sef999: posts big blind $0.25
*** HOLE CARDS ***
Dealt to Alameda22 [6s Kd]
Alameda22: folds 
PLEIF70: folds 
Wiatr: folds 
MAGICCV24: folds 
MKLOVN: calls $0.25
Dogan2011: folds 
nazium: folds 
leblanc7777: folds 
sef999: checks 
*** FLOP *** [3h 4h 8d]
sef999: checks 
MKLOVN: bets $0.50
sef999: folds 
Uncalled bet ($0.50) returned to MKLOVN
MKLOVN collected $0.60 from pot
MKLOVN: doesn't show hand 
*** SUMMARY ***
Total pot $0.60 | Rake $0 
Board [3h 4h 8d]
Seat 1: Alameda22 folded before Flop (didn't bet)
Seat 2: PLEIF70 folded before Flop (didn't bet)
Seat 3: Wiatr folded before Flop (didn't bet)
Seat 4: MAGICCV24 folded before Flop (didn't bet)
Seat 5: MKLOVN collected ($0.60)
Seat 6: Dogan2011 folded before Flop (didn't bet)
Seat 7: nazium (button) folded before Flop (didn't bet)
Seat 8: leblanc7777 (small blind) folded before Flop
Seat 9: sef999 (big blind) folded on the Flop



PokerStars Game #20097697360:  Hold'em No Limit ($0.10/$0.25) - 2008/09/02 16:47:20 ET
Table 'Alsatia III' 9-max Seat #8 is the button
Seat 1: Alameda22 ($24.50 in chips) 
Seat 2: PLEIF70 ($7.40 in chips) 
Seat 3: Wiatr ($27.25 in chips) 
Seat 4: MAGICCV24 ($17.60 in chips) 
Seat 5: MKLOVN ($19.60 in chips) 
Seat 6: Dogan2011 ($36.70 in chips) 
Seat 7: nazium ($9.55 in chips) 
Seat 8: leblanc7777 ($25.75 in chips) 
Seat 9: sef999 ($28.90 in chips) 
sef999: posts small blind $0.10
Alameda22: posts big blind $0.25
*** HOLE CARDS ***
Dealt to Alameda22 [Ad Ac]
PLEIF70: calls $0.25
Wiatr: folds 
MAGICCV24: folds 
MKLOVN: folds 
Dogan2011: calls $0.25
nazium: folds 
leblanc7777: folds 
sef999: folds 
Alameda22: raises $1.25 to $1.50
PLEIF70: calls $1.25
Dogan2011: calls $1.25
*** FLOP *** [6d Th 3s]
Alameda22: bets $3
PLEIF70: folds 
Dogan2011: calls $3
*** TURN *** [6d Th 3s] [Jd]
Alameda22: bets $7
Dogan2011: calls $7
*** RIVER *** [6d Th 3s Jd] [9d]
Alameda22: bets $13 and is all-in
Dogan2011: calls $13
*** SHOW DOWN ***
Alameda22: shows [Ad Ac] (a pair of Aces)
Dogan2011: shows [8c 7h] (a straight, Seven to Jack)
PLEIF70 leaves the table
Dogan2011 collected $48.15 from pot
*** SUMMARY ***
Total pot $50.60 | Rake $2.45 
Board [6d Th 3s Jd 9d]
Seat 1: Alameda22 (big blind) showed [Ad Ac] and lost with a pair of Aces
Seat 2: PLEIF70 folded on the Flop
Seat 3: Wiatr folded before Flop (didn't bet)
Seat 4: MAGICCV24 folded before Flop (didn't bet)
Seat 5: MKLOVN folded before Flop (didn't bet)
Seat 6: Dogan2011 showed [8c 7h] and won ($48.15) with a straight, Seven to Jack
Seat 7: nazium folded before Flop (didn't bet)
Seat 8: leblanc7777 (button) folded before Flop (didn't bet)
Seat 9: sef999 (small blind) folded before Flop



PokerStars Game #20097744263:  Hold'em No Limit ($0.10/$0.25) - 2008/09/02 16:49:13 ET
Table 'Alsatia III' 9-max Seat #9 is the button
Seat 1: Alameda22 ($5 in chips) 
Seat 3: Wiatr ($27.25 in chips) 
Seat 4: MAGICCV24 ($17.60 in chips) 
Seat 5: MKLOVN ($19.60 in chips) 
Seat 6: Dogan2011 ($60.35 in chips) 
Seat 7: nazium ($9.55 in chips) 
Seat 8: leblanc7777 ($25.75 in chips) 
Seat 9: sef999 ($28.80 in chips) 
Alameda22: posts small blind $0.10
Wiatr: posts big blind $0.25
*** HOLE CARDS ***
Dealt to Alameda22 [Td Ad]
MAGICCV24: folds 
MKLOVN: folds 
Dogan2011: calls $0.25
nazium: folds 
leblanc7777: calls $0.25
sef999 is connected 
sef999: raises $1.25 to $1.50
Alameda22: folds 
Wiatr: folds 
Dogan2011: calls $1.25
leblanc7777: folds 
*** FLOP *** [2h 4h 8h]
Dogan2011: checks 
sef999: bets $2.50
Dogan2011: folds 
Uncalled bet ($2.50) returned to sef999
sef999 collected $3.45 from pot
sef999: doesn't show hand 
*** SUMMARY ***
Total pot $3.60 | Rake $0.15 
Board [2h 4h 8h]
Seat 1: Alameda22 (small blind) folded before Flop
Seat 3: Wiatr (big blind) folded before Flop
Seat 4: MAGICCV24 folded before Flop (didn't bet)
Seat 5: MKLOVN folded before Flop (didn't bet)
Seat 6: Dogan2011 folded on the Flop
Seat 7: nazium folded before Flop (didn't bet)
Seat 8: leblanc7777 folded before Flop
Seat 9: sef999 (button) collected ($3.45)



PokerStars Game #20097774705:  Hold'em No Limit ($0.10/$0.25) - 2008/09/02 16:50:27 ET
Table 'Alsatia III' 9-max Seat #1 is the button
Seat 1: Alameda22 ($4.90 in chips) 
Seat 3: Wiatr ($27 in chips) 
Seat 4: MAGICCV24 ($17.60 in chips) 
Seat 5: MKLOVN ($19.60 in chips) 
Seat 6: Dogan2011 ($58.85 in chips) 
Seat 7: nazium ($9.55 in chips) 
Seat 8: leblanc7777 ($25.50 in chips) 
Seat 9: sef999 ($30.75 in chips) 
Wiatr: posts small blind $0.10
GooiMielies joins the table at seat #2 
MAGICCV24: posts big blind $0.25
*** HOLE CARDS ***
Dealt to Alameda22 [Ks 5h]
MKLOVN: folds 
Dogan2011: calls $0.25
nazium: folds 
leblanc7777: calls $0.25
sef999: folds 
Alameda22: folds 
Wiatr: folds 
MAGICCV24: checks 
*** FLOP *** [4d Qh 6h]
MAGICCV24: checks 
Dogan2011: bets $0.50
leblanc7777: folds 
MAGICCV24: calls $0.50
*** TURN *** [4d Qh 6h] [3d]
MAGICCV24: checks 
Dogan2011: bets $1
MAGICCV24: calls $1
*** RIVER *** [4d Qh 6h 3d] [Kh]
MAGICCV24: checks 
Dogan2011: checks 
*** SHOW DOWN ***
MAGICCV24: shows [5s 3c] (a pair of Threes)
Dogan2011: shows [Td Qc] (a pair of Queens)
Dogan2011 collected $3.70 from pot
*** SUMMARY ***
Total pot $3.85 | Rake $0.15 
Board [4d Qh 6h 3d Kh]
Seat 1: Alameda22 (button) folded before Flop (didn't bet)
Seat 3: Wiatr (small blind) folded before Flop
Seat 4: MAGICCV24 (big blind) showed [5s 3c] and lost with a pair of Threes
Seat 5: MKLOVN folded before Flop (didn't bet)
Seat 6: Dogan2011 showed [Td Qc] and won ($3.70) with a pair of Queens
Seat 7: nazium folded before Flop (didn't bet)
Seat 8: leblanc7777 folded on the Flop
Seat 9: sef999 folded before Flop (didn't bet)



PokerStars Game #20097813949:  Hold'em No Limit ($0.10/$0.25) - 2008/09/02 16:52:01 ET
Table 'Alsatia III' 9-max Seat #3 is the button
Seat 1: Alameda22 ($4.90 in chips) 
Seat 3: Wiatr ($26.90 in chips) 
Seat 4: MAGICCV24 ($15.85 in chips) 
Seat 5: MKLOVN ($19.60 in chips) 
Seat 6: Dogan2011 ($60.80 in chips) 
Seat 7: nazium ($9.55 in chips) 
Seat 8: leblanc7777 ($25.25 in chips) 
Seat 9: sef999 ($30.75 in chips) 
MAGICCV24: posts small blind $0.10
MKLOVN: posts big blind $0.25
GooiMielies: sits out 
*** HOLE CARDS ***
Dealt to Alameda22 [Kc Kd]
Dogan2011: calls $0.25
nazium: folds 
leblanc7777: folds 
sef999: folds 
Alameda22: raises $1 to $1.25
Wiatr: folds 
MAGICCV24: folds 
MKLOVN: raises $1 to $2.25
Dogan2011: calls $2
Alameda22: raises $2.65 to $4.90 and is all-in
MKLOVN: calls $2.65
Dogan2011: calls $2.65
*** FLOP *** [Js Th Qh]
MKLOVN: bets $5
Dogan2011: raises $5 to $10
MKLOVN: raises $4.70 to $14.70 and is all-in
Dogan2011: calls $4.70
*** TURN *** [Js Th Qh] [3h]
*** RIVER *** [Js Th Qh 3h] [7h]
*** SHOW DOWN ***
MKLOVN: shows [Jc Ah] (a flush, Ace high)
Dogan2011: mucks hand 
MKLOVN collected $27.95 from side pot
Alameda22: mucks hand 
MKLOVN collected $14.10 from main pot
*** SUMMARY ***
Total pot $44.20 Main pot $14.10. Side pot $27.95. | Rake $2.15 
Board [Js Th Qh 3h 7h]
Seat 1: Alameda22 mucked [Kc Kd]
Seat 3: Wiatr (button) folded before Flop (didn't bet)
Seat 4: MAGICCV24 (small blind) folded before Flop
Seat 5: MKLOVN (big blind) showed [Jc Ah] and won ($42.05) with a flush, Ace high
Seat 6: Dogan2011 mucked [Kh Qs]
Seat 7: nazium folded before Flop (didn't bet)
Seat 8: leblanc7777 folded before Flop (didn't bet)
Seat 9: sef999 folded before Flop (didn't bet)



PokerStars Game #20097871654:  Hold'em No Limit ($0.10/$0.25) - 2008/09/02 16:54:21 ET
Table 'Alsatia III' 9-max Seat #4 is the button
Seat 1: Alameda22 ($20.10 in chips) 
Seat 3: Wiatr ($26.90 in chips) 
Seat 4: MAGICCV24 ($15.75 in chips) 
Seat 5: MKLOVN ($42.05 in chips) 
Seat 6: Dogan2011 ($41.20 in chips) 
Seat 7: nazium ($9.55 in chips) 
Seat 8: leblanc7777 ($25.25 in chips) 
Seat 9: sef999 ($30.75 in chips) 
MKLOVN: posts small blind $0.10
Dogan2011: posts big blind $0.25
GooiMielies: sits out 
*** HOLE CARDS ***
Dealt to Alameda22 [3h 6c]
nazium: folds 
leblanc7777: folds 
sef999: folds 
Alameda22: folds 
Wiatr: folds 
MAGICCV24: folds 
MKLOVN: calls $0.15
Dogan2011: raises $0.50 to $0.75
MKLOVN: calls $0.50
*** FLOP *** [Qd 8d Ad]
MKLOVN: bets $0.50
Dogan2011: raises $1 to $1.50
MKLOVN: folds 
Uncalled bet ($1) returned to Dogan2011
Dogan2011 collected $2.40 from pot
Dogan2011: doesn't show hand 
*** SUMMARY ***
Total pot $2.50 | Rake $0.10 
Board [Qd 8d Ad]
Seat 1: Alameda22 folded before Flop (didn't bet)
Seat 3: Wiatr folded before Flop (didn't bet)
Seat 4: MAGICCV24 (button) folded before Flop (didn't bet)
Seat 5: MKLOVN (small blind) folded on the Flop
Seat 6: Dogan2011 (big blind) collected ($2.40)
Seat 7: nazium folded before Flop (didn't bet)
Seat 8: leblanc7777 folded before Flop (didn't bet)
Seat 9: sef999 folded before Flop (didn't bet)



PokerStars Game #20097899095:  Hold'em No Limit ($0.10/$0.25) - 2008/09/02 16:55:27 ET
Table 'Alsatia III' 9-max Seat #5 is the button
Seat 1: Alameda22 ($20.10 in chips) 
Seat 3: Wiatr ($26.90 in chips) 
Seat 4: MAGICCV24 ($15.75 in chips) 
Seat 5: MKLOVN ($40.80 in chips) 
Seat 6: Dogan2011 ($42.35 in chips) 
Seat 7: nazium ($9.55 in chips) 
Seat 8: leblanc7777 ($25.25 in chips) 
Seat 9: sef999 ($30.75 in chips) 
Dogan2011: posts small blind $0.10
nazium: posts big blind $0.25
GooiMielies: sits out 
*** HOLE CARDS ***
Dealt to Alameda22 [Kc 4s]
leblanc7777: folds 
sef999: folds 
Alameda22: folds 
Wiatr: raises $0.50 to $0.75
MAGICCV24: folds 
MKLOVN: folds 
Dogan2011: folds 
nazium: folds 
Uncalled bet ($0.50) returned to Wiatr
Wiatr collected $0.60 from pot
Wiatr: doesn't show hand 
*** SUMMARY ***
Total pot $0.60 | Rake $0 
Seat 1: Alameda22 folded before Flop (didn't bet)
Seat 3: Wiatr collected ($0.60)
Seat 4: MAGICCV24 folded before Flop (didn't bet)
Seat 5: MKLOVN (button) folded before Flop (didn't bet)
Seat 6: Dogan2011 (small blind) folded before Flop
Seat 7: nazium (big blind) folded before Flop
Seat 8: leblanc7777 folded before Flop (didn't bet)
Seat 9: sef999 folded before Flop (didn't bet)



PokerStars Game #20097918873:  Hold'em No Limit ($0.10/$0.25) - 2008/09/02 16:56:15 ET
Table 'Alsatia III' 9-max Seat #6 is the button
Seat 1: Alameda22 ($20.10 in chips) 
Seat 3: Wiatr ($27.25 in chips) 
Seat 4: MAGICCV24 ($15.75 in chips) 
Seat 5: MKLOVN ($40.80 in chips) 
Seat 6: Dogan2011 ($42.25 in chips) 
Seat 7: nazium ($9.30 in chips) 
Seat 8: leblanc7777 ($25.25 in chips) 
Seat 9: sef999 ($30.75 in chips) 
nazium: posts small blind $0.10
leblanc7777: posts big blind $0.25
GooiMielies: sits out 
*** HOLE CARDS ***
Dealt to Alameda22 [6c 8h]
sef999: folds 
Alameda22: folds 
Wiatr: folds 
MAGICCV24: calls $0.25
MKLOVN: calls $0.25
Dogan2011: calls $0.25
nazium: folds 
leblanc7777: checks 
*** FLOP *** [Ts As 6s]
leblanc7777: checks 
MAGICCV24: checks 
MKLOVN: bets $1
Dogan2011: folds 
leblanc7777: folds 
MAGICCV24: folds 
Uncalled bet ($1) returned to MKLOVN
MKLOVN collected $1.05 from pot
MKLOVN: doesn't show hand 
*** SUMMARY ***
Total pot $1.10 | Rake $0.05 
Board [Ts As 6s]
Seat 1: Alameda22 folded before Flop (didn't bet)
Seat 3: Wiatr folded before Flop (didn't bet)
Seat 4: MAGICCV24 folded on the Flop
Seat 5: MKLOVN collected ($1.05)
Seat 6: Dogan2011 (button) folded on the Flop
Seat 7: nazium (small blind) folded before Flop
Seat 8: leblanc7777 (big blind) folded on the Flop
Seat 9: sef999 folded before Flop (didn't bet)



PokerStars Game #20097941140:  Hold'em No Limit ($0.10/$0.25) - 2008/09/02 16:57:09 ET
Table 'Alsatia III' 9-max Seat #7 is the button
Seat 1: Alameda22 ($20.10 in chips) 
Seat 3: Wiatr ($27.25 in chips) 
Seat 4: MAGICCV24 ($15.50 in chips) 
Seat 5: MKLOVN ($41.60 in chips) 
Seat 6: Dogan2011 ($42 in chips) 
Seat 7: nazium ($9.20 in chips) 
Seat 8: leblanc7777 ($25 in chips) 
Seat 9: sef999 ($30.75 in chips) 
leblanc7777: posts small blind $0.10
sef999: posts big blind $0.25
GooiMielies: sits out 
*** HOLE CARDS ***
Dealt to Alameda22 [Qc Kh]
Alameda22: folds 
Wiatr: folds 
MAGICCV24: calls $0.25
MKLOVN: raises $0.25 to $0.50
Dogan2011: folds 
nazium: folds 
leblanc7777: calls $0.40
sef999: folds 
MAGICCV24: calls $0.25
*** FLOP *** [Kc As 8c]
leblanc7777: checks 
MAGICCV24: checks 
MKLOVN: checks 
*** TURN *** [Kc As 8c] [3s]
leblanc7777: checks 
MAGICCV24: checks 
MKLOVN: bets $0.25
leblanc7777: calls $0.25
MAGICCV24: calls $0.25
*** RIVER *** [Kc As 8c 3s] [8s]
leblanc7777: checks 
MAGICCV24: bets $3.50
MKLOVN: calls $3.50
leblanc7777: folds 
*** SHOW DOWN ***
MAGICCV24: shows [5s 7s] (a flush, Ace high)
MKLOVN: mucks hand 
MAGICCV24 collected $9.05 from pot
*** SUMMARY ***
Total pot $9.50 | Rake $0.45 
Board [Kc As 8c 3s 8s]
Seat 1: Alameda22 folded before Flop (didn't bet)
Seat 3: Wiatr folded before Flop (didn't bet)
Seat 4: MAGICCV24 showed [5s 7s] and won ($9.05) with a flush, Ace high
Seat 5: MKLOVN mucked [Qs Ac]
Seat 6: Dogan2011 folded before Flop (didn't bet)
Seat 7: nazium (button) folded before Flop (didn't bet)
Seat 8: leblanc7777 (small blind) folded on the River
Seat 9: sef999 (big blind) folded before Flop



PokerStars Game #20097981380:  Hold'em No Limit ($0.10/$0.25) - 2008/09/02 16:58:50 ET
Table 'Alsatia III' 9-max Seat #8 is the button
Seat 1: Alameda22 ($20.10 in chips) 
Seat 3: Wiatr ($27.25 in chips) 
Seat 4: MAGICCV24 ($20.30 in chips) 
Seat 5: MKLOVN ($37.35 in chips) 
Seat 6: Dogan2011 ($42 in chips) 
Seat 7: nazium ($9.20 in chips) 
Seat 8: leblanc7777 ($24.25 in chips) 
Seat 9: sef999 ($30.50 in chips) 
sef999: posts small blind $0.10
Alameda22: posts big blind $0.25
GooiMielies: sits out 
*** HOLE CARDS ***
Dealt to Alameda22 [Kd 5h]
Wiatr: folds 
MAGICCV24: calls $0.25
MKLOVN: folds 
Dogan2011: calls $0.25
nazium: folds 
leblanc7777: folds 
sef999: folds 
Alameda22: checks 
*** FLOP *** [9d 2s 4h]
Alameda22: checks 
MAGICCV24: checks 
Dogan2011: checks 
*** TURN *** [9d 2s 4h] [8h]
Alameda22: checks 
sef999 is connected 
MAGICCV24: checks 
Dogan2011: bets $0.50
Alameda22: folds 
MAGICCV24: calls $0.50
*** RIVER *** [9d 2s 4h 8h] [Kc]
MAGICCV24: checks 
Dogan2011: bets $1.50
MAGICCV24: calls $1.50
*** SHOW DOWN ***
Dogan2011: shows [Js Th] (high card King)
MAGICCV24: shows [8d Ad] (a pair of Eights)
MAGICCV24 collected $4.65 from pot
*** SUMMARY ***
Total pot $4.85 | Rake $0.20 
Board [9d 2s 4h 8h Kc]
Seat 1: Alameda22 (big blind) folded on the Turn
Seat 3: Wiatr folded before Flop (didn't bet)
Seat 4: MAGICCV24 showed [8d Ad] and won ($4.65) with a pair of Eights
Seat 5: MKLOVN folded before Flop (didn't bet)
Seat 6: Dogan2011 showed [Js Th] and lost with high card King
Seat 7: nazium folded before Flop (didn't bet)
Seat 8: leblanc7777 (button) folded before Flop (didn't bet)
Seat 9: sef999 (small blind) folded before Flop



PokerStars Game #20098008294:  Hold'em No Limit ($0.10/$0.25) - 2008/09/02 16:59:55 ET
Table 'Alsatia III' 9-max Seat #9 is the button
Seat 1: Alameda22 ($19.85 in chips) 
Seat 2: GooiMielies ($5 in chips) 
Seat 3: Wiatr ($27.25 in chips) 
Seat 4: MAGICCV24 ($22.70 in chips) 
Seat 5: MKLOVN ($37.35 in chips) 
Seat 6: Dogan2011 ($39.75 in chips) 
Seat 7: nazium ($9.20 in chips) 
Seat 8: leblanc7777 ($24.25 in chips) 
Seat 9: sef999 ($30.40 in chips) 
Alameda22: posts small blind $0.10
GooiMielies: posts big blind $0.25
*** HOLE CARDS ***
Dealt to Alameda22 [Jh 2c]
Wiatr: folds 
MAGICCV24: calls $0.25
MKLOVN: folds 
Dogan2011: calls $0.25
nazium: folds 
leblanc7777: folds 
sef999: folds 
Alameda22: folds 
GooiMielies: checks 
*** FLOP *** [Ac Kc 2s]
GooiMielies: checks 
MAGICCV24: checks 
Dogan2011: checks 
*** TURN *** [Ac Kc 2s] [4c]
GooiMielies: checks 
MAGICCV24: checks 
Dogan2011: checks 
*** RIVER *** [Ac Kc 2s 4c] [Qh]
GooiMielies: checks 
MAGICCV24: checks 
Dogan2011: checks 
*** SHOW DOWN ***
GooiMielies: shows [Js 4h] (a pair of Fours)
MAGICCV24: shows [9s 9c] (a pair of Nines)
Dogan2011: shows [9d Qc] (a pair of Queens)
Dogan2011 collected $0.85 from pot
*** SUMMARY ***
Total pot $0.85 | Rake $0 
Board [Ac Kc 2s 4c Qh]
Seat 1: Alameda22 (small blind) folded before Flop
Seat 2: GooiMielies (big blind) showed [Js 4h] and lost with a pair of Fours
Seat 3: Wiatr folded before Flop (didn't bet)
Seat 4: MAGICCV24 showed [9s 9c] and lost with a pair of Nines
Seat 5: MKLOVN folded before Flop (didn't bet)
Seat 6: Dogan2011 showed [9d Qc] and won ($0.85) with a pair of Queens
Seat 7: nazium folded before Flop (didn't bet)
Seat 8: leblanc7777 folded before Flop (didn't bet)
Seat 9: sef999 (button) folded before Flop (didn't bet)



PokerStars Game #20098040082:  Hold'em No Limit ($0.10/$0.25) - 2008/09/02 17:01:09 ET
Table 'Alsatia III' 9-max Seat #1 is the button
Seat 1: Alameda22 ($19.75 in chips) 
Seat 2: GooiMielies ($4.75 in chips) 
Seat 3: Wiatr ($27.25 in chips) 
Seat 4: MAGICCV24 ($22.45 in chips) 
Seat 5: MKLOVN ($37.35 in chips) 
Seat 6: Dogan2011 ($40.35 in chips) 
Seat 7: nazium ($9.20 in chips) 
Seat 8: leblanc7777 ($24.25 in chips) 
Seat 9: sef999 ($30.40 in chips) 
GooiMielies: posts small blind $0.10
Wiatr: posts big blind $0.25
*** HOLE CARDS ***
Dealt to Alameda22 [2s Ah]
MAGICCV24: folds 
MKLOVN: raises $0.50 to $0.75
Dogan2011: calls $0.75
nazium: calls $0.75
leblanc7777: folds 
sef999: folds 
Alameda22: folds 
GooiMielies: calls $0.65
Wiatr: folds 
*** FLOP *** [3s Qc Tc]
GooiMielies: bets $4 and is all-in
MKLOVN: raises $6 to $10
Dogan2011: folds 
nazium: folds 
Uncalled bet ($6) returned to MKLOVN
*** TURN *** [3s Qc Tc] [5s]
*** RIVER *** [3s Qc Tc 5s] [6h]
*** SHOW DOWN ***
GooiMielies: shows [Ad Qh] (a pair of Queens)
MKLOVN: shows [Ks Qs] (a pair of Queens - lower kicker)
GooiMielies collected $10.70 from pot
*** SUMMARY ***
Total pot $11.25 | Rake $0.55 
Board [3s Qc Tc 5s 6h]
Seat 1: Alameda22 (button) folded before Flop (didn't bet)
Seat 2: GooiMielies (small blind) showed [Ad Qh] and won ($10.70) with a pair of Queens
Seat 3: Wiatr (big blind) folded before Flop
Seat 4: MAGICCV24 folded before Flop (didn't bet)
Seat 5: MKLOVN showed [Ks Qs] and lost with a pair of Queens
Seat 6: Dogan2011 folded on the Flop
Seat 7: nazium folded on the Flop
Seat 8: leblanc7777 folded before Flop (didn't bet)
Seat 9: sef999 folded before Flop (didn't bet)



PokerStars Game #20098085515:  Hold'em No Limit ($0.10/$0.25) - 2008/09/02 17:02:55 ET
Table 'Alsatia III' 9-max Seat #2 is the button
Seat 1: Alameda22 ($19.75 in chips) 
Seat 2: GooiMielies ($10.70 in chips) 
Seat 3: Wiatr ($27 in chips) 
Seat 4: MAGICCV24 ($22.45 in chips) 
Seat 5: MKLOVN ($32.60 in chips) 
Seat 6: Dogan2011 ($39.60 in chips) 
Seat 7: nazium ($8.45 in chips) 
Seat 8: leblanc7777 ($24.25 in chips) 
Seat 9: sef999 ($30.40 in chips) 
Wiatr: posts small blind $0.10
MAGICCV24: posts big blind $0.25
*** HOLE CARDS ***
Dealt to Alameda22 [Qc Ah]
MKLOVN: calls $0.25
Dogan2011: folds 
nazium: folds 
leblanc7777: folds 
sef999: folds 
Alameda22: raises $0.75 to $1
GooiMielies: folds 
GooiMielies leaves the table
Wiatr: folds 
MAGICCV24: folds 
MKLOVN: calls $0.75
*** FLOP *** [Th Ad 4d]
Albarab joins the table at seat #2 
MKLOVN: bets $1
Alameda22: calls $1
*** TURN *** [Th Ad 4d] [Kc]
MKLOVN: checks 
Alameda22: bets $2.75
MKLOVN: calls $2.75
*** RIVER *** [Th Ad 4d Kc] [9c]
MKLOVN: checks 
Alameda22: checks 
*** SHOW DOWN ***
MKLOVN: shows [As 2h] (a pair of Aces)
Alameda22: shows [Qc Ah] (a pair of Aces - King+Queen kicker)
Alameda22 collected $9.40 from pot
*** SUMMARY ***
Total pot $9.85 | Rake $0.45 
Board [Th Ad 4d Kc 9c]
Seat 1: Alameda22 showed [Qc Ah] and won ($9.40) with a pair of Aces
Seat 2: GooiMielies (button) folded before Flop (didn't bet)
Seat 3: Wiatr (small blind) folded before Flop
Seat 4: MAGICCV24 (big blind) folded before Flop
Seat 5: MKLOVN showed [As 2h] and lost with a pair of Aces
Seat 6: Dogan2011 folded before Flop (didn't bet)
Seat 7: nazium folded before Flop (didn't bet)
Seat 8: leblanc7777 folded before Flop (didn't bet)
Seat 9: sef999 folded before Flop (didn't bet)



PokerStars Game #20098130345:  Hold'em No Limit ($0.10/$0.25) - 2008/09/02 17:04:40 ET
Table 'Alsatia III' 9-max Seat #3 is the button
Seat 1: Alameda22 ($25 in chips) 
Seat 2: Albarab ($25 in chips) 
Seat 3: Wiatr ($26.90 in chips) 
Seat 4: MAGICCV24 ($22.20 in chips) 
Seat 5: MKLOVN ($27.85 in chips) 
Seat 6: Dogan2011 ($39.60 in chips) 
Seat 7: nazium ($8.45 in chips) 
Seat 8: leblanc7777 ($24.25 in chips) 
Seat 9: sef999 ($30.40 in chips) 
MAGICCV24: posts small blind $0.10
MKLOVN: posts big blind $0.25
Albarab: posts big blind $0.25
*** HOLE CARDS ***
Dealt to Alameda22 [Kc 3h]
Dogan2011: calls $0.25
nazium: raises $0.25 to $0.50
leblanc7777: calls $0.50
sef999: folds 
Alameda22: folds 
Albarab: folds 
Wiatr: folds 
MAGICCV24: folds 
MKLOVN: raises $1.50 to $2
Dogan2011: calls $1.75
nazium: folds 
leblanc7777: folds 
*** FLOP *** [2s Ad Qd]
MKLOVN: checks 
Dogan2011: checks 
*** TURN *** [2s Ad Qd] [5h]
MKLOVN: bets $1
Dogan2011: folds 
Uncalled bet ($1) returned to MKLOVN
MKLOVN collected $5.10 from pot
MKLOVN: doesn't show hand 
*** SUMMARY ***
Total pot $5.35 | Rake $0.25 
Board [2s Ad Qd 5h]
Seat 1: Alameda22 folded before Flop (didn't bet)
Seat 2: Albarab folded before Flop
Seat 3: Wiatr (button) folded before Flop (didn't bet)
Seat 4: MAGICCV24 (small blind) folded before Flop
Seat 5: MKLOVN (big blind) collected ($5.10)
Seat 6: Dogan2011 folded on the Turn
Seat 7: nazium folded before Flop
Seat 8: leblanc7777 folded before Flop
Seat 9: sef999 folded before Flop (didn't bet)



PokerStars Game #20098156889:  Hold'em No Limit ($0.10/$0.25) - 2008/09/02 17:05:43 ET
Table 'Alsatia III' 9-max Seat #4 is the button
Seat 1: Alameda22 ($25 in chips) 
Seat 2: Albarab ($24.75 in chips) 
Seat 3: Wiatr ($26.90 in chips) 
Seat 4: MAGICCV24 ($22.10 in chips) 
Seat 5: MKLOVN ($30.95 in chips) 
Seat 6: Dogan2011 ($37.60 in chips) 
Seat 7: nazium ($7.95 in chips) 
Seat 8: leblanc7777 ($23.75 in chips) 
Seat 9: sef999 ($30.40 in chips) 
MKLOVN: posts small blind $0.10
Dogan2011: posts big blind $0.25
*** HOLE CARDS ***
Dealt to Alameda22 [7h Qs]
nazium: raises $0.25 to $0.50
leblanc7777: folds 
sef999: folds 
Alameda22: folds 
Albarab: folds 
Wiatr: folds 
MAGICCV24: folds 
MKLOVN: folds 
Dogan2011: calls $0.25
*** FLOP *** [Ts 3c Jd]
Dogan2011: checks 
nazium: bets $1
Dogan2011: folds 
Uncalled bet ($1) returned to nazium
nazium collected $1.05 from pot
nazium: doesn't show hand 
*** SUMMARY ***
Total pot $1.10 | Rake $0.05 
Board [Ts 3c Jd]
Seat 1: Alameda22 folded before Flop (didn't bet)
Seat 2: Albarab folded before Flop (didn't bet)
Seat 3: Wiatr folded before Flop (didn't bet)
Seat 4: MAGICCV24 (button) folded before Flop (didn't bet)
Seat 5: MKLOVN (small blind) folded before Flop
Seat 6: Dogan2011 (big blind) folded on the Flop
Seat 7: nazium collected ($1.05)
Seat 8: leblanc7777 folded before Flop (didn't bet)
Seat 9: sef999 folded before Flop (didn't bet)



PokerStars Game #20098176138:  Hold'em No Limit ($0.10/$0.25) - 2008/09/02 17:06:28 ET
Table 'Alsatia III' 9-max Seat #5 is the button
Seat 1: Alameda22 ($25 in chips) 
Seat 2: Albarab ($24.75 in chips) 
Seat 3: Wiatr ($26.90 in chips) 
Seat 4: MAGICCV24 ($22.10 in chips) 
Seat 5: MKLOVN ($30.85 in chips) 
Seat 6: Dogan2011 ($37.10 in chips) 
Seat 7: nazium ($8.50 in chips) 
Seat 8: leblanc7777 ($23.75 in chips) 
Seat 9: sef999 ($30.40 in chips) 
Dogan2011: posts small blind $0.10
nazium: posts big blind $0.25
*** HOLE CARDS ***
Dealt to Alameda22 [Kh 2d]
leblanc7777 has timed out
leblanc7777: folds 
leblanc7777 is sitting out
sef999: folds 
Alameda22: folds 
Albarab: folds 
Wiatr: folds 
MAGICCV24: folds 
MKLOVN: raises $1.25 to $1.50
leblanc7777 has returned
Dogan2011: folds 
nazium: folds 
Uncalled bet ($1.25) returned to MKLOVN
MKLOVN collected $0.60 from pot
MKLOVN: doesn't show hand 
*** SUMMARY ***
Total pot $0.60 | Rake $0 
Seat 1: Alameda22 folded before Flop (didn't bet)
Seat 2: Albarab folded before Flop (didn't bet)
Seat 3: Wiatr folded before Flop (didn't bet)
Seat 4: MAGICCV24 folded before Flop (didn't bet)
Seat 5: MKLOVN (button) collected ($0.60)
Seat 6: Dogan2011 (small blind) folded before Flop
Seat 7: nazium (big blind) folded before Flop
Seat 8: leblanc7777 folded before Flop (didn't bet)
Seat 9: sef999 folded before Flop (didn't bet)



PokerStars Game #20098208898:  Hold'em No Limit ($0.10/$0.25) - 2008/09/02 17:07:44 ET
Table 'Alsatia III' 9-max Seat #6 is the button
Seat 1: Alameda22 ($25 in chips) 
Seat 2: Albarab ($24.75 in chips) 
Seat 3: Wiatr ($26.90 in chips) 
Seat 4: MAGICCV24 ($22.10 in chips) 
Seat 5: MKLOVN ($31.20 in chips) 
Seat 6: Dogan2011 ($37 in chips) 
Seat 7: nazium ($8.25 in chips) 
Seat 8: leblanc7777 ($23.75 in chips) 
Seat 9: sef999 ($30.40 in chips) 
nazium: posts small blind $0.10
leblanc7777: posts big blind $0.25
*** HOLE CARDS ***
Dealt to Alameda22 [6d Kc]
sef999: folds 
Alameda22: folds 
Albarab: folds 
Wiatr: folds 
MAGICCV24: folds 
MKLOVN: folds 
Dogan2011: calls $0.25
nazium: calls $0.15
leblanc7777: checks 
*** FLOP *** [9c 5c Ts]
nazium: bets $0.25
leblanc7777: folds 
Dogan2011: calls $0.25
*** TURN *** [9c 5c Ts] [9h]
nazium: bets $0.50
Dogan2011: calls $0.50
*** RIVER *** [9c 5c Ts 9h] [Qs]
nazium: checks 
Dogan2011: bets $4
nazium: folds 
Uncalled bet ($4) returned to Dogan2011
Dogan2011 collected $2.15 from pot
Dogan2011: doesn't show hand 
*** SUMMARY ***
Total pot $2.25 | Rake $0.10 
Board [9c 5c Ts 9h Qs]
Seat 1: Alameda22 folded before Flop (didn't bet)
Seat 2: Albarab folded before Flop (didn't bet)
Seat 3: Wiatr folded before Flop (didn't bet)
Seat 4: MAGICCV24 folded before Flop (didn't bet)
Seat 5: MKLOVN folded before Flop (didn't bet)
Seat 6: Dogan2011 (button) collected ($2.15)
Seat 7: nazium (small blind) folded on the River
Seat 8: leblanc7777 (big blind) folded on the Flop
Seat 9: sef999 folded before Flop (didn't bet)



PokerStars Game #20098235354:  Hold'em No Limit ($0.10/$0.25) - 2008/09/02 17:08:47 ET
Table 'Alsatia III' 9-max Seat #7 is the button
Seat 1: Alameda22 ($25 in chips) 
Seat 2: Albarab ($24.75 in chips) 
Seat 3: Wiatr ($26.90 in chips) 
Seat 4: MAGICCV24 ($22.10 in chips) 
Seat 5: MKLOVN ($31.20 in chips) 
Seat 6: Dogan2011 ($38.15 in chips) 
Seat 7: nazium ($7.25 in chips) 
Seat 8: leblanc7777 ($23.50 in chips) 
Seat 9: sef999 ($30.40 in chips) 
leblanc7777: posts small blind $0.10
sef999: posts big blind $0.25
*** HOLE CARDS ***
Dealt to Alameda22 [8h Ac]
Alameda22: folds 
Albarab: folds 
Wiatr: folds 
MAGICCV24: calls $0.25
MKLOVN: folds 
Dogan2011: folds 
nazium: folds 
leblanc7777: raises $0.25 to $0.50
sef999: folds 
MAGICCV24: calls $0.25
*** FLOP *** [6h 2h 5d]
leblanc7777: bets $0.50
MAGICCV24: folds 
Uncalled bet ($0.50) returned to leblanc7777
leblanc7777 collected $1.20 from pot
leblanc7777: doesn't show hand 
*** SUMMARY ***
Total pot $1.25 | Rake $0.05 
Board [6h 2h 5d]
Seat 1: Alameda22 folded before Flop (didn't bet)
Seat 2: Albarab folded before Flop (didn't bet)
Seat 3: Wiatr folded before Flop (didn't bet)
Seat 4: MAGICCV24 folded on the Flop
Seat 5: MKLOVN folded before Flop (didn't bet)
Seat 6: Dogan2011 folded before Flop (didn't bet)
Seat 7: nazium (button) folded before Flop (didn't bet)
Seat 8: leblanc7777 (small blind) collected ($1.20)
Seat 9: sef999 (big blind) folded before Flop



PokerStars Game #20098257777:  Hold'em No Limit ($0.10/$0.25) - 2008/09/02 17:09:39 ET
Table 'Alsatia III' 9-max Seat #8 is the button
Seat 1: Alameda22 ($25 in chips) 
Seat 2: Albarab ($24.75 in chips) 
Seat 3: Wiatr ($26.90 in chips) 
Seat 4: MAGICCV24 ($21.60 in chips) 
Seat 5: MKLOVN ($31.20 in chips) 
Seat 6: Dogan2011 ($38.15 in chips) 
Seat 7: nazium ($7.25 in chips) 
Seat 8: leblanc7777 ($24.20 in chips) 
Seat 9: sef999 ($30.15 in chips) 
sef999: posts small blind $0.10
Alameda22: posts big blind $0.25
*** HOLE CARDS ***
Dealt to Alameda22 [9c 8h]
Albarab: raises $0.75 to $1
Wiatr: folds 
MAGICCV24: folds 
MKLOVN: folds 
Dogan2011: folds 
nazium: folds 
leblanc7777 has timed out
leblanc7777: folds 
leblanc7777 is sitting out
sef999: folds 
Alameda22: folds 
Uncalled bet ($0.75) returned to Albarab
Albarab collected $0.60 from pot
Albarab: doesn't show hand 
*** SUMMARY ***
Total pot $0.60 | Rake $0 
Seat 1: Alameda22 (big blind) folded before Flop
Seat 2: Albarab collected ($0.60)
Seat 3: Wiatr folded before Flop (didn't bet)
Seat 4: MAGICCV24 folded before Flop (didn't bet)
Seat 5: MKLOVN folded before Flop (didn't bet)
Seat 6: Dogan2011 folded before Flop (didn't bet)
Seat 7: nazium folded before Flop (didn't bet)
Seat 8: leblanc7777 (button) folded before Flop (didn't bet)
Seat 9: sef999 (small blind) folded before Flop



PokerStars Game #20098290674:  Hold'em No Limit ($0.10/$0.25) - 2008/09/02 17:10:57 ET
Table 'Alsatia III' 9-max Seat #9 is the button
Seat 1: Alameda22 ($24.75 in chips) 
Seat 2: Albarab ($25.10 in chips) 
Seat 3: Wiatr ($26.90 in chips) 
Seat 4: MAGICCV24 ($21.60 in chips) 
Seat 5: MKLOVN ($31.20 in chips) 
Seat 6: Dogan2011 ($38.15 in chips) 
Seat 7: nazium ($7.25 in chips) 
Seat 9: sef999 ($30.05 in chips) 
Alameda22: posts small blind $0.10
Albarab: posts big blind $0.25
*** HOLE CARDS ***
Dealt to Alameda22 [9h 5d]
Wiatr: folds 
MAGICCV24: raises $1 to $1.25
leblanc7777 has returned
MKLOVN: folds 
Dogan2011: folds 
nazium: folds 
sef999: folds 
Alameda22: folds 
Albarab: folds 
Uncalled bet ($1) returned to MAGICCV24
MAGICCV24 collected $0.60 from pot
*** SUMMARY ***
Total pot $0.60 | Rake $0 
Seat 1: Alameda22 (small blind) folded before Flop
Seat 2: Albarab (big blind) folded before Flop
Seat 3: Wiatr folded before Flop (didn't bet)
Seat 4: MAGICCV24 collected ($0.60)
Seat 5: MKLOVN folded before Flop (didn't bet)
Seat 6: Dogan2011 folded before Flop (didn't bet)
Seat 7: nazium folded before Flop (didn't bet)
Seat 9: sef999 (button) folded before Flop (didn't bet)



PokerStars Game #20098315892:  Hold'em No Limit ($0.10/$0.25) - 2008/09/02 17:11:56 ET
Table 'Alsatia III' 9-max Seat #1 is the button
Seat 1: Alameda22 ($24.65 in chips) 
Seat 2: Albarab ($24.85 in chips) 
Seat 3: Wiatr ($26.90 in chips) 
Seat 4: MAGICCV24 ($21.95 in chips) 
Seat 5: MKLOVN ($31.20 in chips) 
Seat 6: Dogan2011 ($38.15 in chips) 
Seat 7: nazium ($7.25 in chips) 
Seat 8: leblanc7777 ($24.20 in chips) 
Seat 9: sef999 ($30.05 in chips) 
Albarab: posts small blind $0.10
Wiatr: posts big blind $0.25
*** HOLE CARDS ***
Dealt to Alameda22 [4d 2d]
MAGICCV24: folds 
MKLOVN: raises $0.25 to $0.50
Dogan2011: calls $0.50
nazium: folds 
leblanc7777: calls $0.50
sef999: raises $1.50 to $2
Alameda22: folds 
Albarab: folds 
Wiatr: calls $1.75
MKLOVN: calls $1.50
Dogan2011: calls $1.50
leblanc7777: folds 
*** FLOP *** [5h 4c Kc]
Wiatr: checks 
MKLOVN: checks 
Dogan2011: checks 
sef999: bets $8.20
Wiatr: folds 
MKLOVN: folds 
Dogan2011: folds 
Uncalled bet ($8.20) returned to sef999
sef999 collected $8.20 from pot
sef999: doesn't show hand 
*** SUMMARY ***
Total pot $8.60 | Rake $0.40 
Board [5h 4c Kc]
Seat 1: Alameda22 (button) folded before Flop (didn't bet)
Seat 2: Albarab (small blind) folded before Flop
Seat 3: Wiatr (big blind) folded on the Flop
Seat 4: MAGICCV24 folded before Flop (didn't bet)
Seat 5: MKLOVN folded on the Flop
Seat 6: Dogan2011 folded on the Flop
Seat 7: nazium folded before Flop (didn't bet)
Seat 8: leblanc7777 folded before Flop
Seat 9: sef999 collected ($8.20)



PokerStars Game #20098358682:  Hold'em No Limit ($0.10/$0.25) - 2008/09/02 17:13:38 ET
Table 'Alsatia III' 9-max Seat #2 is the button
Seat 1: Alameda22 ($24.65 in chips) 
Seat 2: Albarab ($24.75 in chips) 
Seat 3: Wiatr ($24.90 in chips) 
Seat 4: MAGICCV24 ($21.95 in chips) 
Seat 5: MKLOVN ($29.20 in chips) 
Seat 6: Dogan2011 ($36.15 in chips) 
Seat 7: nazium ($7.25 in chips) 
Seat 8: leblanc7777 ($23.70 in chips) 
Seat 9: sef999 ($36.25 in chips) 
Wiatr: posts small blind $0.10
MAGICCV24: posts big blind $0.25
*** HOLE CARDS ***
Dealt to Alameda22 [4c Tc]
MKLOVN: raises $1 to $1.25
Dogan2011: folds 
nazium: raises $1 to $2.25
leblanc7777: folds 
sef999: folds 
Alameda22: folds 
Albarab: folds 
Wiatr: folds 
MAGICCV24: folds 
MKLOVN: raises $2.75 to $5
nazium: calls $2.75
*** FLOP *** [6c 8h Td]
MKLOVN: bets $2.25
nazium: calls $2.25 and is all-in
*** TURN *** [6c 8h Td] [8s]
*** RIVER *** [6c 8h Td 8s] [2c]
*** SHOW DOWN ***
MKLOVN: shows [Jh Js] (two pair, Jacks and Eights)
nazium: mucks hand 
MKLOVN collected $14.15 from pot
nazium leaves the table
*** SUMMARY ***
Total pot $14.85 | Rake $0.70 
Board [6c 8h Td 8s 2c]
Seat 1: Alameda22 folded before Flop (didn't bet)
Seat 2: Albarab (button) folded before Flop (didn't bet)
Seat 3: Wiatr (small blind) folded before Flop
Seat 4: MAGICCV24 (big blind) folded before Flop
Seat 5: MKLOVN showed [Jh Js] and won ($14.15) with two pair, Jacks and Eights
Seat 6: Dogan2011 folded before Flop (didn't bet)
Seat 7: nazium mucked [As Ks]
Seat 8: leblanc7777 folded before Flop (didn't bet)
Seat 9: sef999 folded before Flop (didn't bet)



PokerStars Game #20098396257:  Hold'em No Limit ($0.10/$0.25) - 2008/09/02 17:15:07 ET
Table 'Alsatia III' 9-max Seat #3 is the button
Seat 1: Alameda22 ($24.65 in chips) 
Seat 2: Albarab ($24.75 in chips) 
Seat 3: Wiatr ($24.80 in chips) 
Seat 4: MAGICCV24 ($21.70 in chips) 
Seat 5: MKLOVN ($36.10 in chips) 
Seat 6: Dogan2011 ($36.15 in chips) 
Seat 8: leblanc7777 ($23.70 in chips) 
Seat 9: sef999 ($36.25 in chips) 
MAGICCV24: posts small blind $0.10
MKLOVN: posts big blind $0.25
*** HOLE CARDS ***
Dealt to Alameda22 [9d Qh]
Dogan2011: calls $0.25
leblanc7777: folds 
sef999: folds 
Alameda22: folds 
Albarab: folds 
Wiatr: folds 
MAGICCV24: folds 
hman1975 joins the table at seat #7 
MKLOVN: checks 
*** FLOP *** [8d 8c As]
MKLOVN: checks 
Dogan2011: checks 
*** TURN *** [8d 8c As] [Tc]
MKLOVN: bets $0.25
Dogan2011: calls $0.25
*** RIVER *** [8d 8c As Tc] [Ts]
MKLOVN: bets $1
Dogan2011: raises $2 to $3
MKLOVN: calls $2
*** SHOW DOWN ***
Dogan2011: shows [7h 8s] (a full house, Eights full of Tens)
MKLOVN: mucks hand 
Dogan2011 collected $6.75 from pot
*** SUMMARY ***
Total pot $7.10 | Rake $0.35 
Board [8d 8c As Tc Ts]
Seat 1: Alameda22 folded before Flop (didn't bet)
Seat 2: Albarab folded before Flop (didn't bet)
Seat 3: Wiatr (button) folded before Flop (didn't bet)
Seat 4: MAGICCV24 (small blind) folded before Flop
Seat 5: MKLOVN (big blind) mucked [9s Qs]
Seat 6: Dogan2011 showed [7h 8s] and won ($6.75) with a full house, Eights full of Tens
Seat 8: leblanc7777 folded before Flop (didn't bet)
Seat 9: sef999 folded before Flop (didn't bet)



PokerStars Game #20098433228:  Hold'em No Limit ($0.10/$0.25) - 2008/09/02 17:16:35 ET
Table 'Alsatia III' 9-max Seat #4 is the button
Seat 1: Alameda22 ($24.65 in chips) 
Seat 2: Albarab ($24.75 in chips) 
Seat 3: Wiatr ($24.80 in chips) 
Seat 4: MAGICCV24 ($21.60 in chips) 
Seat 5: MKLOVN ($32.60 in chips) 
Seat 6: Dogan2011 ($39.40 in chips) 
Seat 8: leblanc7777 ($23.70 in chips) 
Seat 9: sef999 ($36.25 in chips) 
MKLOVN: posts small blind $0.10
Dogan2011: posts big blind $0.25
hman1975: sits out 
*** HOLE CARDS ***
Dealt to Alameda22 [5h 3d]
leblanc7777: folds 
sef999: folds 
Alameda22: folds 
Albarab: folds 
Wiatr: raises $0.50 to $0.75
MAGICCV24: calls $0.75
MKLOVN: folds 
Dogan2011: calls $0.50
*** FLOP *** [2c Kh Ad]
Dogan2011: bets $0.50
Wiatr: calls $0.50
MAGICCV24: folds 
*** TURN *** [2c Kh Ad] [Th]
Dogan2011: bets $1
Wiatr: raises $2.40 to $3.40
Dogan2011: calls $2.40
*** RIVER *** [2c Kh Ad Th] [Qh]
Dogan2011: checks 
Wiatr: checks 
*** SHOW DOWN ***
Dogan2011: shows [2s Qs] (two pair, Queens and Deuces)
Wiatr: shows [Tc Ah] (two pair, Aces and Tens)
Wiatr collected $9.65 from pot
*** SUMMARY ***
Total pot $10.15 | Rake $0.50 
Board [2c Kh Ad Th Qh]
Seat 1: Alameda22 folded before Flop (didn't bet)
Seat 2: Albarab folded before Flop (didn't bet)
Seat 3: Wiatr showed [Tc Ah] and won ($9.65) with two pair, Aces and Tens
Seat 4: MAGICCV24 (button) folded on the Flop
Seat 5: MKLOVN (small blind) folded before Flop
Seat 6: Dogan2011 (big blind) showed [2s Qs] and lost with two pair, Queens and Deuces
Seat 8: leblanc7777 folded before Flop (didn't bet)
Seat 9: sef999 folded before Flop (didn't bet)



PokerStars Game #20098484423:  Hold'em No Limit ($0.10/$0.25) - 2008/09/02 17:18:37 ET
Table 'Alsatia III' 9-max Seat #5 is the button
Seat 1: Alameda22 ($24.65 in chips) 
Seat 2: Albarab ($24.75 in chips) 
Seat 3: Wiatr ($29.80 in chips) 
Seat 4: MAGICCV24 ($20.85 in chips) 
Seat 5: MKLOVN ($32.50 in chips) 
Seat 6: Dogan2011 ($34.75 in chips) 
Seat 7: hman1975 ($25 in chips) 
Seat 8: leblanc7777 ($23.70 in chips) 
Seat 9: sef999 ($36.25 in chips) 
Dogan2011: posts small blind $0.10
hman1975: posts big blind $0.25
*** HOLE CARDS ***
Dealt to Alameda22 [7h 5s]
leblanc7777 is disconnected 
leblanc7777 is connected 
leblanc7777: folds 
sef999: folds 
Alameda22 has timed out
Alameda22: folds 
Alameda22 is sitting out
Albarab: raises $0.75 to $1
Wiatr: folds 
MAGICCV24: folds 
MKLOVN: folds 
Dogan2011: folds 
hman1975: folds 
Uncalled bet ($0.75) returned to Albarab
Albarab collected $0.60 from pot
Albarab: doesn't show hand 
*** SUMMARY ***
Total pot $0.60 | Rake $0 
Seat 1: Alameda22 folded before Flop (didn't bet)
Seat 2: Albarab collected ($0.60)
Seat 3: Wiatr folded before Flop (didn't bet)
Seat 4: MAGICCV24 folded before Flop (didn't bet)
Seat 5: MKLOVN (button) folded before Flop (didn't bet)
Seat 6: Dogan2011 (small blind) folded before Flop
Seat 7: hman1975 (big blind) folded before Flop
Seat 8: leblanc7777 folded before Flop (didn't bet)
Seat 9: sef999 folded before Flop (didn't bet)



PokerStars Game #20098694478:  Hold'em No Limit ($0.10/$0.25) - 2008/09/02 17:27:02 ET
Table 'Alsatia III' 9-max Seat #5 is the button
Seat 1: Alameda22 ($24.65 in chips) 
Seat 2: Albarab ($40.85 in chips) 
Seat 3: Wiatr ($29.45 in chips) 
Seat 4: MAGICCV24 ($13.25 in chips) 
Seat 5: MKLOVN ($25 in chips) 
Seat 6: Dogan2011 ($14.85 in chips) 
Seat 7: hman1975 ($25 in chips) 
Seat 9: candeee ($44.35 in chips) 
Dogan2011: posts small blind $0.10
hman1975: posts big blind $0.25
Alameda22: posts small & big blinds $0.35
MAGICCV24: posts small & big blinds $0.35
*** HOLE CARDS ***
Dealt to Alameda22 [Qc 9d]
candeee: folds 
Alameda22: checks 
Albarab: calls $0.25
Wiatr: folds 
MAGICCV24: checks 
MKLOVN: calls $0.25
Dogan2011: raises $1.75 to $2
hman1975: folds 
Alameda22: folds 
Albarab: folds 
MAGICCV24: folds 
MKLOVN: calls $1.75
*** FLOP *** [Td 9s Ad]
Dogan2011: bets $4
MKLOVN: calls $4
*** TURN *** [Td 9s Ad] [3d]
Dogan2011: bets $8.85 and is all-in
MKLOVN: calls $8.85
*** RIVER *** [Td 9s Ad 3d] [8s]
*** SHOW DOWN ***
Dogan2011: shows [Jh Ks] (high card Ace)
MKLOVN: shows [Jd Kd] (a flush, Ace high)
MKLOVN collected $29.40 from pot
*** SUMMARY ***
Total pot $30.90 | Rake $1.50 
Board [Td 9s Ad 3d 8s]
Seat 1: Alameda22 folded before Flop
Seat 2: Albarab folded before Flop
Seat 3: Wiatr folded before Flop (didn't bet)
Seat 4: MAGICCV24 folded before Flop
Seat 5: MKLOVN (button) showed [Jd Kd] and won ($29.40) with a flush, Ace high
Seat 6: Dogan2011 (small blind) showed [Jh Ks] and lost with high card Ace
Seat 7: hman1975 (big blind) folded before Flop
Seat 9: candeee folded before Flop (didn't bet)



PokerStars Game #20098743804:  Hold'em No Limit ($0.10/$0.25) - 2008/09/02 17:29:01 ET
Table 'Alsatia III' 9-max Seat #7 is the button
Seat 1: Alameda22 ($24.30 in chips) 
Seat 2: Albarab ($40.60 in chips) 
Seat 3: Wiatr ($29.45 in chips) 
Seat 4: MAGICCV24 ($12.90 in chips) 
Seat 5: MKLOVN ($39.55 in chips) 
Seat 7: hman1975 ($24.75 in chips) 
Seat 9: candeee ($44.35 in chips) 
candeee: posts small blind $0.10
Alameda22: posts big blind $0.25
*** HOLE CARDS ***
Dealt to Alameda22 [6h Ts]
leblanc7777 has returned
Dogan2011 leaves the table
Albarab: folds 
Wiatr: folds 
MAGICCV24: folds 
gbipka joins the table at seat #6 
MKLOVN: calls $0.25
hman1975: folds 
candeee: folds 
Alameda22: checks 
*** FLOP *** [7d 4s Th]
leblanc7777 leaves the table
Alameda22: checks 
wezvidzz joins the table at seat #8 
MKLOVN: bets $0.50
Alameda22: folds 
Uncalled bet ($0.50) returned to MKLOVN
MKLOVN collected $0.60 from pot
MKLOVN: doesn't show hand 
*** SUMMARY ***
Total pot $0.60 | Rake $0 
Board [7d 4s Th]
Seat 1: Alameda22 (big blind) folded on the Flop
Seat 2: Albarab folded before Flop (didn't bet)
Seat 3: Wiatr folded before Flop (didn't bet)
Seat 4: MAGICCV24 folded before Flop (didn't bet)
Seat 5: MKLOVN collected ($0.60)
Seat 7: hman1975 (button) folded before Flop (didn't bet)
Seat 9: candeee (small blind) folded before Flop



PokerStars Game #20098777181:  Hold'em No Limit ($0.10/$0.25) - 2008/09/02 17:30:22 ET
Table 'Alsatia III' 9-max Seat #9 is the button
Seat 1: Alameda22 ($24.05 in chips) 
Seat 2: Albarab ($40.60 in chips) 
Seat 3: Wiatr ($29.45 in chips) 
Seat 4: MAGICCV24 ($12.90 in chips) 
Seat 5: MKLOVN ($39.90 in chips) 
Seat 7: hman1975 ($24.75 in chips) 
Seat 9: candeee ($44.25 in chips) 
Alameda22: posts small blind $0.10
Albarab: posts big blind $0.25
gbipka: sits out 
wezvidzz: sits out 
*** HOLE CARDS ***
Dealt to Alameda22 [Jh 7c]
Wiatr: folds 
MAGICCV24: folds 
MKLOVN: folds 
hman1975: raises $0.75 to $1
candeee: folds 
Alameda22: folds 
Albarab: folds 
Uncalled bet ($0.75) returned to hman1975
hman1975 collected $0.60 from pot
hman1975: doesn't show hand 
*** SUMMARY ***
Total pot $0.60 | Rake $0 
Seat 1: Alameda22 (small blind) folded before Flop
Seat 2: Albarab (big blind) folded before Flop
Seat 3: Wiatr folded before Flop (didn't bet)
Seat 4: MAGICCV24 folded before Flop (didn't bet)
Seat 5: MKLOVN folded before Flop (didn't bet)
Seat 7: hman1975 collected ($0.60)
Seat 9: candeee (button) folded before Flop (didn't bet)



PokerStars Game #20098792210:  Hold'em No Limit ($0.10/$0.25) - 2008/09/02 17:30:59 ET
Table 'Alsatia III' 9-max Seat #1 is the button
Seat 1: Alameda22 ($23.95 in chips) 
Seat 2: Albarab ($40.35 in chips) 
Seat 3: Wiatr ($29.45 in chips) 
Seat 4: MAGICCV24 ($12.90 in chips) 
Seat 5: MKLOVN ($39.90 in chips) 
Seat 7: hman1975 ($25.10 in chips) 
Seat 9: candeee ($44.25 in chips) 
Albarab: posts small blind $0.10
Wiatr: posts big blind $0.25
gbipka: sits out 
wezvidzz: sits out 
*** HOLE CARDS ***
Dealt to Alameda22 [As 2s]
MAGICCV24: folds 
MKLOVN: calls $0.25
hman1975: folds 
candeee: folds 
Alameda22: folds 
Albarab: calls $0.15
Wiatr: checks 
*** FLOP *** [4s 6c 3h]
Albarab: bets $0.50
Wiatr: folds 
MKLOVN: calls $0.50
*** TURN *** [4s 6c 3h] [8c]
Albarab: bets $1.25
Wiatr is sitting out
MKLOVN: folds 
Uncalled bet ($1.25) returned to Albarab
Albarab collected $1.70 from pot
Albarab: doesn't show hand 
*** SUMMARY ***
Total pot $1.75 | Rake $0.05 
Board [4s 6c 3h 8c]
Seat 1: Alameda22 (button) folded before Flop (didn't bet)
Seat 2: Albarab (small blind) collected ($1.70)
Seat 3: Wiatr (big blind) folded on the Flop
Seat 4: MAGICCV24 folded before Flop (didn't bet)
Seat 5: MKLOVN folded on the Turn
Seat 7: hman1975 folded before Flop (didn't bet)
Seat 9: candeee folded before Flop (didn't bet)



PokerStars Game #20098823178:  Hold'em No Limit ($0.10/$0.25) - 2008/09/02 17:32:10 ET
Table 'Alsatia III' 9-max Seat #2 is the button
Seat 1: Alameda22 ($23.95 in chips) 
Seat 2: Albarab ($41.30 in chips) 
Seat 4: MAGICCV24 ($12.90 in chips) 
Seat 5: MKLOVN ($39.15 in chips) 
Seat 7: hman1975 ($25.10 in chips) 
Seat 9: candeee ($44.25 in chips) 
MAGICCV24: posts small blind $0.10
MKLOVN: posts big blind $0.25
gbipka: sits out 
wezvidzz: sits out 
*** HOLE CARDS ***
Dealt to Alameda22 [6h Ah]
hman1975: folds 
candeee: folds 
Wiatr leaves the table
Alameda22: folds 
Albarab: folds 
mrHat2 joins the table at seat #3 
MAGICCV24: folds 
Uncalled bet ($0.15) returned to MKLOVN
MKLOVN collected $0.20 from pot
MKLOVN: doesn't show hand 
*** SUMMARY ***
Total pot $0.20 | Rake $0 
Seat 1: Alameda22 folded before Flop (didn't bet)
Seat 2: Albarab (button) folded before Flop (didn't bet)
Seat 4: MAGICCV24 (small blind) folded before Flop
Seat 5: MKLOVN (big blind) collected ($0.20)
Seat 7: hman1975 folded before Flop (didn't bet)
Seat 9: candeee folded before Flop (didn't bet)



PokerStars Game #20098839329:  Hold'em No Limit ($0.10/$0.25) - 2008/09/02 17:32:48 ET
Table 'Alsatia III' 9-max Seat #4 is the button
Seat 1: Alameda22 ($23.95 in chips) 
Seat 2: Albarab ($41.30 in chips) 
Seat 4: MAGICCV24 ($12.80 in chips) 
Seat 5: MKLOVN ($39.25 in chips) 
Seat 6: gbipka ($5 in chips) 
Seat 7: hman1975 ($25.10 in chips) 
Seat 9: candeee ($44.25 in chips) 
MKLOVN: posts small blind $0.10
gbipka: posts big blind $0.25
wezvidzz: sits out 
mrHat2: sits out 
*** HOLE CARDS ***
Dealt to Alameda22 [Jd Ts]
hman1975: folds 
candeee: folds 
Alameda22: folds 
Albarab: folds 
MAGICCV24: raises $0.75 to $1
MKLOVN: calls $0.90
gbipka: folds 
*** FLOP *** [8c 8h Kc]
MKLOVN: bets $1.25
MAGICCV24: raises $1.25 to $2.50
MKLOVN: calls $1.25
*** TURN *** [8c 8h Kc] [5c]
MKLOVN: checks 
MAGICCV24: bets $1
MKLOVN: calls $1
*** RIVER *** [8c 8h Kc 5c] [3s]
MKLOVN: checks 
MAGICCV24: checks 
*** SHOW DOWN ***
MKLOVN: shows [9c Qc] (a flush, King high)
MAGICCV24: mucks hand 
MKLOVN collected $8.85 from pot
*** SUMMARY ***
Total pot $9.25 | Rake $0.40 
Board [8c 8h Kc 5c 3s]
Seat 1: Alameda22 folded before Flop (didn't bet)
Seat 2: Albarab folded before Flop (didn't bet)
Seat 4: MAGICCV24 (button) mucked [8s As]
Seat 5: MKLOVN (small blind) showed [9c Qc] and won ($8.85) with a flush, King high
Seat 6: gbipka (big blind) folded before Flop
Seat 7: hman1975 folded before Flop (didn't bet)
Seat 9: candeee folded before Flop (didn't bet)



PokerStars Game #20098900497:  Hold'em No Limit ($0.10/$0.25) - 2008/09/02 17:35:11 ET
Table 'Alsatia III' 9-max Seat #5 is the button
Seat 1: Alameda22 ($23.95 in chips) 
Seat 2: Albarab ($41.30 in chips) 
Seat 4: MAGICCV24 ($8.30 in chips) 
Seat 5: MKLOVN ($43.60 in chips) 
Seat 6: gbipka ($4.75 in chips) 
Seat 7: hman1975 ($25.10 in chips) 
Seat 9: candeee ($44.25 in chips) 
gbipka: posts small blind $0.10
hman1975: posts big blind $0.25
wezvidzz: sits out 
mrHat2: sits out 
*** HOLE CARDS ***
Dealt to Alameda22 [Js 9c]
candeee: folds 
Alameda22: folds 
Albarab: folds 
MAGICCV24: calls $0.25
MKLOVN: calls $0.25
gbipka: raises $1.25 to $1.50
hman1975: folds 
MAGICCV24: calls $1.25
MKLOVN: folds 
*** FLOP *** [Ts 7c 5c]
gbipka: bets $1.50
MKLOVN leaves the table
MAGICCV24: raises $5.30 to $6.80 and is all-in
Eremkin joins the table at seat #5 
gbipka: calls $1.75 and is all-in
Uncalled bet ($3.55) returned to MAGICCV24
*** TURN *** [Ts 7c 5c] [7d]
*** RIVER *** [Ts 7c 5c 7d] [8d]
*** SHOW DOWN ***
gbipka: shows [Jh Ac] (a pair of Sevens)
MAGICCV24: shows [5d 5s] (a full house, Fives full of Sevens)
MAGICCV24 collected $9.55 from pot
*** SUMMARY ***
Total pot $10 | Rake $0.45 
Board [Ts 7c 5c 7d 8d]
Seat 1: Alameda22 folded before Flop (didn't bet)
Seat 2: Albarab folded before Flop (didn't bet)
Seat 4: MAGICCV24 showed [5d 5s] and won ($9.55) with a full house, Fives full of Sevens
Seat 5: MKLOVN (button) folded before Flop
Seat 6: gbipka (small blind) showed [Jh Ac] and lost with a pair of Sevens
Seat 7: hman1975 (big blind) folded before Flop
Seat 9: candeee folded before Flop (didn't bet)



PokerStars Game #20098938967:  Hold'em No Limit ($0.10/$0.25) - 2008/09/02 17:36:43 ET
Table 'Alsatia III' 9-max Seat #6 is the button
Seat 1: Alameda22 ($23.95 in chips) 
Seat 2: Albarab ($41.30 in chips) 
Seat 4: MAGICCV24 ($13.10 in chips) 
Seat 6: gbipka ($5 in chips) 
Seat 7: hman1975 ($24.85 in chips) 
Seat 8: wezvidzz ($12 in chips) 
Seat 9: candeee ($44.25 in chips) 
hman1975: posts small blind $0.10
wezvidzz: posts big blind $0.25
mrHat2: sits out 
Eremkin: sits out 
*** HOLE CARDS ***
Dealt to Alameda22 [7s Kd]
candeee: folds 
Alameda22: folds 
Albarab: folds 
MAGICCV24: folds 
gbipka: folds 
hman1975: raises $0.75 to $1
wezvidzz: folds 
Uncalled bet ($0.75) returned to hman1975
hman1975 collected $0.50 from pot
hman1975: doesn't show hand 
*** SUMMARY ***
Total pot $0.50 | Rake $0 
Seat 1: Alameda22 folded before Flop (didn't bet)
Seat 2: Albarab folded before Flop (didn't bet)
Seat 4: MAGICCV24 folded before Flop (didn't bet)
Seat 6: gbipka (button) folded before Flop (didn't bet)
Seat 7: hman1975 (small blind) collected ($0.50)
Seat 8: wezvidzz (big blind) folded before Flop
Seat 9: candeee folded before Flop (didn't bet)



PokerStars Game #20098957747:  Hold'em No Limit ($0.10/$0.25) - 2008/09/02 17:37:27 ET
Table 'Alsatia III' 9-max Seat #7 is the button
Seat 1: Alameda22 ($23.95 in chips) 
Seat 2: Albarab ($41.30 in chips) 
Seat 4: MAGICCV24 ($13.10 in chips) 
Seat 6: gbipka ($5 in chips) 
Seat 7: hman1975 ($25.10 in chips) 
Seat 8: wezvidzz ($11.75 in chips) 
Seat 9: candeee ($44.25 in chips) 
wezvidzz: posts small blind $0.10
candeee: posts big blind $0.25
mrHat2: sits out 
Eremkin: sits out 
*** HOLE CARDS ***
Dealt to Alameda22 [Qd 6h]
Alameda22: folds 
Albarab: raises $0.75 to $1
MAGICCV24: folds 
gbipka: folds 
hman1975: folds 
wezvidzz: folds 
candeee: folds 
Uncalled bet ($0.75) returned to Albarab
Albarab collected $0.60 from pot
Albarab: doesn't show hand 
*** SUMMARY ***
Total pot $0.60 | Rake $0 
Seat 1: Alameda22 folded before Flop (didn't bet)
Seat 2: Albarab collected ($0.60)
Seat 4: MAGICCV24 folded before Flop (didn't bet)
Seat 6: gbipka folded before Flop (didn't bet)
Seat 7: hman1975 (button) folded before Flop (didn't bet)
Seat 8: wezvidzz (small blind) folded before Flop
Seat 9: candeee (big blind) folded before Flop



PokerStars Game #20098980716:  Hold'em No Limit ($0.10/$0.25) - 2008/09/02 17:38:22 ET
Table 'Alsatia III' 9-max Seat #8 is the button
Seat 1: Alameda22 ($23.95 in chips) 
Seat 2: Albarab ($41.65 in chips) 
Seat 4: MAGICCV24 ($13.10 in chips) 
Seat 6: gbipka ($5 in chips) 
Seat 7: hman1975 ($25.10 in chips) 
Seat 8: wezvidzz ($11.65 in chips) 
Seat 9: candeee ($44 in chips) 
candeee: posts small blind $0.10
Alameda22: posts big blind $0.25
mrHat2: sits out 
Eremkin: sits out 
*** HOLE CARDS ***
Dealt to Alameda22 [4h 9h]
Albarab: folds 
MAGICCV24: folds 
gbipka: folds 
hman1975: raises $0.75 to $1
wezvidzz: folds 
candeee: folds 
Alameda22: folds 
Uncalled bet ($0.75) returned to hman1975
hman1975 collected $0.60 from pot
hman1975: doesn't show hand 
*** SUMMARY ***
Total pot $0.60 | Rake $0 
Seat 1: Alameda22 (big blind) folded before Flop
Seat 2: Albarab folded before Flop (didn't bet)
Seat 4: MAGICCV24 folded before Flop (didn't bet)
Seat 6: gbipka folded before Flop (didn't bet)
Seat 7: hman1975 collected ($0.60)
Seat 8: wezvidzz (button) folded before Flop (didn't bet)
Seat 9: candeee (small blind) folded before Flop



PokerStars Game #20098993137:  Hold'em No Limit ($0.10/$0.25) - 2008/09/02 17:38:51 ET
Table 'Alsatia III' 9-max Seat #9 is the button
Seat 1: Alameda22 ($23.70 in chips) 
Seat 2: Albarab ($41.65 in chips) 
Seat 4: MAGICCV24 ($13.10 in chips) 
Seat 6: gbipka ($5 in chips) 
Seat 7: hman1975 ($25.45 in chips) 
Seat 8: wezvidzz ($11.65 in chips) 
Seat 9: candeee ($43.90 in chips) 
Alameda22: posts small blind $0.10
Albarab: posts big blind $0.25
mrHat2: sits out 
Eremkin: sits out 
*** HOLE CARDS ***
Dealt to Alameda22 [Qc 9c]
MAGICCV24: folds 
gbipka: folds 
hman1975: folds 
wezvidzz: folds 
candeee: folds 
Alameda22: folds 
Uncalled bet ($0.15) returned to Albarab
Albarab collected $0.20 from pot
Albarab: doesn't show hand 
*** SUMMARY ***
Total pot $0.20 | Rake $0 
Seat 1: Alameda22 (small blind) folded before Flop
Seat 2: Albarab (big blind) collected ($0.20)
Seat 4: MAGICCV24 folded before Flop (didn't bet)
Seat 6: gbipka folded before Flop (didn't bet)
Seat 7: hman1975 folded before Flop (didn't bet)
Seat 8: wezvidzz folded before Flop (didn't bet)
Seat 9: candeee (button) folded before Flop (didn't bet)



PokerStars Game #20099006625:  Hold'em No Limit ($0.10/$0.25) - 2008/09/02 17:39:23 ET
Table 'Alsatia III' 9-max Seat #1 is the button
Seat 1: Alameda22 ($23.60 in chips) 
Seat 2: Albarab ($41.75 in chips) 
Seat 3: mrHat2 ($5.35 in chips) 
Seat 4: MAGICCV24 ($13.10 in chips) 
Seat 6: gbipka ($5 in chips) 
Seat 7: hman1975 ($25.45 in chips) 
Seat 8: wezvidzz ($11.65 in chips) 
Seat 9: candeee ($43.90 in chips) 
Albarab: posts small blind $0.10
mrHat2: posts big blind $0.25
Eremkin: sits out 
*** HOLE CARDS ***
Dealt to Alameda22 [5c Ks]
MAGICCV24: folds 
gbipka: folds 
hman1975: folds 
wezvidzz: raises $0.75 to $1
candeee: folds 
Alameda22: folds 
Albarab: folds 
mrHat2: folds 
Uncalled bet ($0.75) returned to wezvidzz
wezvidzz collected $0.60 from pot
wezvidzz: doesn't show hand 
*** SUMMARY ***
Total pot $0.60 | Rake $0 
Seat 1: Alameda22 (button) folded before Flop (didn't bet)
Seat 2: Albarab (small blind) folded before Flop
Seat 3: mrHat2 (big blind) folded before Flop
Seat 4: MAGICCV24 folded before Flop (didn't bet)
Seat 6: gbipka folded before Flop (didn't bet)
Seat 7: hman1975 folded before Flop (didn't bet)
Seat 8: wezvidzz collected ($0.60)
Seat 9: candeee folded before Flop (didn't bet)



PokerStars Game #20099027661:  Hold'em No Limit ($0.10/$0.25) - 2008/09/02 17:40:14 ET
Table 'Alsatia III' 9-max Seat #2 is the button
Seat 1: Alameda22 ($23.60 in chips) 
Seat 2: Albarab ($41.65 in chips) 
Seat 3: mrHat2 ($5.10 in chips) 
Seat 4: MAGICCV24 ($13.10 in chips) 
Seat 6: gbipka ($5 in chips) 
Seat 7: hman1975 ($25.45 in chips) 
Seat 8: wezvidzz ($12 in chips) 
Seat 9: candeee ($43.90 in chips) 
mrHat2: posts small blind $0.10
MAGICCV24: posts big blind $0.25
Eremkin: sits out 
*** HOLE CARDS ***
Dealt to Alameda22 [Jh As]
gbipka: folds 
hman1975: folds 
wezvidzz: raises $0.75 to $1
candeee: folds 
Alameda22: folds 
Albarab: folds 
mrHat2: folds 
MAGICCV24: folds 
Uncalled bet ($0.75) returned to wezvidzz
wezvidzz collected $0.60 from pot
wezvidzz: doesn't show hand 
*** SUMMARY ***
Total pot $0.60 | Rake $0 
Seat 1: Alameda22 folded before Flop (didn't bet)
Seat 2: Albarab (button) folded before Flop (didn't bet)
Seat 3: mrHat2 (small blind) folded before Flop
Seat 4: MAGICCV24 (big blind) folded before Flop
Seat 6: gbipka folded before Flop (didn't bet)
Seat 7: hman1975 folded before Flop (didn't bet)
Seat 8: wezvidzz collected ($0.60)
Seat 9: candeee folded before Flop (didn't bet)



PokerStars Game #20099048828:  Hold'em No Limit ($0.10/$0.25) - 2008/09/02 17:41:04 ET
Table 'Alsatia III' 9-max Seat #3 is the button
Seat 1: Alameda22 ($23.60 in chips) 
Seat 2: Albarab ($41.65 in chips) 
Seat 3: mrHat2 ($5 in chips) 
Seat 4: MAGICCV24 ($12.85 in chips) 
Seat 5: Eremkin ($5 in chips) 
Seat 6: gbipka ($5 in chips) 
Seat 7: hman1975 ($25.45 in chips) 
Seat 8: wezvidzz ($12.35 in chips) 
Seat 9: candeee ($43.90 in chips) 
MAGICCV24: posts small blind $0.10
Eremkin: posts big blind $0.25
*** HOLE CARDS ***
Dealt to Alameda22 [6c 5h]
gbipka: folds 
hman1975: folds 
wezvidzz: folds 
candeee: folds 
Alameda22: folds 
Albarab: raises $0.75 to $1
mrHat2: folds 
MAGICCV24: folds 
Eremkin: folds 
Uncalled bet ($0.75) returned to Albarab
Albarab collected $0.60 from pot
Albarab: doesn't show hand 
*** SUMMARY ***
Total pot $0.60 | Rake $0 
Seat 1: Alameda22 folded before Flop (didn't bet)
Seat 2: Albarab collected ($0.60)
Seat 3: mrHat2 (button) folded before Flop (didn't bet)
Seat 4: MAGICCV24 (small blind) folded before Flop
Seat 5: Eremkin (big blind) folded before Flop
Seat 6: gbipka folded before Flop (didn't bet)
Seat 7: hman1975 folded before Flop (didn't bet)
Seat 8: wezvidzz folded before Flop (didn't bet)
Seat 9: candeee folded before Flop (didn't bet)



PokerStars Game #20099075756:  Hold'em No Limit ($0.10/$0.25) - 2008/09/02 17:42:08 ET
Table 'Alsatia III' 9-max Seat #4 is the button
Seat 1: Alameda22 ($23.60 in chips) 
Seat 2: Albarab ($42 in chips) 
Seat 3: mrHat2 ($5 in chips) 
Seat 4: MAGICCV24 ($12.75 in chips) 
Seat 5: Eremkin ($4.75 in chips) 
Seat 6: gbipka ($5 in chips) 
Seat 7: hman1975 ($25.45 in chips) 
Seat 8: wezvidzz ($12.35 in chips) 
Seat 9: candeee ($43.90 in chips) 
Eremkin: posts small blind $0.10
gbipka: posts big blind $0.25
*** HOLE CARDS ***
Dealt to Alameda22 [Qd Ac]
hman1975: folds 
wezvidzz: folds 
candeee: folds 
Alameda22: raises $0.75 to $1
Albarab: folds 
mrHat2: folds 
MAGICCV24: folds 
Eremkin: folds 
gbipka: folds 
Uncalled bet ($0.75) returned to Alameda22
Alameda22 collected $0.60 from pot
Alameda22: doesn't show hand 
*** SUMMARY ***
Total pot $0.60 | Rake $0 
Seat 1: Alameda22 collected ($0.60)
Seat 2: Albarab folded before Flop (didn't bet)
Seat 3: mrHat2 folded before Flop (didn't bet)
Seat 4: MAGICCV24 (button) folded before Flop (didn't bet)
Seat 5: Eremkin (small blind) folded before Flop
Seat 6: gbipka (big blind) folded before Flop
Seat 7: hman1975 folded before Flop (didn't bet)
Seat 8: wezvidzz folded before Flop (didn't bet)
Seat 9: candeee folded before Flop (didn't bet)



PokerStars Game #20099100112:  Hold'em No Limit ($0.10/$0.25) - 2008/09/02 17:43:05 ET
Table 'Alsatia III' 9-max Seat #5 is the button
Seat 1: Alameda22 ($23.95 in chips) 
Seat 2: Albarab ($42 in chips) 
Seat 3: mrHat2 ($5 in chips) 
Seat 4: MAGICCV24 ($12.75 in chips) 
Seat 5: Eremkin ($4.65 in chips) 
Seat 6: gbipka ($4.75 in chips) 
Seat 7: hman1975 ($25.45 in chips) 
Seat 8: wezvidzz ($12.35 in chips) 
Seat 9: candeee ($43.90 in chips) 
gbipka: posts small blind $0.10
hman1975: posts big blind $0.25
*** HOLE CARDS ***
Dealt to Alameda22 [Jd Ac]
wezvidzz: folds 
candeee: folds 
Alameda22: folds 
Albarab: folds 
mrHat2: folds 
MAGICCV24: folds 
Eremkin: folds 
gbipka: folds 
Uncalled bet ($0.15) returned to hman1975
hman1975 collected $0.20 from pot
hman1975: doesn't show hand 
*** SUMMARY ***
Total pot $0.20 | Rake $0 
Seat 1: Alameda22 folded before Flop (didn't bet)
Seat 2: Albarab folded before Flop (didn't bet)
Seat 3: mrHat2 folded before Flop (didn't bet)
Seat 4: MAGICCV24 folded before Flop (didn't bet)
Seat 5: Eremkin (button) folded before Flop (didn't bet)
Seat 6: gbipka (small blind) folded before Flop
Seat 7: hman1975 (big blind) collected ($0.20)
Seat 8: wezvidzz folded before Flop (didn't bet)
Seat 9: candeee folded before Flop (didn't bet)



PokerStars Game #20099115940:  Hold'em No Limit ($0.10/$0.25) - 2008/09/02 17:43:43 ET
Table 'Alsatia III' 9-max Seat #6 is the button
Seat 1: Alameda22 ($23.95 in chips) 
Seat 2: Albarab ($42 in chips) 
Seat 3: mrHat2 ($5 in chips) 
Seat 4: MAGICCV24 ($12.75 in chips) 
Seat 5: Eremkin ($4.65 in chips) 
Seat 6: gbipka ($4.65 in chips) 
Seat 7: hman1975 ($25.55 in chips) 
Seat 8: wezvidzz ($12.35 in chips) 
Seat 9: candeee ($43.90 in chips) 
hman1975: posts small blind $0.10
wezvidzz: posts big blind $0.25
*** HOLE CARDS ***
Dealt to Alameda22 [Qs 7d]
candeee: folds 
candeee leaves the table
Alameda22: folds 
Albarab: folds 
mrHat2: folds 
MAGICCV24: folds 
mikewiz32 joins the table at seat #9 
Eremkin: folds 
gbipka: folds 
hman1975: folds 
Uncalled bet ($0.15) returned to wezvidzz
wezvidzz collected $0.20 from pot
wezvidzz: doesn't show hand 
*** SUMMARY ***
Total pot $0.20 | Rake $0 
Seat 1: Alameda22 folded before Flop (didn't bet)
Seat 2: Albarab folded before Flop (didn't bet)
Seat 3: mrHat2 folded before Flop (didn't bet)
Seat 4: MAGICCV24 folded before Flop (didn't bet)
Seat 5: Eremkin folded before Flop (didn't bet)
Seat 6: gbipka (button) folded before Flop (didn't bet)
Seat 7: hman1975 (small blind) folded before Flop
Seat 8: wezvidzz (big blind) collected ($0.20)
Seat 9: candeee folded before Flop (didn't bet)



PokerStars Game #20099130540:  Hold'em No Limit ($0.10/$0.25) - 2008/09/02 17:44:18 ET
Table 'Alsatia III' 9-max Seat #7 is the button
Seat 1: Alameda22 ($23.95 in chips) 
Seat 2: Albarab ($42 in chips) 
Seat 3: mrHat2 ($5 in chips) 
Seat 4: MAGICCV24 ($12.75 in chips) 
Seat 5: Eremkin ($4.65 in chips) 
Seat 6: gbipka ($4.65 in chips) 
Seat 7: hman1975 ($25.45 in chips) 
Seat 8: wezvidzz ($12.45 in chips) 
Seat 9: mikewiz32 ($25 in chips) 
wezvidzz: posts small blind $0.10
mikewiz32: posts big blind $0.25
*** HOLE CARDS ***
Dealt to Alameda22 [Qc Ad]
Alameda22: folds 
Albarab: folds 
mrHat2: folds 
MAGICCV24: folds 
Eremkin: folds 
gbipka: folds 
hman1975: raises $0.75 to $1
wezvidzz: folds 
mikewiz32: folds 
Uncalled bet ($0.75) returned to hman1975
hman1975 collected $0.60 from pot
hman1975: doesn't show hand 
*** SUMMARY ***
Total pot $0.60 | Rake $0 
Seat 1: Alameda22 folded before Flop (didn't bet)
Seat 2: Albarab folded before Flop (didn't bet)
Seat 3: mrHat2 folded before Flop (didn't bet)
Seat 4: MAGICCV24 folded before Flop (didn't bet)
Seat 5: Eremkin folded before Flop (didn't bet)
Seat 6: gbipka folded before Flop (didn't bet)
Seat 7: hman1975 (button) collected ($0.60)
Seat 8: wezvidzz (small blind) folded before Flop
Seat 9: mikewiz32 (big blind) folded before Flop



PokerStars Game #20099146411:  Hold'em No Limit ($0.10/$0.25) - 2008/09/02 17:44:56 ET
Table 'Alsatia III' 9-max Seat #8 is the button
Seat 1: Alameda22 ($23.95 in chips) 
Seat 2: Albarab ($42 in chips) 
Seat 3: mrHat2 ($5 in chips) 
Seat 4: MAGICCV24 ($12.75 in chips) 
Seat 5: Eremkin ($4.65 in chips) 
Seat 6: gbipka ($4.65 in chips) 
Seat 7: hman1975 ($25.80 in chips) 
Seat 8: wezvidzz ($12.35 in chips) 
Seat 9: mikewiz32 ($24.75 in chips) 
mikewiz32: posts small blind $0.10
Alameda22: posts big blind $0.25
*** HOLE CARDS ***
Dealt to Alameda22 [9s 5d]
Albarab: calls $0.25
mrHat2: folds 
MAGICCV24: folds 
Eremkin: folds 
gbipka: folds 
hman1975: folds 
wezvidzz: calls $0.25
mikewiz32: folds 
Alameda22: checks 
*** FLOP *** [7d 6s 2c]
Alameda22: checks 
Albarab: bets $0.50
wezvidzz: folds 
Alameda22: folds 
Uncalled bet ($0.50) returned to Albarab
Albarab collected $0.85 from pot
Albarab: doesn't show hand 
*** SUMMARY ***
Total pot $0.85 | Rake $0 
Board [7d 6s 2c]
Seat 1: Alameda22 (big blind) folded on the Flop
Seat 2: Albarab collected ($0.85)
Seat 3: mrHat2 folded before Flop (didn't bet)
Seat 4: MAGICCV24 folded before Flop (didn't bet)
Seat 5: Eremkin folded before Flop (didn't bet)
Seat 6: gbipka folded before Flop (didn't bet)
Seat 7: hman1975 folded before Flop (didn't bet)
Seat 8: wezvidzz (button) folded on the Flop
Seat 9: mikewiz32 (small blind) folded before Flop



PokerStars Game #20099177383:  Hold'em No Limit ($0.10/$0.25) - 2008/09/02 17:46:10 ET
Table 'Alsatia III' 9-max Seat #9 is the button
Seat 1: Alameda22 ($23.70 in chips) 
Seat 2: Albarab ($42.60 in chips) 
Seat 3: mrHat2 ($5 in chips) 
Seat 4: MAGICCV24 ($12.75 in chips) 
Seat 5: Eremkin ($4.65 in chips) 
Seat 6: gbipka ($4.65 in chips) 
Seat 7: hman1975 ($25.80 in chips) 
Seat 8: wezvidzz ($12.10 in chips) 
Seat 9: mikewiz32 ($24.65 in chips) 
Alameda22: posts small blind $0.10
Albarab: posts big blind $0.25
*** HOLE CARDS ***
Dealt to Alameda22 [6s Js]
mrHat2: folds 
MAGICCV24: folds 
Eremkin: calls $0.25
gbipka: folds 
hman1975: folds 
wezvidzz: folds 
mikewiz32: folds 
Alameda22: folds 
Albarab: checks 
*** FLOP *** [9c 9d 9s]
Albarab: checks 
Eremkin: checks 
*** TURN *** [9c 9d 9s] [As]
Albarab: checks 
Eremkin: bets $0.25
Albarab: folds 
Uncalled bet ($0.25) returned to Eremkin
Eremkin collected $0.60 from pot
Eremkin: doesn't show hand 
*** SUMMARY ***
Total pot $0.60 | Rake $0 
Board [9c 9d 9s As]
Seat 1: Alameda22 (small blind) folded before Flop
Seat 2: Albarab (big blind) folded on the Turn
Seat 3: mrHat2 folded before Flop (didn't bet)
Seat 4: MAGICCV24 folded before Flop (didn't bet)
Seat 5: Eremkin collected ($0.60)
Seat 6: gbipka folded before Flop (didn't bet)
Seat 7: hman1975 folded before Flop (didn't bet)
Seat 8: wezvidzz folded before Flop (didn't bet)
Seat 9: mikewiz32 (button) folded before Flop (didn't bet)



PokerStars Game #20099206229:  Hold'em No Limit ($0.10/$0.25) - 2008/09/02 17:47:19 ET
Table 'Alsatia III' 9-max Seat #1 is the button
Seat 1: Alameda22 ($23.60 in chips) 
Seat 2: Albarab ($42.35 in chips) 
Seat 3: mrHat2 ($5 in chips) 
Seat 4: MAGICCV24 ($12.75 in chips) 
Seat 5: Eremkin ($5 in chips) 
Seat 6: gbipka ($4.65 in chips) 
Seat 7: hman1975 ($25.80 in chips) 
Seat 8: wezvidzz ($12.10 in chips) 
Seat 9: mikewiz32 ($24.65 in chips) 
Albarab: posts small blind $0.10
mrHat2: posts big blind $0.25
*** HOLE CARDS ***
Dealt to Alameda22 [9s 6c]
MAGICCV24: folds 
Eremkin: folds 
gbipka: folds 
hman1975: folds 
wezvidzz: folds 
mikewiz32: folds 
Alameda22: folds 
Albarab: folds 
Uncalled bet ($0.15) returned to mrHat2
mrHat2 collected $0.20 from pot
mrHat2: doesn't show hand 
*** SUMMARY ***
Total pot $0.20 | Rake $0 
Seat 1: Alameda22 (button) folded before Flop (didn't bet)
Seat 2: Albarab (small blind) folded before Flop
Seat 3: mrHat2 (big blind) collected ($0.20)
Seat 4: MAGICCV24 folded before Flop (didn't bet)
Seat 5: Eremkin folded before Flop (didn't bet)
Seat 6: gbipka folded before Flop (didn't bet)
Seat 7: hman1975 folded before Flop (didn't bet)
Seat 8: wezvidzz folded before Flop (didn't bet)
Seat 9: mikewiz32 folded before Flop (didn't bet)



PokerStars Game #20099228436:  Hold'em No Limit ($0.10/$0.25) - 2008/09/02 17:48:13 ET
Table 'Alsatia III' 9-max Seat #2 is the button
Seat 1: Alameda22 ($23.60 in chips) 
Seat 2: Albarab ($42.25 in chips) 
Seat 3: mrHat2 ($5.10 in chips) 
Seat 4: MAGICCV24 ($12.75 in chips) 
Seat 5: Eremkin ($5 in chips) 
Seat 6: gbipka ($4.65 in chips) 
Seat 7: hman1975 ($25.80 in chips) 
Seat 8: wezvidzz ($12.10 in chips) 
Seat 9: mikewiz32 ($24.65 in chips) 
mrHat2: posts small blind $0.10
MAGICCV24: posts big blind $0.25
*** HOLE CARDS ***
Dealt to Alameda22 [3h 5s]
Eremkin: folds 
gbipka: calls $0.25
hman1975: raises $1 to $1.25
wezvidzz: folds 
mikewiz32: folds 
Alameda22: folds 
Albarab: folds 
mrHat2: folds 
MAGICCV24: folds 
gbipka: folds 
Uncalled bet ($1) returned to hman1975
hman1975 collected $0.85 from pot
hman1975: doesn't show hand 
*** SUMMARY ***
Total pot $0.85 | Rake $0 
Seat 1: Alameda22 folded before Flop (didn't bet)
Seat 2: Albarab (button) folded before Flop (didn't bet)
Seat 3: mrHat2 (small blind) folded before Flop
Seat 4: MAGICCV24 (big blind) folded before Flop
Seat 5: Eremkin folded before Flop (didn't bet)
Seat 6: gbipka folded before Flop
Seat 7: hman1975 collected ($0.85)
Seat 8: wezvidzz folded before Flop (didn't bet)
Seat 9: mikewiz32 folded before Flop (didn't bet)



PokerStars Game #20099249851:  Hold'em No Limit ($0.10/$0.25) - 2008/09/02 17:49:04 ET
Table 'Alsatia III' 9-max Seat #3 is the button
Seat 1: Alameda22 ($23.60 in chips) 
Seat 2: Albarab ($42.25 in chips) 
Seat 3: mrHat2 ($5 in chips) 
Seat 4: MAGICCV24 ($12.50 in chips) 
Seat 5: Eremkin ($5 in chips) 
Seat 6: gbipka ($4.40 in chips) 
Seat 7: hman1975 ($26.40 in chips) 
Seat 8: wezvidzz ($12.10 in chips) 
Seat 9: mikewiz32 ($24.65 in chips) 
MAGICCV24: posts small blind $0.10
Eremkin: posts big blind $0.25
*** HOLE CARDS ***
Dealt to Alameda22 [8d 8s]
gbipka: folds 
hman1975: folds 
wezvidzz: folds 
mikewiz32: folds 
Alameda22: folds 
Albarab: folds 
mrHat2: folds 
MAGICCV24: folds 
Uncalled bet ($0.15) returned to Eremkin
Eremkin collected $0.20 from pot
Eremkin: doesn't show hand 
*** SUMMARY ***
Total pot $0.20 | Rake $0 
Seat 1: Alameda22 folded before Flop (didn't bet)
Seat 2: Albarab folded before Flop (didn't bet)
Seat 3: mrHat2 (button) folded before Flop (didn't bet)
Seat 4: MAGICCV24 (small blind) folded before Flop
Seat 5: Eremkin (big blind) collected ($0.20)
Seat 6: gbipka folded before Flop (didn't bet)
Seat 7: hman1975 folded before Flop (didn't bet)
Seat 8: wezvidzz folded before Flop (didn't bet)
Seat 9: mikewiz32 folded before Flop (didn't bet)



PokerStars Game #20099262480:  Hold'em No Limit ($0.10/$0.25) - 2008/09/02 17:49:35 ET
Table 'Alsatia III' 9-max Seat #4 is the button
Seat 1: Alameda22 ($23.60 in chips) 
Seat 2: Albarab ($42.25 in chips) 
Seat 3: mrHat2 ($5 in chips) 
Seat 4: MAGICCV24 ($12.40 in chips) 
Seat 5: Eremkin ($5.10 in chips) 
Seat 6: gbipka ($4.40 in chips) 
Seat 7: hman1975 ($26.40 in chips) 
Seat 8: wezvidzz ($12.10 in chips) 
Seat 9: mikewiz32 ($24.65 in chips) 
Eremkin: posts small blind $0.10
gbipka: posts big blind $0.25
*** HOLE CARDS ***
Dealt to Alameda22 [Qh 2d]
hman1975: folds 
wezvidzz: folds 
mikewiz32: folds 
Alameda22: folds 
Albarab: folds 
mrHat2: raises $0.75 to $1
MAGICCV24: calls $1
Eremkin: folds 
gbipka: folds 
*** FLOP *** [Qs 4s 7h]
mrHat2: bets $1.50
MAGICCV24: raises $2.50 to $4
mrHat2: calls $2.50 and is all-in
*** TURN *** [Qs 4s 7h] [3h]
*** RIVER *** [Qs 4s 7h 3h] [Jc]
*** SHOW DOWN ***
mrHat2: shows [Jd Js] (three of a kind, Jacks)
MAGICCV24: mucks hand 
mrHat2 collected $9.85 from pot
*** SUMMARY ***
Total pot $10.35 | Rake $0.50 
Board [Qs 4s 7h 3h Jc]
Seat 1: Alameda22 folded before Flop (didn't bet)
Seat 2: Albarab folded before Flop (didn't bet)
Seat 3: mrHat2 showed [Jd Js] and won ($9.85) with three of a kind, Jacks
Seat 4: MAGICCV24 (button) mucked [8s 6s]
Seat 5: Eremkin (small blind) folded before Flop
Seat 6: gbipka (big blind) folded before Flop
Seat 7: hman1975 folded before Flop (didn't bet)
Seat 8: wezvidzz folded before Flop (didn't bet)
Seat 9: mikewiz32 folded before Flop (didn't bet)



PokerStars Game #20099281985:  Hold'em No Limit ($0.10/$0.25) - 2008/09/02 17:50:22 ET
Table 'Alsatia III' 9-max Seat #5 is the button
Seat 1: Alameda22 ($23.60 in chips) 
Seat 2: Albarab ($42.25 in chips) 
Seat 3: mrHat2 ($9.85 in chips) 
Seat 4: MAGICCV24 ($7.40 in chips) 
Seat 5: Eremkin ($5 in chips) 
Seat 6: gbipka ($4.15 in chips) 
Seat 7: hman1975 ($26.40 in chips) 
Seat 8: wezvidzz ($12.10 in chips) 
Seat 9: mikewiz32 ($24.65 in chips) 
gbipka: posts small blind $0.10
hman1975: posts big blind $0.25
*** HOLE CARDS ***
Dealt to Alameda22 [3d 6h]
wezvidzz: calls $0.25
mikewiz32: folds 
Alameda22: folds 
Albarab: folds 
mrHat2: folds 
MAGICCV24: raises $1 to $1.25
Eremkin: folds 
gbipka: folds 
hman1975: folds 
wezvidzz: folds 
Uncalled bet ($1) returned to MAGICCV24
MAGICCV24 collected $0.85 from pot
*** SUMMARY ***
Total pot $0.85 | Rake $0 
Seat 1: Alameda22 folded before Flop (didn't bet)
Seat 2: Albarab folded before Flop (didn't bet)
Seat 3: mrHat2 folded before Flop (didn't bet)
Seat 4: MAGICCV24 collected ($0.85)
Seat 5: Eremkin (button) folded before Flop (didn't bet)
Seat 6: gbipka (small blind) folded before Flop
Seat 7: hman1975 (big blind) folded before Flop
Seat 8: wezvidzz folded before Flop
Seat 9: mikewiz32 folded before Flop (didn't bet)



PokerStars Game #20099296103:  Hold'em No Limit ($0.10/$0.25) - 2008/09/02 17:50:56 ET
Table 'Alsatia III' 9-max Seat #6 is the button
Seat 1: Alameda22 ($23.60 in chips) 
Seat 2: Albarab ($42.25 in chips) 
Seat 3: mrHat2 ($9.85 in chips) 
Seat 4: MAGICCV24 ($8 in chips) 
Seat 5: Eremkin ($5 in chips) 
Seat 6: gbipka ($4.05 in chips) 
Seat 7: hman1975 ($26.15 in chips) 
Seat 8: wezvidzz ($11.85 in chips) 
Seat 9: mikewiz32 ($24.65 in chips) 
hman1975: posts small blind $0.10
wezvidzz: posts big blind $0.25
*** HOLE CARDS ***
Dealt to Alameda22 [5h Jc]
mikewiz32: folds 
Alameda22: folds 
Albarab: folds 
mrHat2: folds 
MAGICCV24 has timed out
MAGICCV24: folds 
MAGICCV24 is sitting out
Eremkin: folds 
gbipka: folds 
hman1975: folds 
Uncalled bet ($0.15) returned to wezvidzz
wezvidzz collected $0.20 from pot
wezvidzz: doesn't show hand 
*** SUMMARY ***
Total pot $0.20 | Rake $0 
Seat 1: Alameda22 folded before Flop (didn't bet)
Seat 2: Albarab folded before Flop (didn't bet)
Seat 3: mrHat2 folded before Flop (didn't bet)
Seat 4: MAGICCV24 folded before Flop (didn't bet)
Seat 5: Eremkin folded before Flop (didn't bet)
Seat 6: gbipka (button) folded before Flop (didn't bet)
Seat 7: hman1975 (small blind) folded before Flop
Seat 8: wezvidzz (big blind) collected ($0.20)
Seat 9: mikewiz32 folded before Flop (didn't bet)



PokerStars Game #20099324437:  Hold'em No Limit ($0.10/$0.25) - 2008/09/02 17:52:05 ET
Table 'Alsatia III' 9-max Seat #7 is the button
Seat 1: Alameda22 ($23.60 in chips) 
Seat 2: Albarab ($42.25 in chips) 
Seat 3: mrHat2 ($9.85 in chips) 
Seat 5: Eremkin ($5 in chips) 
Seat 6: gbipka ($4.05 in chips) 
Seat 7: hman1975 ($26.05 in chips) 
Seat 8: wezvidzz ($11.95 in chips) 
Seat 9: mikewiz32 ($24.65 in chips) 
wezvidzz: posts small blind $0.10
mikewiz32: posts big blind $0.25
*** HOLE CARDS ***
Dealt to Alameda22 [2d Tc]
Alameda22: folds 
Albarab: folds 
MAGICCV24 has returned
mrHat2: folds 
Eremkin: folds 
gbipka: folds 
hman1975: raises $0.75 to $1
wezvidzz: folds 
mikewiz32: folds 
Uncalled bet ($0.75) returned to hman1975
hman1975 collected $0.60 from pot
hman1975: doesn't show hand 
*** SUMMARY ***
Total pot $0.60 | Rake $0 
Seat 1: Alameda22 folded before Flop (didn't bet)
Seat 2: Albarab folded before Flop (didn't bet)
Seat 3: mrHat2 folded before Flop (didn't bet)
Seat 5: Eremkin folded before Flop (didn't bet)
Seat 6: gbipka folded before Flop (didn't bet)
Seat 7: hman1975 (button) collected ($0.60)
Seat 8: wezvidzz (small blind) folded before Flop
Seat 9: mikewiz32 (big blind) folded before Flop



PokerStars Game #20099341366:  Hold'em No Limit ($0.10/$0.25) - 2008/09/02 17:52:46 ET
Table 'Alsatia III' 9-max Seat #8 is the button
Seat 1: Alameda22 ($23.60 in chips) 
Seat 2: Albarab ($42.25 in chips) 
Seat 3: mrHat2 ($9.85 in chips) 
Seat 4: MAGICCV24 ($8 in chips) 
Seat 5: Eremkin ($5 in chips) 
Seat 6: gbipka ($4.05 in chips) 
Seat 7: hman1975 ($26.40 in chips) 
Seat 8: wezvidzz ($11.85 in chips) 
Seat 9: mikewiz32 ($24.40 in chips) 
mikewiz32: posts small blind $0.10
Alameda22: posts big blind $0.25
*** HOLE CARDS ***
Dealt to Alameda22 [Ac 3s]
Albarab: folds 
Albarab is sitting out
mrHat2: folds 
MAGICCV24: folds 
Eremkin: folds 
gbipka: folds 
hman1975: folds 
wezvidzz: folds 
mikewiz32: folds 
Uncalled bet ($0.15) returned to Alameda22
Alameda22 collected $0.20 from pot
Alameda22: doesn't show hand 
*** SUMMARY ***
Total pot $0.20 | Rake $0 
Seat 1: Alameda22 (big blind) collected ($0.20)
Seat 2: Albarab folded before Flop (didn't bet)
Seat 3: mrHat2 folded before Flop (didn't bet)
Seat 4: MAGICCV24 folded before Flop (didn't bet)
Seat 5: Eremkin folded before Flop (didn't bet)
Seat 6: gbipka folded before Flop (didn't bet)
Seat 7: hman1975 folded before Flop (didn't bet)
Seat 8: wezvidzz (button) folded before Flop (didn't bet)
Seat 9: mikewiz32 (small blind) folded before Flop



PokerStars Game #20099352865:  Hold'em No Limit ($0.10/$0.25) - 2008/09/02 17:53:14 ET
Table 'Alsatia III' 9-max Seat #9 is the button
Seat 1: Alameda22 ($23.70 in chips) 
Seat 4: MAGICCV24 ($8 in chips) 
Seat 5: Eremkin ($5 in chips) 
Seat 6: gbipka ($4.05 in chips) 
Seat 7: hman1975 ($26.40 in chips) 
Seat 8: wezvidzz ($11.85 in chips) 
Seat 9: mikewiz32 ($24.30 in chips) 
Alameda22: posts small blind $0.10
mrHat2: is sitting out 
MAGICCV24: posts big blind $0.25
*** HOLE CARDS ***
Dealt to Alameda22 [7d 5h]
mrHat2 leaves the table
Eremkin: raises $0.75 to $1
gbipka: folds 
hman1975: folds 
wezvidzz: folds 
mikewiz32: calls $1
Alameda22: folds 
Albarab leaves the table
MAGICCV24: folds 
*** FLOP *** [8s Kc 3s]
Eremkin: bets $1
mikewiz32: folds 
Uncalled bet ($1) returned to Eremkin
Eremkin collected $2.25 from pot
Eremkin: doesn't show hand 
*** SUMMARY ***
Total pot $2.35 | Rake $0.10 
Board [8s Kc 3s]
Seat 1: Alameda22 (small blind) folded before Flop
Seat 4: MAGICCV24 (big blind) folded before Flop
Seat 5: Eremkin collected ($2.25)
Seat 6: gbipka folded before Flop (didn't bet)
Seat 7: hman1975 folded before Flop (didn't bet)
Seat 8: wezvidzz folded before Flop (didn't bet)
Seat 9: mikewiz32 (button) folded on the Flop



PokerStars Game #20099381068:  Hold'em No Limit ($0.10/$0.25) - 2008/09/02 17:54:23 ET
Table 'Alsatia III' 9-max Seat #1 is the button
Seat 1: Alameda22 ($23.60 in chips) 
Seat 4: MAGICCV24 ($7.75 in chips) 
Seat 5: Eremkin ($6.25 in chips) 
Seat 6: gbipka ($4.05 in chips) 
Seat 7: hman1975 ($26.40 in chips) 
Seat 8: wezvidzz ($11.85 in chips) 
Seat 9: mikewiz32 ($23.30 in chips) 
MAGICCV24: posts small blind $0.10
Eremkin: posts big blind $0.25
*** HOLE CARDS ***
Dealt to Alameda22 [Kd 3c]
gbipka: folds 
hman1975: folds 
wezvidzz: folds 
mikewiz32: raises $0.75 to $1
Alameda22: folds 
MAGICCV24: calls $0.90
Eremkin: folds 
*** FLOP *** [5h Th Ah]
MAGICCV24: checks 
mikewiz32: bets $1.50
MAGICCV24: calls $1.50
*** TURN *** [5h Th Ah] [Ts]
MAGICCV24: bets $5.25 and is all-in
mikewiz32: folds 
Uncalled bet ($5.25) returned to MAGICCV24
MAGICCV24 collected $5 from pot
MAGICCV24: doesn't show hand 
*** SUMMARY ***
Total pot $5.25 | Rake $0.25 
Board [5h Th Ah Ts]
Seat 1: Alameda22 (button) folded before Flop (didn't bet)
Seat 4: MAGICCV24 (small blind) collected ($5)
Seat 5: Eremkin (big blind) folded before Flop
Seat 6: gbipka folded before Flop (didn't bet)
Seat 7: hman1975 folded before Flop (didn't bet)
Seat 8: wezvidzz folded before Flop (didn't bet)
Seat 9: mikewiz32 folded on the Turn



PokerStars Game #20099406389:  Hold'em No Limit ($0.10/$0.25) - 2008/09/02 17:55:25 ET
Table 'Alsatia III' 9-max Seat #4 is the button
Seat 1: Alameda22 ($23.60 in chips) 
Seat 4: MAGICCV24 ($10.25 in chips) 
Seat 5: Eremkin ($6 in chips) 
Seat 6: gbipka ($4.05 in chips) 
Seat 7: hman1975 ($26.40 in chips) 
Seat 8: wezvidzz ($11.85 in chips) 
Seat 9: mikewiz32 ($20.80 in chips) 
Eremkin: posts small blind $0.10
gbipka: posts big blind $0.25
*** HOLE CARDS ***
Dealt to Alameda22 [2s 8s]
hman1975: folds 
wezvidzz: folds 
mikewiz32: folds 
Alameda22: folds 
MAGICCV24: raises $1 to $1.25
Eremkin: folds 
gbipka: folds 
Uncalled bet ($1) returned to MAGICCV24
MAGICCV24 collected $0.60 from pot
*** SUMMARY ***
Total pot $0.60 | Rake $0 
Seat 1: Alameda22 folded before Flop (didn't bet)
Seat 4: MAGICCV24 (button) collected ($0.60)
Seat 5: Eremkin (small blind) folded before Flop
Seat 6: gbipka (big blind) folded before Flop
Seat 7: hman1975 folded before Flop (didn't bet)
Seat 8: wezvidzz folded before Flop (didn't bet)
Seat 9: mikewiz32 folded before Flop (didn't bet)



PokerStars Game #20099422272:  Hold'em No Limit ($0.10/$0.25) - 2008/09/02 17:56:04 ET
Table 'Alsatia III' 9-max Seat #5 is the button
Seat 1: Alameda22 ($23.60 in chips) 
Seat 4: MAGICCV24 ($10.60 in chips) 
Seat 5: Eremkin ($5.90 in chips) 
Seat 6: gbipka ($3.80 in chips) 
Seat 7: hman1975 ($26.40 in chips) 
Seat 8: wezvidzz ($11.85 in chips) 
Seat 9: mikewiz32 ($20.80 in chips) 
gbipka: posts small blind $0.10
hman1975: posts big blind $0.25
*** HOLE CARDS ***
Dealt to Alameda22 [9h 7d]
wezvidzz: folds 
wezvidzz leaves the table
mikewiz32: folds 
Alameda22: folds 
mikewiz32 leaves the table
MAGICCV24: folds 
Eremkin: raises $0.50 to $0.75
gbipka: folds 
hman1975: folds 
Uncalled bet ($0.50) returned to Eremkin
Eremkin collected $0.60 from pot
Eremkin: doesn't show hand 
*** SUMMARY ***
Total pot $0.60 | Rake $0 
Seat 1: Alameda22 folded before Flop (didn't bet)
Seat 4: MAGICCV24 folded before Flop (didn't bet)
Seat 5: Eremkin (button) collected ($0.60)
Seat 6: gbipka (small blind) folded before Flop
Seat 7: hman1975 (big blind) folded before Flop
Seat 8: wezvidzz folded before Flop (didn't bet)
Seat 9: mikewiz32 folded before Flop (didn't bet)



PokerStars Game #20099434914:  Hold'em No Limit ($0.10/$0.25) - 2008/09/02 17:56:35 ET
Table 'Alsatia III' 9-max Seat #6 is the button
Seat 1: Alameda22 ($23.60 in chips) 
Seat 4: MAGICCV24 ($10.60 in chips) 
Seat 5: Eremkin ($6.25 in chips) 
Seat 6: gbipka ($3.70 in chips) 
Seat 7: hman1975 ($26.15 in chips) 
hman1975: posts small blind $0.10
Alameda22: posts big blind $0.25
*** HOLE CARDS ***
Dealt to Alameda22 [4d 6s]
MAGICCV24: folds 
Eremkin: folds 
gbipka: raises $0.75 to $1
hman1975: folds 
Alameda22: folds 
Uncalled bet ($0.75) returned to gbipka
gbipka collected $0.60 from pot
gbipka: doesn't show hand 
*** SUMMARY ***
Total pot $0.60 | Rake $0 
Seat 1: Alameda22 (big blind) folded before Flop
Seat 4: MAGICCV24 folded before Flop (didn't bet)
Seat 5: Eremkin folded before Flop (didn't bet)
Seat 6: gbipka (button) collected ($0.60)
Seat 7: hman1975 (small blind) folded before Flop



PokerStars Game #20099443713:  Hold'em No Limit ($0.10/$0.25) - 2008/09/02 17:56:57 ET
Table 'Alsatia III' 9-max Seat #7 is the button
Seat 1: Alameda22 ($23.35 in chips) 
Seat 4: MAGICCV24 ($10.60 in chips) 
Seat 5: Eremkin ($6.25 in chips) 
Seat 6: gbipka ($4.05 in chips) 
Seat 7: hman1975 ($26.05 in chips) 
Alameda22: posts small blind $0.10
MAGICCV24: posts big blind $0.25
*** HOLE CARDS ***
Dealt to Alameda22 [Kd 8c]
Eremkin: raises $0.75 to $1
gbipka: folds 
hman1975: folds 
Alameda22: folds 
MAGICCV24: folds 
Uncalled bet ($0.75) returned to Eremkin
Eremkin collected $0.60 from pot
*** SUMMARY ***
Total pot $0.60 | Rake $0 
Seat 1: Alameda22 (small blind) folded before Flop
Seat 4: MAGICCV24 (big blind) folded before Flop
Seat 5: Eremkin collected ($0.60)
Seat 6: gbipka folded before Flop (didn't bet)
Seat 7: hman1975 (button) folded before Flop (didn't bet)



PokerStars Game #20099462364:  Hold'em No Limit ($0.10/$0.25) - 2008/09/02 17:57:43 ET
Table 'Alsatia III' 9-max Seat #1 is the button
Seat 1: Alameda22 ($23.25 in chips) 
Seat 4: MAGICCV24 ($10.35 in chips) 
Seat 5: Eremkin ($6.60 in chips) 
Seat 6: gbipka ($4.05 in chips) 
Seat 7: hman1975 ($26.05 in chips) 
MAGICCV24: posts small blind $0.10
Eremkin: posts big blind $0.25
*** HOLE CARDS ***
Dealt to Alameda22 [4s Jh]
gbipka: folds 
hman1975: folds 
Alameda22: folds 
MAGICCV24: raises $1 to $1.25
Eremkin: folds 
Uncalled bet ($1) returned to MAGICCV24
Eremkin is sitting out
MAGICCV24 collected $0.50 from pot
MAGICCV24: doesn't show hand 
*** SUMMARY ***
Total pot $0.50 | Rake $0 
Seat 1: Alameda22 (button) folded before Flop (didn't bet)
Seat 4: MAGICCV24 (small blind) collected ($0.50)
Seat 5: Eremkin (big blind) folded before Flop
Seat 6: gbipka folded before Flop (didn't bet)
Seat 7: hman1975 folded before Flop (didn't bet)



PokerStars Game #20099473391:  Hold'em No Limit ($0.10/$0.25) - 2008/09/02 17:58:10 ET
Table 'Alsatia III' 9-max Seat #4 is the button
Seat 1: Alameda22 ($23.25 in chips) 
Seat 4: MAGICCV24 ($10.60 in chips) 
Seat 6: gbipka ($4.05 in chips) 
Seat 7: hman1975 ($26.05 in chips) 
gbipka: posts small blind $0.10
hman1975: posts big blind $0.25
*** HOLE CARDS ***
Dealt to Alameda22 [Jc 4c]
Alameda22: folds 
MAGICCV24: folds 
gbipka: raises $0.75 to $1
hman1975: folds 
Uncalled bet ($0.75) returned to gbipka
gbipka collected $0.50 from pot
gbipka: doesn't show hand 
*** SUMMARY ***
Total pot $0.50 | Rake $0 
Seat 1: Alameda22 folded before Flop (didn't bet)
Seat 4: MAGICCV24 (button) folded before Flop (didn't bet)
Seat 6: gbipka (small blind) collected ($0.50)
Seat 7: hman1975 (big blind) folded before Flop



PokerStars Game #20099484908:  Hold'em No Limit ($0.10/$0.25) - 2008/09/02 17:58:38 ET
Table 'Alsatia III' 9-max Seat #6 is the button
Seat 1: Alameda22 ($23.25 in chips) 
Seat 4: MAGICCV24 ($10.60 in chips) 
Seat 6: gbipka ($4.30 in chips) 
Seat 7: hman1975 ($25.80 in chips) 
hman1975: posts small blind $0.10
Alameda22: posts big blind $0.25
*** HOLE CARDS ***
Dealt to Alameda22 [3d Qc]
MAGICCV24: folds 
gbipka: folds 
hman1975: folds 
Uncalled bet ($0.15) returned to Alameda22
Alameda22 collected $0.20 from pot
Alameda22: doesn't show hand 
*** SUMMARY ***
Total pot $0.20 | Rake $0 
Seat 1: Alameda22 (big blind) collected ($0.20)
Seat 4: MAGICCV24 folded before Flop (didn't bet)
Seat 6: gbipka (button) folded before Flop (didn't bet)
Seat 7: hman1975 (small blind) folded before Flop



PokerStars Game #20099495068:  Hold'em No Limit ($0.10/$0.25) - 2008/09/02 17:59:03 ET
Table 'Alsatia III' 9-max Seat #7 is the button
Seat 1: Alameda22 ($23.35 in chips) 
Seat 4: MAGICCV24 ($10.60 in chips) 
Seat 6: gbipka ($4.30 in chips) 
Seat 7: hman1975 ($25.70 in chips) 
Alameda22: posts small blind $0.10
MAGICCV24: posts big blind $0.25
*** HOLE CARDS ***
Dealt to Alameda22 [Tc 7c]
gbipka: raises $0.75 to $1
hman1975: folds 
Alameda22: folds 
MAGICCV24: folds 
Uncalled bet ($0.75) returned to gbipka
gbipka collected $0.60 from pot
gbipka: doesn't show hand 
*** SUMMARY ***
Total pot $0.60 | Rake $0 
Seat 1: Alameda22 (small blind) folded before Flop
Seat 4: MAGICCV24 (big blind) folded before Flop
Seat 6: gbipka collected ($0.60)
Seat 7: hman1975 (button) folded before Flop (didn't bet)



PokerStars Game #20099504971:  Hold'em No Limit ($0.10/$0.25) - 2008/09/02 17:59:28 ET
Table 'Alsatia III' 9-max Seat #1 is the button
Seat 1: Alameda22 ($23.25 in chips) 
Seat 4: MAGICCV24 ($10.35 in chips) 
Seat 7: hman1975 ($25.70 in chips) 
MAGICCV24: posts small blind $0.10
gbipka: is sitting out 
gbipka leaves the table
hman1975: posts big blind $0.25
*** HOLE CARDS ***
Dealt to Alameda22 [9c 8c]
Alameda22: folds 
MAGICCV24: folds 
Uncalled bet ($0.15) returned to hman1975
hman1975 collected $0.20 from pot
hman1975: doesn't show hand 
*** SUMMARY ***
Total pot $0.20 | Rake $0 
Seat 1: Alameda22 (button) folded before Flop (didn't bet)
Seat 4: MAGICCV24 (small blind) folded before Flop
Seat 7: hman1975 (big blind) collected ($0.20)



