PokerStars Game #19971077758:  Hold'em No Limit ($0.10/$0.25) - 2008/08/28 - 17:13:02 (ET)
Table 'Kassandra II' 9-max Seat #3 is the button
Seat 1: RFKFREAK ($29.65 in chips) 
Seat 2: Boew ($21.45 in chips) 
Seat 3: doudou37 ($24.15 in chips) 
Seat 4: abuelapoker ($6.40 in chips) 
Seat 5: Alameda22 ($25 in chips) 
Seat 6: wezvidzz ($18.30 in chips) 
Seat 8: antiraiser ($5 in chips) 
Seat 9: Murzik100 ($6.50 in chips) 
abuelapoker: posts small blind $0.10
Alameda22: posts big blind $0.25
*** HOLE CARDS ***
Dealt to Alameda22 [Kc Qh]
wezvidzz: folds 
antiraiser: folds 
Murzik100: folds 
RFKFREAK: folds 
Boew: folds 
doudou37: raises $0.50 to $0.75
abuelapoker: folds 
Alameda22: folds 
Uncalled bet ($0.50) returned to doudou37
doudou37 collected $0.60 from pot
doudou37: doesn't show hand 
*** SUMMARY ***
Total pot $0.60 | Rake $0 
Seat 1: RFKFREAK folded before Flop (didn't bet)
Seat 2: Boew folded before Flop (didn't bet)
Seat 3: doudou37 (button) collected ($0.60)
Seat 4: abuelapoker (small blind) folded before Flop
Seat 5: Alameda22 (big blind) folded before Flop
Seat 6: wezvidzz folded before Flop (didn't bet)
Seat 8: antiraiser folded before Flop (didn't bet)
Seat 9: Murzik100 folded before Flop (didn't bet)



PokerStars Game #19971101992:  Hold'em No Limit ($0.10/$0.25) - 2008/08/28 - 17:14:01 (ET)
Table 'Kassandra II' 9-max Seat #4 is the button
Seat 1: RFKFREAK ($29.65 in chips) 
Seat 2: Boew ($21.45 in chips) 
Seat 3: doudou37 ($24.50 in chips) 
Seat 4: abuelapoker ($6.30 in chips) 
Seat 5: Alameda22 ($24.75 in chips) 
Seat 6: wezvidzz ($18.30 in chips) 
Seat 8: antiraiser ($5 in chips) 
Seat 9: Murzik100 ($6.50 in chips) 
Alameda22: posts small blind $0.10
wezvidzz: posts big blind $0.25
*** HOLE CARDS ***
Dealt to Alameda22 [4h 5c]
antiraiser: folds 
Murzik100: folds 
RFKFREAK: raises $0.50 to $0.75
Boew: calls $0.75
doudou37: folds 
abuelapoker: folds 
Alameda22: folds 
wezvidzz: folds 
*** FLOP *** [8s Td 9c]
RFKFREAK: bets $1.15
Boew: calls $1.15
*** TURN *** [8s Td 9c] [9d]
RFKFREAK: bets $3
Boew: calls $3
*** RIVER *** [8s Td 9c 9d] [Jd]
RFKFREAK: bets $5
Boew: calls $5
*** SHOW DOWN ***
RFKFREAK: shows [Qc Jc] (a straight, Eight to Queen)
Boew: shows [Qh 9h] (a straight, Eight to Queen)
RFKFREAK collected $9.60 from pot
Boew collected $9.60 from pot
*** SUMMARY ***
Total pot $20.15 | Rake $0.95 
Board [8s Td 9c 9d Jd]
Seat 1: RFKFREAK showed [Qc Jc] and won ($9.60) with a straight, Eight to Queen
Seat 2: Boew showed [Qh 9h] and won ($9.60) with a straight, Eight to Queen
Seat 3: doudou37 folded before Flop (didn't bet)
Seat 4: abuelapoker (button) folded before Flop (didn't bet)
Seat 5: Alameda22 (small blind) folded before Flop
Seat 6: wezvidzz (big blind) folded before Flop
Seat 8: antiraiser folded before Flop (didn't bet)
Seat 9: Murzik100 folded before Flop (didn't bet)



PokerStars Game #19971154396:  Hold'em No Limit ($0.10/$0.25) - 2008/08/28 - 17:16:09 (ET)
Table 'Kassandra II' 9-max Seat #5 is the button
Seat 1: RFKFREAK ($29.35 in chips) 
Seat 2: Boew ($21.15 in chips) 
Seat 3: doudou37 ($24.50 in chips) 
Seat 4: abuelapoker ($6.30 in chips) 
Seat 5: Alameda22 ($24.65 in chips) 
Seat 6: wezvidzz ($18.05 in chips) 
Seat 8: antiraiser ($5 in chips) 
Seat 9: Murzik100 ($6.50 in chips) 
wezvidzz: posts small blind $0.10
antiraiser: posts big blind $0.25
*** HOLE CARDS ***
Dealt to Alameda22 [2s 6c]
Murzik100: folds 
RFKFREAK: folds 
Murzik100 leaves the table
Boew: calls $0.25
doudou37: folds 
abuelapoker: folds 
Alameda22: folds 
sparky41 joins the table at seat #9 
wezvidzz: folds 
antiraiser: checks 
*** FLOP *** [Ah 3c 3h]
antiraiser: checks 
Boew: bets $0.50
antiraiser: calls $0.50
*** TURN *** [Ah 3c 3h] [Ac]
antiraiser: checks 
Boew: bets $1.25
antiraiser: calls $1.25
*** RIVER *** [Ah 3c 3h Ac] [7c]
antiraiser: checks 
Boew: bets $19.15 and is all-in
antiraiser: calls $3 and is all-in
Uncalled bet ($16.15) returned to Boew
*** SHOW DOWN ***
Boew: shows [5h 4s] (two pair, Aces and Threes)
antiraiser: shows [4h As] (a full house, Aces full of Threes)
antiraiser collected $9.65 from pot
*** SUMMARY ***
Total pot $10.10 | Rake $0.45 
Board [Ah 3c 3h Ac 7c]
Seat 1: RFKFREAK folded before Flop (didn't bet)
Seat 2: Boew showed [5h 4s] and lost with two pair, Aces and Threes
Seat 3: doudou37 folded before Flop (didn't bet)
Seat 4: abuelapoker folded before Flop (didn't bet)
Seat 5: Alameda22 (button) folded before Flop (didn't bet)
Seat 6: wezvidzz (small blind) folded before Flop
Seat 8: antiraiser (big blind) showed [4h As] and won ($9.65) with a full house, Aces full of Threes
Seat 9: Murzik100 folded before Flop (didn't bet)



PokerStars Game #19971204545:  Hold'em No Limit ($0.10/$0.25) - 2008/08/28 - 17:18:12 (ET)
Table 'Kassandra II' 9-max Seat #6 is the button
Seat 1: RFKFREAK ($29.35 in chips) 
Seat 2: Boew ($16.15 in chips) 
Seat 3: doudou37 ($24.50 in chips) 
Seat 4: abuelapoker ($6.30 in chips) 
Seat 5: Alameda22 ($24.65 in chips) 
Seat 6: wezvidzz ($17.95 in chips) 
Seat 8: antiraiser ($9.65 in chips) 
Seat 9: sparky41 ($25 in chips) 
antiraiser: posts small blind $0.10
sparky41: posts big blind $0.25
*** HOLE CARDS ***
Dealt to Alameda22 [Ks 2d]
RFKFREAK: folds 
Boew: calls $0.25
doudou37: folds 
abuelapoker: folds 
Alameda22: folds 
wezvidzz: folds 
antiraiser: calls $0.15
sparky41: checks 
*** FLOP *** [4s 3h Tc]
antiraiser: checks 
sparky41: bets $1
Boew: folds 
antiraiser: folds 
Uncalled bet ($1) returned to sparky41
sparky41 collected $0.75 from pot
sparky41: doesn't show hand 
*** SUMMARY ***
Total pot $0.75 | Rake $0 
Board [4s 3h Tc]
Seat 1: RFKFREAK folded before Flop (didn't bet)
Seat 2: Boew folded on the Flop
Seat 3: doudou37 folded before Flop (didn't bet)
Seat 4: abuelapoker folded before Flop (didn't bet)
Seat 5: Alameda22 folded before Flop (didn't bet)
Seat 6: wezvidzz (button) folded before Flop (didn't bet)
Seat 8: antiraiser (small blind) folded on the Flop
Seat 9: sparky41 (big blind) collected ($0.75)



PokerStars Game #19971245817:  Hold'em No Limit ($0.10/$0.25) - 2008/08/28 - 17:19:53 (ET)
Table 'Kassandra II' 9-max Seat #8 is the button
Seat 1: RFKFREAK ($29.35 in chips) 
Seat 2: Boew ($25 in chips) 
Seat 3: doudou37 ($24.50 in chips) 
Seat 4: abuelapoker ($6.30 in chips) 
Seat 5: Alameda22 ($24.65 in chips) 
Seat 6: wezvidzz ($17.95 in chips) 
Seat 8: antiraiser ($9.40 in chips) 
Seat 9: sparky41 ($25.50 in chips) 
sparky41: posts small blind $0.10
RFKFREAK: posts big blind $0.25
*** HOLE CARDS ***
Dealt to Alameda22 [Js 6c]
Boew: folds 
doudou37: folds 
abuelapoker: folds 
Alameda22: folds 
wezvidzz: folds 
antiraiser: calls $0.25
sparky41: calls $0.15
RFKFREAK: checks 
*** FLOP *** [Jd Ad 7s]
sparky41: checks 
RFKFREAK: bets $0.50
antiraiser: raises $1 to $1.50
sparky41: folds 
RFKFREAK: calls $1
*** TURN *** [Jd Ad 7s] [Ah]
RFKFREAK: checks 
antiraiser: bets $1.50
RFKFREAK: calls $1.50
*** RIVER *** [Jd Ad 7s Ah] [5c]
RFKFREAK: checks 
antiraiser: bets $3
RFKFREAK: folds 
Uncalled bet ($3) returned to antiraiser
antiraiser collected $6.45 from pot
*** SUMMARY ***
Total pot $6.75 | Rake $0.30 
Board [Jd Ad 7s Ah 5c]
Seat 1: RFKFREAK (big blind) folded on the River
Seat 2: Boew folded before Flop (didn't bet)
Seat 3: doudou37 folded before Flop (didn't bet)
Seat 4: abuelapoker folded before Flop (didn't bet)
Seat 5: Alameda22 folded before Flop (didn't bet)
Seat 6: wezvidzz folded before Flop (didn't bet)
Seat 8: antiraiser (button) collected ($6.45)
Seat 9: sparky41 (small blind) folded on the Flop



PokerStars Game #19971295421:  Hold'em No Limit ($0.10/$0.25) - 2008/08/28 - 17:21:55 (ET)
Table 'Kassandra II' 9-max Seat #9 is the button
Seat 1: RFKFREAK ($26.10 in chips) 
Seat 2: Boew ($25 in chips) 
Seat 3: doudou37 ($24.50 in chips) 
Seat 4: abuelapoker ($6.30 in chips) 
Seat 5: Alameda22 ($24.65 in chips) 
Seat 6: wezvidzz ($17.95 in chips) 
Seat 8: antiraiser ($12.60 in chips) 
Seat 9: sparky41 ($25.25 in chips) 
RFKFREAK: posts small blind $0.10
Boew: posts big blind $0.25
*** HOLE CARDS ***
Dealt to Alameda22 [4d Ks]
doudou37: raises $0.75 to $1
abuelapoker: folds 
Alameda22: folds 
wezvidzz: folds 
antiraiser: folds 
sparky41: folds 
RFKFREAK: folds 
Boew: folds 
Uncalled bet ($0.75) returned to doudou37
doudou37 collected $0.60 from pot
doudou37: doesn't show hand 
*** SUMMARY ***
Total pot $0.60 | Rake $0 
Seat 1: RFKFREAK (small blind) folded before Flop
Seat 2: Boew (big blind) folded before Flop
Seat 3: doudou37 collected ($0.60)
Seat 4: abuelapoker folded before Flop (didn't bet)
Seat 5: Alameda22 folded before Flop (didn't bet)
Seat 6: wezvidzz folded before Flop (didn't bet)
Seat 8: antiraiser folded before Flop (didn't bet)
Seat 9: sparky41 (button) folded before Flop (didn't bet)



PokerStars Game #19971333434:  Hold'em No Limit ($0.10/$0.25) - 2008/08/28 - 17:23:30 (ET)
Table 'Kassandra II' 9-max Seat #1 is the button
Seat 1: RFKFREAK ($26 in chips) 
Seat 2: Boew ($24.75 in chips) 
Seat 3: doudou37 ($24.85 in chips) 
Seat 4: abuelapoker ($6.30 in chips) 
Seat 5: Alameda22 ($24.65 in chips) 
Seat 6: wezvidzz ($17.95 in chips) 
Seat 8: antiraiser ($12.60 in chips) 
Seat 9: sparky41 ($25.25 in chips) 
Boew: posts small blind $0.10
doudou37: posts big blind $0.25
*** HOLE CARDS ***
Dealt to Alameda22 [Tc 9h]
abuelapoker: folds 
Alameda22: folds 
wezvidzz: folds 
antiraiser: calls $0.25
sparky41: calls $0.25
RFKFREAK: folds 
Boew: calls $0.15
doudou37: checks 
*** FLOP *** [3d As Ac]
Boew: bets $0.75
doudou37: folds 
antiraiser: calls $0.75
sparky41: folds 
*** TURN *** [3d As Ac] [9c]
Boew: checks 
antiraiser: checks 
*** RIVER *** [3d As Ac 9c] [2s]
Boew: bets $2
antiraiser: raises $3 to $5
Boew: folds 
Uncalled bet ($3) returned to antiraiser
antiraiser collected $6.20 from pot
antiraiser: shows [Ad Kc] (three of a kind, Aces)
*** SUMMARY ***
Total pot $6.50 | Rake $0.30 
Board [3d As Ac 9c 2s]
Seat 1: RFKFREAK (button) folded before Flop (didn't bet)
Seat 2: Boew (small blind) folded on the River
Seat 3: doudou37 (big blind) folded on the Flop
Seat 4: abuelapoker folded before Flop (didn't bet)
Seat 5: Alameda22 folded before Flop (didn't bet)
Seat 6: wezvidzz folded before Flop (didn't bet)
Seat 8: antiraiser collected ($6.20)
Seat 9: sparky41 folded on the Flop



PokerStars Game #19971381530:  Hold'em No Limit ($0.10/$0.25) - 2008/08/28 - 17:25:30 (ET)
Table 'Kassandra II' 9-max Seat #2 is the button
Seat 1: RFKFREAK ($26 in chips) 
Seat 2: Boew ($21.75 in chips) 
Seat 3: doudou37 ($24.60 in chips) 
Seat 4: abuelapoker ($6.30 in chips) 
Seat 5: Alameda22 ($24.65 in chips) 
Seat 6: wezvidzz ($17.95 in chips) 
Seat 8: antiraiser ($15.80 in chips) 
Seat 9: sparky41 ($25 in chips) 
doudou37: posts small blind $0.10
abuelapoker: posts big blind $0.25
*** HOLE CARDS ***
Dealt to Alameda22 [3s Ks]
Alameda22: folds 
wezvidzz: folds 
antiraiser: calls $0.25
sparky41: calls $0.25
RFKFREAK: folds 
Boew: folds 
doudou37: raises $1.25 to $1.50
abuelapoker: folds 
antiraiser: folds 
sparky41: calls $1.25
*** FLOP *** [3d 4c Ad]
antiraiser leaves the table
doudou37: bets $1.50
Faraon777 joins the table at seat #8 
sparky41: folds 
Uncalled bet ($1.50) returned to doudou37
doudou37 collected $3.35 from pot
doudou37: doesn't show hand 
*** SUMMARY ***
Total pot $3.50 | Rake $0.15 
Board [3d 4c Ad]
Seat 1: RFKFREAK folded before Flop (didn't bet)
Seat 2: Boew (button) folded before Flop (didn't bet)
Seat 3: doudou37 (small blind) collected ($3.35)
Seat 4: abuelapoker (big blind) folded before Flop
Seat 5: Alameda22 folded before Flop (didn't bet)
Seat 6: wezvidzz folded before Flop (didn't bet)
Seat 8: antiraiser folded before Flop
Seat 9: sparky41 folded on the Flop



PokerStars Game #19971402091:  Hold'em No Limit ($0.10/$0.25) - 2008/08/28 - 17:26:21 (ET)
Table 'Kassandra II' 9-max Seat #3 is the button
Seat 1: RFKFREAK ($26 in chips) 
Seat 2: Boew ($21.75 in chips) 
Seat 3: doudou37 ($26.45 in chips) 
Seat 4: abuelapoker ($6.05 in chips) 
Seat 5: Alameda22 ($24.65 in chips) 
Seat 6: wezvidzz ($17.95 in chips) 
Seat 9: sparky41 ($23.50 in chips) 
abuelapoker: posts small blind $0.10
Alameda22: posts big blind $0.25
Faraon777: sits out 
*** HOLE CARDS ***
Dealt to Alameda22 [4d 8d]
wezvidzz: folds 
wezvidzz leaves the table
sparky41: folds 
RFKFREAK: raises $0.50 to $0.75
dartuser joins the table at seat #6 
Boew: folds 
doudou37: calls $0.75
abuelapoker: folds 
Alameda22: folds 
*** FLOP *** [8h Qc 2c]
RFKFREAK: bets $1.15
doudou37: folds 
Uncalled bet ($1.15) returned to RFKFREAK
RFKFREAK collected $1.80 from pot
*** SUMMARY ***
Total pot $1.85 | Rake $0.05 
Board [8h Qc 2c]
Seat 1: RFKFREAK collected ($1.80)
Seat 2: Boew folded before Flop (didn't bet)
Seat 3: doudou37 (button) folded on the Flop
Seat 4: abuelapoker (small blind) folded before Flop
Seat 5: Alameda22 (big blind) folded before Flop
Seat 6: wezvidzz folded before Flop (didn't bet)
Seat 9: sparky41 folded before Flop (didn't bet)



PokerStars Game #19971439271:  Hold'em No Limit ($0.10/$0.25) - 2008/08/28 - 17:27:54 (ET)
Table 'Kassandra II' 9-max Seat #4 is the button
Seat 1: RFKFREAK ($27.05 in chips) 
Seat 2: Boew ($21.75 in chips) 
Seat 3: doudou37 ($25.70 in chips) 
Seat 4: abuelapoker ($5.95 in chips) 
Seat 5: Alameda22 ($24.40 in chips) 
Seat 6: dartuser ($15 in chips) 
Seat 9: sparky41 ($23.50 in chips) 
Alameda22: posts small blind $0.10
dartuser: posts big blind $0.25
Faraon777: sits out 
*** HOLE CARDS ***
Dealt to Alameda22 [6s 3h]
sparky41: calls $0.25
RFKFREAK: raises $0.75 to $1
Boew: folds 
doudou37: folds 
abuelapoker: folds 
Alameda22: folds 
dartuser: calls $0.75
sparky41: calls $0.75
*** FLOP *** [Ac 9s 3c]
dartuser: checks 
sparky41: checks 
RFKFREAK: bets $2
dartuser: folds 
sparky41: calls $2
*** TURN *** [Ac 9s 3c] [6d]
sparky41: checks 
RFKFREAK: checks 
*** RIVER *** [Ac 9s 3c 6d] [8c]
sparky41: checks 
RFKFREAK: bets $4
sparky41: calls $4
*** SHOW DOWN ***
RFKFREAK: shows [Kd Ks] (a pair of Kings)
sparky41: shows [Ah 7d] (a pair of Aces)
sparky41 collected $14.40 from pot
*** SUMMARY ***
Total pot $15.10 | Rake $0.70 
Board [Ac 9s 3c 6d 8c]
Seat 1: RFKFREAK showed [Kd Ks] and lost with a pair of Kings
Seat 2: Boew folded before Flop (didn't bet)
Seat 3: doudou37 folded before Flop (didn't bet)
Seat 4: abuelapoker (button) folded before Flop (didn't bet)
Seat 5: Alameda22 (small blind) folded before Flop
Seat 6: dartuser (big blind) folded on the Flop
Seat 9: sparky41 showed [Ah 7d] and won ($14.40) with a pair of Aces



PokerStars Game #19971483675:  Hold'em No Limit ($0.10/$0.25) - 2008/08/28 - 17:29:43 (ET)
Table 'Kassandra II' 9-max Seat #5 is the button
Seat 1: RFKFREAK ($25 in chips) 
Seat 2: Boew ($21.75 in chips) 
Seat 3: doudou37 ($25.70 in chips) 
Seat 4: abuelapoker ($5.95 in chips) 
Seat 5: Alameda22 ($24.30 in chips) 
Seat 6: dartuser ($14 in chips) 
Seat 8: Faraon777 ($25 in chips) 
Seat 9: sparky41 ($30.90 in chips) 
dartuser: posts small blind $0.10
Faraon777: posts big blind $0.25
*** HOLE CARDS ***
Dealt to Alameda22 [Kh Js]
GooiMielies has returned
sparky41: calls $0.25
RFKFREAK: folds 
Boew: calls $0.25
doudou37: folds 
abuelapoker: folds 
Alameda22: folds 
dartuser: calls $0.15
Faraon777: checks 
*** FLOP *** [Ad Qs 9h]
dartuser: checks 
GooiMielies leaves the table
Faraon777: checks 
sparky41: checks 
Boew: checks 
*** TURN *** [Ad Qs 9h] [2d]
dartuser: checks 
Faraon777: checks 
sparky41: checks 
Boew: bets $0.75
dartuser: calls $0.75
Faraon777: folds 
sparky41: folds 
*** RIVER *** [Ad Qs 9h 2d] [4s]
dartuser: bets $1.25
Boew: folds 
Uncalled bet ($1.25) returned to dartuser
dartuser collected $2.40 from pot
*** SUMMARY ***
Total pot $2.50 | Rake $0.10 
Board [Ad Qs 9h 2d 4s]
Seat 1: RFKFREAK folded before Flop (didn't bet)
Seat 2: Boew folded on the River
Seat 3: doudou37 folded before Flop (didn't bet)
Seat 4: abuelapoker folded before Flop (didn't bet)
Seat 5: Alameda22 (button) folded before Flop (didn't bet)
Seat 6: dartuser (small blind) collected ($2.40)
Seat 8: Faraon777 (big blind) folded on the Turn
Seat 9: sparky41 folded on the Turn



PokerStars Game #19971538348:  Hold'em No Limit ($0.10/$0.25) - 2008/08/28 - 17:31:57 (ET)
Table 'Kassandra II' 9-max Seat #6 is the button
Seat 1: RFKFREAK ($25 in chips) 
Seat 2: Boew ($20.75 in chips) 
Seat 3: doudou37 ($25.70 in chips) 
Seat 4: abuelapoker ($5.95 in chips) 
Seat 5: Alameda22 ($24.30 in chips) 
Seat 6: dartuser ($15.40 in chips) 
Seat 8: Faraon777 ($25 in chips) 
Seat 9: sparky41 ($30.65 in chips) 
Faraon777: posts small blind $0.10
sparky41: posts big blind $0.25
*** HOLE CARDS ***
Dealt to Alameda22 [4c 8d]
RFKFREAK: folds 
Boew: calls $0.25
doudou37: folds 
lorchboy88 joins the table at seat #7 
abuelapoker: folds 
Alameda22: folds 
dartuser: folds 
Faraon777: folds 
sparky41: checks 
*** FLOP *** [Ad Qd 7h]
sparky41: checks 
Boew: bets $0.75
sparky41: calls $0.75
*** TURN *** [Ad Qd 7h] [2h]
sparky41: checks 
Boew: bets $2.25
sparky41: calls $2.25
*** RIVER *** [Ad Qd 7h 2h] [Kc]
sparky41: checks 
Boew: bets $3
sparky41: folds 
Uncalled bet ($3) returned to Boew
Boew collected $6.30 from pot
*** SUMMARY ***
Total pot $6.60 | Rake $0.30 
Board [Ad Qd 7h 2h Kc]
Seat 1: RFKFREAK folded before Flop (didn't bet)
Seat 2: Boew collected ($6.30)
Seat 3: doudou37 folded before Flop (didn't bet)
Seat 4: abuelapoker folded before Flop (didn't bet)
Seat 5: Alameda22 folded before Flop (didn't bet)
Seat 6: dartuser (button) folded before Flop (didn't bet)
Seat 8: Faraon777 (small blind) folded before Flop
Seat 9: sparky41 (big blind) folded on the River



PokerStars Game #19971578477:  Hold'em No Limit ($0.10/$0.25) - 2008/08/28 - 17:33:34 (ET)
Table 'Kassandra II' 9-max Seat #8 is the button
Seat 1: RFKFREAK ($25 in chips) 
Seat 2: Boew ($23.80 in chips) 
Seat 3: doudou37 ($25.70 in chips) 
Seat 4: abuelapoker ($5.95 in chips) 
Seat 5: Alameda22 ($24.30 in chips) 
Seat 6: dartuser ($15.40 in chips) 
Seat 8: Faraon777 ($24.90 in chips) 
Seat 9: sparky41 ($27.40 in chips) 
sparky41: posts small blind $0.10
RFKFREAK: posts big blind $0.25
lorchboy88: sits out 
*** HOLE CARDS ***
Dealt to Alameda22 [9s 3h]
Boew: folds 
doudou37: folds 
abuelapoker: folds 
Alameda22: folds 
dartuser: folds 
Faraon777: folds 
sparky41: calls $0.15
RFKFREAK: raises $0.75 to $1
sparky41: calls $0.75
*** FLOP *** [2h 6s Tc]
sparky41: checks 
RFKFREAK: checks 
*** TURN *** [2h 6s Tc] [Qs]
sparky41: checks 
RFKFREAK: checks 
*** RIVER *** [2h 6s Tc Qs] [Ad]
sparky41: checks 
RFKFREAK: checks 
*** SHOW DOWN ***
sparky41: shows [Kh 9c] (high card Ace)
RFKFREAK: mucks hand 
sparky41 collected $1.90 from pot
*** SUMMARY ***
Total pot $2 | Rake $0.10 
Board [2h 6s Tc Qs Ad]
Seat 1: RFKFREAK (big blind) mucked [Kc 7s]
Seat 2: Boew folded before Flop (didn't bet)
Seat 3: doudou37 folded before Flop (didn't bet)
Seat 4: abuelapoker folded before Flop (didn't bet)
Seat 5: Alameda22 folded before Flop (didn't bet)
Seat 6: dartuser folded before Flop (didn't bet)
Seat 8: Faraon777 (button) folded before Flop (didn't bet)
Seat 9: sparky41 (small blind) showed [Kh 9c] and won ($1.90) with high card Ace



PokerStars Game #19971620906:  Hold'em No Limit ($0.10/$0.25) - 2008/08/28 - 17:35:17 (ET)
Table 'Kassandra II' 9-max Seat #9 is the button
Seat 1: RFKFREAK ($25 in chips) 
Seat 2: Boew ($23.80 in chips) 
Seat 3: doudou37 ($25.70 in chips) 
Seat 4: abuelapoker ($5.95 in chips) 
Seat 5: Alameda22 ($24.30 in chips) 
Seat 6: dartuser ($15.40 in chips) 
Seat 8: Faraon777 ($25 in chips) 
Seat 9: sparky41 ($28.30 in chips) 
RFKFREAK: posts small blind $0.10
Boew: posts big blind $0.25
lorchboy88: sits out 
*** HOLE CARDS ***
Dealt to Alameda22 [5c Kh]
doudou37: folds 
abuelapoker: folds 
Alameda22: folds 
dartuser: calls $0.25
Faraon777: folds 
sparky41: folds 
RFKFREAK: calls $0.15
Boew: checks 
*** FLOP *** [3s Td 3d]
RFKFREAK: checks 
Boew: checks 
dartuser: checks 
*** TURN *** [3s Td 3d] [Jh]
RFKFREAK: checks 
Boew: bets $0.75
dartuser: folds 
RFKFREAK: folds 
Uncalled bet ($0.75) returned to Boew
Boew collected $0.75 from pot
*** SUMMARY ***
Total pot $0.75 | Rake $0 
Board [3s Td 3d Jh]
Seat 1: RFKFREAK (small blind) folded on the Turn
Seat 2: Boew (big blind) collected ($0.75)
Seat 3: doudou37 folded before Flop (didn't bet)
Seat 4: abuelapoker folded before Flop (didn't bet)
Seat 5: Alameda22 folded before Flop (didn't bet)
Seat 6: dartuser folded on the Turn
Seat 8: Faraon777 folded before Flop (didn't bet)
Seat 9: sparky41 (button) folded before Flop (didn't bet)



PokerStars Game #19971665624:  Hold'em No Limit ($0.10/$0.25) - 2008/08/28 - 17:37:07 (ET)
Table 'Kassandra II' 9-max Seat #1 is the button
Seat 1: RFKFREAK ($25 in chips) 
Seat 2: Boew ($24.30 in chips) 
Seat 3: doudou37 ($25.70 in chips) 
Seat 4: abuelapoker ($5.95 in chips) 
Seat 5: Alameda22 ($24.30 in chips) 
Seat 6: dartuser ($15.15 in chips) 
Seat 8: Faraon777 ($25 in chips) 
Seat 9: sparky41 ($28.30 in chips) 
Boew: posts small blind $0.10
doudou37: posts big blind $0.25
lorchboy88: sits out 
*** HOLE CARDS ***
Dealt to Alameda22 [Kc 8c]
abuelapoker: folds 
Alameda22: folds 
dartuser: calls $0.25
Faraon777: folds 
sparky41: folds 
sparky41 leaves the table
RFKFREAK: folds 
Boew: calls $0.15
doudou37: raises $1.25 to $1.50
Zensay joins the table at seat #9 
dartuser: calls $1.25
Boew: folds 
*** FLOP *** [3h 9h 7c]
doudou37: bets $1.50
dartuser: calls $1.50
*** TURN *** [3h 9h 7c] [Ah]
doudou37: bets $3
dartuser: folds 
Uncalled bet ($3) returned to doudou37
doudou37 collected $5.95 from pot
doudou37: doesn't show hand 
*** SUMMARY ***
Total pot $6.25 | Rake $0.30 
Board [3h 9h 7c Ah]
Seat 1: RFKFREAK (button) folded before Flop (didn't bet)
Seat 2: Boew (small blind) folded before Flop
Seat 3: doudou37 (big blind) collected ($5.95)
Seat 4: abuelapoker folded before Flop (didn't bet)
Seat 5: Alameda22 folded before Flop (didn't bet)
Seat 6: dartuser folded on the Turn
Seat 8: Faraon777 folded before Flop (didn't bet)
Seat 9: sparky41 folded before Flop (didn't bet)



PokerStars Game #19971709984:  Hold'em No Limit ($0.10/$0.25) - 2008/08/28 - 17:38:56 (ET)
Table 'Kassandra II' 9-max Seat #2 is the button
Seat 1: RFKFREAK ($25 in chips) 
Seat 2: Boew ($24.05 in chips) 
Seat 3: doudou37 ($28.65 in chips) 
Seat 4: abuelapoker ($5.95 in chips) 
Seat 5: Alameda22 ($24.30 in chips) 
Seat 6: dartuser ($12.15 in chips) 
Seat 8: Faraon777 ($25 in chips) 
Seat 9: Zensay ($25 in chips) 
doudou37: posts small blind $0.10
abuelapoker: posts big blind $0.25
lorchboy88: sits out 
Zensay: posts big blind $0.25
*** HOLE CARDS ***
Dealt to Alameda22 [2c Kd]
Alameda22: folds 
dartuser: calls $0.25
Faraon777: raises $1 to $1.25
Zensay: folds 
RFKFREAK: folds 
Boew: folds 
doudou37: folds 
abuelapoker: folds 
dartuser: calls $1
*** FLOP *** [7c Qs 5c]
dartuser: checks 
Faraon777: bets $1.50
dartuser: folds 
Uncalled bet ($1.50) returned to Faraon777
Faraon777 collected $2.95 from pot
Faraon777: doesn't show hand 
*** SUMMARY ***
Total pot $3.10 | Rake $0.15 
Board [7c Qs 5c]
Seat 1: RFKFREAK folded before Flop (didn't bet)
Seat 2: Boew (button) folded before Flop (didn't bet)
Seat 3: doudou37 (small blind) folded before Flop
Seat 4: abuelapoker (big blind) folded before Flop
Seat 5: Alameda22 folded before Flop (didn't bet)
Seat 6: dartuser folded on the Flop
Seat 8: Faraon777 collected ($2.95)
Seat 9: Zensay folded before Flop



PokerStars Game #19971750926:  Hold'em No Limit ($0.10/$0.25) - 2008/08/28 - 17:40:36 (ET)
Table 'Kassandra II' 9-max Seat #3 is the button
Seat 1: RFKFREAK ($25 in chips) 
Seat 2: Boew ($24.05 in chips) 
Seat 3: doudou37 ($28.55 in chips) 
Seat 4: abuelapoker ($5.70 in chips) 
Seat 5: Alameda22 ($24.30 in chips) 
Seat 6: dartuser ($10.90 in chips) 
Seat 8: Faraon777 ($26.70 in chips) 
Seat 9: Zensay ($24.75 in chips) 
abuelapoker: posts small blind $0.10
Alameda22: posts big blind $0.25
lorchboy88: sits out 
*** HOLE CARDS ***
Dealt to Alameda22 [6c Ah]
dartuser: folds 
Faraon777: folds 
Zensay: calls $0.25
RFKFREAK: folds 
Boew: folds 
doudou37: folds 
abuelapoker: folds 
Alameda22: checks 
*** FLOP *** [7s 4c 9d]
Alameda22: checks 
Zensay: bets $0.50
Alameda22: folds 
Uncalled bet ($0.50) returned to Zensay
Zensay collected $0.60 from pot
*** SUMMARY ***
Total pot $0.60 | Rake $0 
Board [7s 4c 9d]
Seat 1: RFKFREAK folded before Flop (didn't bet)
Seat 2: Boew folded before Flop (didn't bet)
Seat 3: doudou37 (button) folded before Flop (didn't bet)
Seat 4: abuelapoker (small blind) folded before Flop
Seat 5: Alameda22 (big blind) folded on the Flop
Seat 6: dartuser folded before Flop (didn't bet)
Seat 8: Faraon777 folded before Flop (didn't bet)
Seat 9: Zensay collected ($0.60)



PokerStars Game #19971778985:  Hold'em No Limit ($0.10/$0.25) - 2008/08/28 - 17:41:45 (ET)
Table 'Kassandra II' 9-max Seat #4 is the button
Seat 1: RFKFREAK ($25 in chips) 
Seat 2: Boew ($24.05 in chips) 
Seat 3: doudou37 ($28.55 in chips) 
Seat 4: abuelapoker ($5.60 in chips) 
Seat 5: Alameda22 ($24.05 in chips) 
Seat 6: dartuser ($10.90 in chips) 
Seat 8: Faraon777 ($26.70 in chips) 
Seat 9: Zensay ($25.10 in chips) 
Alameda22: posts small blind $0.10
dartuser: posts big blind $0.25
lorchboy88: sits out 
*** HOLE CARDS ***
Dealt to Alameda22 [4s 6h]
Faraon777: folds 
Zensay is disconnected 
Zensay is connected 
Zensay: calls $0.25
RFKFREAK: folds 
Boew: folds 
doudou37: folds 
abuelapoker: folds 
Alameda22: folds 
dartuser: checks 
*** FLOP *** [Qh Jc 7h]
dartuser: checks 
Zensay is disconnected 
Zensay has timed out while disconnected
Zensay: checks 
*** TURN *** [Qh Jc 7h] [Jd]
dartuser: checks 
Zensay is connected 
Zensay: bets $0.50
dartuser: folds 
Uncalled bet ($0.50) returned to Zensay
Zensay collected $0.60 from pot
Zensay: doesn't show hand 
*** SUMMARY ***
Total pot $0.60 | Rake $0 
Board [Qh Jc 7h Jd]
Seat 1: RFKFREAK folded before Flop (didn't bet)
Seat 2: Boew folded before Flop (didn't bet)
Seat 3: doudou37 folded before Flop (didn't bet)
Seat 4: abuelapoker (button) folded before Flop (didn't bet)
Seat 5: Alameda22 (small blind) folded before Flop
Seat 6: dartuser (big blind) folded on the Turn
Seat 8: Faraon777 folded before Flop (didn't bet)
Seat 9: Zensay collected ($0.60)



PokerStars Game #19971831866:  Hold'em No Limit ($0.10/$0.25) - 2008/08/28 - 17:43:56 (ET)
Table 'Kassandra II' 9-max Seat #5 is the button
Seat 1: RFKFREAK ($25 in chips) 
Seat 2: Boew ($24.05 in chips) 
Seat 3: doudou37 ($28.55 in chips) 
Seat 4: abuelapoker ($5.60 in chips) 
Seat 5: Alameda22 ($23.95 in chips) 
Seat 6: dartuser ($10.65 in chips) 
Seat 7: lorchboy88 ($5 in chips) 
Seat 8: Faraon777 ($26.70 in chips) 
Seat 9: Zensay ($25.45 in chips) 
dartuser: posts small blind $0.10
lorchboy88: posts big blind $0.25
*** HOLE CARDS ***
Dealt to Alameda22 [3h 4c]
Faraon777: folds 
Zensay: calls $0.25
RFKFREAK: folds 
Boew: calls $0.25
doudou37: folds 
abuelapoker: folds 
Alameda22: folds 
dartuser: folds 
lorchboy88: checks 
*** FLOP *** [Ah 5s Kd]
lorchboy88: checks 
Zensay: bets $0.75
Boew: folds 
lorchboy88: folds 
Uncalled bet ($0.75) returned to Zensay
Zensay collected $0.85 from pot
Zensay: doesn't show hand 
*** SUMMARY ***
Total pot $0.85 | Rake $0 
Board [Ah 5s Kd]
Seat 1: RFKFREAK folded before Flop (didn't bet)
Seat 2: Boew folded on the Flop
Seat 3: doudou37 folded before Flop (didn't bet)
Seat 4: abuelapoker folded before Flop (didn't bet)
Seat 5: Alameda22 (button) folded before Flop (didn't bet)
Seat 6: dartuser (small blind) folded before Flop
Seat 7: lorchboy88 (big blind) folded on the Flop
Seat 8: Faraon777 folded before Flop (didn't bet)
Seat 9: Zensay collected ($0.85)



PokerStars Game #19971861361:  Hold'em No Limit ($0.10/$0.25) - 2008/08/28 - 17:45:09 (ET)
Table 'Kassandra II' 9-max Seat #6 is the button
Seat 1: RFKFREAK ($25 in chips) 
Seat 2: Boew ($23.80 in chips) 
Seat 3: doudou37 ($28.55 in chips) 
Seat 4: abuelapoker ($5.60 in chips) 
Seat 5: Alameda22 ($23.95 in chips) 
Seat 6: dartuser ($10.55 in chips) 
Seat 7: lorchboy88 ($4.75 in chips) 
Seat 8: Faraon777 ($26.70 in chips) 
Seat 9: Zensay ($26.05 in chips) 
lorchboy88: posts small blind $0.10
Faraon777: posts big blind $0.25
*** HOLE CARDS ***
Dealt to Alameda22 [Jc 7s]
Zensay: folds 
RFKFREAK: folds 
Boew: folds 
doudou37: raises $0.75 to $1
abuelapoker: folds 
Alameda22: folds 
dartuser: folds 
lorchboy88: folds 
Faraon777: folds 
Uncalled bet ($0.75) returned to doudou37
doudou37 collected $0.60 from pot
doudou37: doesn't show hand 
*** SUMMARY ***
Total pot $0.60 | Rake $0 
Seat 1: RFKFREAK folded before Flop (didn't bet)
Seat 2: Boew folded before Flop (didn't bet)
Seat 3: doudou37 collected ($0.60)
Seat 4: abuelapoker folded before Flop (didn't bet)
Seat 5: Alameda22 folded before Flop (didn't bet)
Seat 6: dartuser (button) folded before Flop (didn't bet)
Seat 7: lorchboy88 (small blind) folded before Flop
Seat 8: Faraon777 (big blind) folded before Flop
Seat 9: Zensay folded before Flop (didn't bet)



PokerStars Game #19971884616:  Hold'em No Limit ($0.10/$0.25) - 2008/08/28 - 17:46:07 (ET)
Table 'Kassandra II' 9-max Seat #7 is the button
Seat 1: RFKFREAK ($25 in chips) 
Seat 2: Boew ($23.80 in chips) 
Seat 3: doudou37 ($28.90 in chips) 
Seat 4: abuelapoker ($5.60 in chips) 
Seat 5: Alameda22 ($23.95 in chips) 
Seat 6: dartuser ($10.55 in chips) 
Seat 7: lorchboy88 ($4.65 in chips) 
Seat 8: Faraon777 ($26.45 in chips) 
Seat 9: Zensay ($26.05 in chips) 
Faraon777: posts small blind $0.10
Zensay: posts big blind $0.25
*** HOLE CARDS ***
Dealt to Alameda22 [5c 2s]
RFKFREAK: folds 
Boew: folds 
doudou37: folds 
abuelapoker: folds 
Alameda22: folds 
dartuser: folds 
lorchboy88: folds 
Faraon777: raises $0.75 to $1
Zensay: folds 
Uncalled bet ($0.75) returned to Faraon777
Faraon777 collected $0.50 from pot
Faraon777: doesn't show hand 
*** SUMMARY ***
Total pot $0.50 | Rake $0 
Seat 1: RFKFREAK folded before Flop (didn't bet)
Seat 2: Boew folded before Flop (didn't bet)
Seat 3: doudou37 folded before Flop (didn't bet)
Seat 4: abuelapoker folded before Flop (didn't bet)
Seat 5: Alameda22 folded before Flop (didn't bet)
Seat 6: dartuser folded before Flop (didn't bet)
Seat 7: lorchboy88 (button) folded before Flop (didn't bet)
Seat 8: Faraon777 (small blind) collected ($0.50)
Seat 9: Zensay (big blind) folded before Flop



PokerStars Game #19971910651:  Hold'em No Limit ($0.10/$0.25) - 2008/08/28 - 17:47:10 (ET)
Table 'Kassandra II' 9-max Seat #8 is the button
Seat 1: RFKFREAK ($25 in chips) 
Seat 2: Boew ($23.80 in chips) 
Seat 3: doudou37 ($28.90 in chips) 
Seat 4: abuelapoker ($5.60 in chips) 
Seat 5: Alameda22 ($23.95 in chips) 
Seat 6: dartuser ($10.55 in chips) 
Seat 7: lorchboy88 ($4.65 in chips) 
Seat 8: Faraon777 ($26.70 in chips) 
Seat 9: Zensay ($25.80 in chips) 
Zensay: posts small blind $0.10
RFKFREAK: posts big blind $0.25
*** HOLE CARDS ***
Dealt to Alameda22 [3h 8d]
Boew: calls $0.25
doudou37: folds 
abuelapoker: calls $0.25
Alameda22: folds 
dartuser: folds 
lorchboy88: raises $1 to $1.25
Faraon777: folds 
Zensay: folds 
RFKFREAK: folds 
Boew: folds 
abuelapoker: folds 
Uncalled bet ($1) returned to lorchboy88
lorchboy88 collected $1.10 from pot
*** SUMMARY ***
Total pot $1.10 | Rake $0 
Seat 1: RFKFREAK (big blind) folded before Flop
Seat 2: Boew folded before Flop
Seat 3: doudou37 folded before Flop (didn't bet)
Seat 4: abuelapoker folded before Flop
Seat 5: Alameda22 folded before Flop (didn't bet)
Seat 6: dartuser folded before Flop (didn't bet)
Seat 7: lorchboy88 collected ($1.10)
Seat 8: Faraon777 (button) folded before Flop (didn't bet)
Seat 9: Zensay (small blind) folded before Flop



PokerStars Game #19971935639:  Hold'em No Limit ($0.10/$0.25) - 2008/08/28 - 17:48:11 (ET)
Table 'Kassandra II' 9-max Seat #9 is the button
Seat 1: RFKFREAK ($25 in chips) 
Seat 2: Boew ($23.55 in chips) 
Seat 3: doudou37 ($28.90 in chips) 
Seat 4: abuelapoker ($5.35 in chips) 
Seat 5: Alameda22 ($23.95 in chips) 
Seat 6: dartuser ($10.55 in chips) 
Seat 7: lorchboy88 ($5.50 in chips) 
Seat 8: Faraon777 ($26.70 in chips) 
Seat 9: Zensay ($25.70 in chips) 
RFKFREAK: posts small blind $0.10
Boew: posts big blind $0.25
*** HOLE CARDS ***
Dealt to Alameda22 [5c Kh]
doudou37: folds 
abuelapoker: folds 
Alameda22: folds 
dartuser: calls $0.25
lorchboy88: folds 
Faraon777: folds 
Zensay: calls $0.25
RFKFREAK: calls $0.15
Boew: checks 
*** FLOP *** [Jc 6h Qh]
RFKFREAK: bets $0.75
Boew: folds 
dartuser: calls $0.75
Zensay: folds 
*** TURN *** [Jc 6h Qh] [3h]
RFKFREAK: bets $2
dartuser: calls $2
*** RIVER *** [Jc 6h Qh 3h] [4d]
RFKFREAK: bets $8
dartuser: folds 
Uncalled bet ($8) returned to RFKFREAK
RFKFREAK collected $6.20 from pot
*** SUMMARY ***
Total pot $6.50 | Rake $0.30 
Board [Jc 6h Qh 3h 4d]
Seat 1: RFKFREAK (small blind) collected ($6.20)
Seat 2: Boew (big blind) folded on the Flop
Seat 3: doudou37 folded before Flop (didn't bet)
Seat 4: abuelapoker folded before Flop (didn't bet)
Seat 5: Alameda22 folded before Flop (didn't bet)
Seat 6: dartuser folded on the River
Seat 7: lorchboy88 folded before Flop (didn't bet)
Seat 8: Faraon777 folded before Flop (didn't bet)
Seat 9: Zensay (button) folded on the Flop



PokerStars Game #19971985037:  Hold'em No Limit ($0.10/$0.25) - 2008/08/28 - 17:50:14 (ET)
Table 'Kassandra II' 9-max Seat #1 is the button
Seat 1: RFKFREAK ($28.20 in chips) 
Seat 2: Boew ($23.30 in chips) 
Seat 3: doudou37 ($28.90 in chips) 
Seat 4: abuelapoker ($5.35 in chips) 
Seat 5: Alameda22 ($23.95 in chips) 
Seat 6: dartuser ($7.55 in chips) 
Seat 7: lorchboy88 ($5.50 in chips) 
Seat 8: Faraon777 ($26.70 in chips) 
Seat 9: Zensay ($25.45 in chips) 
Boew: posts small blind $0.10
doudou37: posts big blind $0.25
*** HOLE CARDS ***
Dealt to Alameda22 [2s 3d]
abuelapoker: folds 
Alameda22: folds 
dartuser: folds 
dartuser leaves the table
lorchboy88: folds 
EnjoyLife73 joins the table at seat #6 
Faraon777: folds 
Zensay: folds 
RFKFREAK: raises $0.50 to $0.75
Boew: raises $1.25 to $2
doudou37: folds 
RFKFREAK: folds 
Uncalled bet ($1.25) returned to Boew
Boew collected $1.75 from pot
*** SUMMARY ***
Total pot $1.75 | Rake $0 
Seat 1: RFKFREAK (button) folded before Flop
Seat 2: Boew (small blind) collected ($1.75)
Seat 3: doudou37 (big blind) folded before Flop
Seat 4: abuelapoker folded before Flop (didn't bet)
Seat 5: Alameda22 folded before Flop (didn't bet)
Seat 6: dartuser folded before Flop (didn't bet)
Seat 7: lorchboy88 folded before Flop (didn't bet)
Seat 8: Faraon777 folded before Flop (didn't bet)
Seat 9: Zensay folded before Flop (didn't bet)



PokerStars Game #19972014167:  Hold'em No Limit ($0.10/$0.25) - 2008/08/28 - 17:51:25 (ET)
Table 'Kassandra II' 9-max Seat #2 is the button
Seat 1: RFKFREAK ($27.45 in chips) 
Seat 2: Boew ($24.30 in chips) 
Seat 3: doudou37 ($28.65 in chips) 
Seat 4: abuelapoker ($5.35 in chips) 
Seat 5: Alameda22 ($23.95 in chips) 
Seat 7: lorchboy88 ($5.50 in chips) 
Seat 8: Faraon777 ($26.70 in chips) 
Seat 9: Zensay ($25.45 in chips) 
doudou37: posts small blind $0.10
abuelapoker: posts big blind $0.25
EnjoyLife73: sits out 
*** HOLE CARDS ***
Dealt to Alameda22 [7d 5h]
Alameda22: folds 
lorchboy88: folds 
Faraon777: folds 
Zensay: raises $0.75 to $1
RFKFREAK: calls $1
Boew: folds 
doudou37: folds 
abuelapoker: folds 
*** FLOP *** [5c Ad 8c]
Zensay: bets $1.50
RFKFREAK: calls $1.50
*** TURN *** [5c Ad 8c] [8d]
Zensay: bets $2.50
RFKFREAK: calls $2.50
*** RIVER *** [5c Ad 8c 8d] [Ac]
Zensay: bets $3.50
RFKFREAK: folds 
Uncalled bet ($3.50) returned to Zensay
Zensay collected $9.85 from pot
Zensay: doesn't show hand 
*** SUMMARY ***
Total pot $10.35 | Rake $0.50 
Board [5c Ad 8c 8d Ac]
Seat 1: RFKFREAK folded on the River
Seat 2: Boew (button) folded before Flop (didn't bet)
Seat 3: doudou37 (small blind) folded before Flop
Seat 4: abuelapoker (big blind) folded before Flop
Seat 5: Alameda22 folded before Flop (didn't bet)
Seat 7: lorchboy88 folded before Flop (didn't bet)
Seat 8: Faraon777 folded before Flop (didn't bet)
Seat 9: Zensay collected ($9.85)



PokerStars Game #19972095820:  Hold'em No Limit ($0.10/$0.25) - 2008/08/28 - 17:54:48 (ET)
Table 'Kassandra II' 9-max Seat #3 is the button
Seat 1: RFKFREAK ($25 in chips) 
Seat 2: Boew ($24.30 in chips) 
Seat 3: doudou37 ($28.55 in chips) 
Seat 4: abuelapoker ($5.10 in chips) 
Seat 5: Alameda22 ($23.95 in chips) 
Seat 7: lorchboy88 ($5.50 in chips) 
Seat 8: Faraon777 ($26.70 in chips) 
Seat 9: Zensay ($30.30 in chips) 
abuelapoker: posts small blind $0.10
Alameda22: posts big blind $0.25
EnjoyLife73: sits out 
*** HOLE CARDS ***
Dealt to Alameda22 [9c Th]
lorchboy88: folds 
Faraon777: folds 
Zensay: folds 
RFKFREAK: folds 
Boew: folds 
doudou37: folds 
abuelapoker: folds 
Uncalled bet ($0.15) returned to Alameda22
Alameda22 collected $0.20 from pot
Alameda22: doesn't show hand 
*** SUMMARY ***
Total pot $0.20 | Rake $0 
Seat 1: RFKFREAK folded before Flop (didn't bet)
Seat 2: Boew folded before Flop (didn't bet)
Seat 3: doudou37 (button) folded before Flop (didn't bet)
Seat 4: abuelapoker (small blind) folded before Flop
Seat 5: Alameda22 (big blind) collected ($0.20)
Seat 7: lorchboy88 folded before Flop (didn't bet)
Seat 8: Faraon777 folded before Flop (didn't bet)
Seat 9: Zensay folded before Flop (didn't bet)



PokerStars Game #19972125905:  Hold'em No Limit ($0.10/$0.25) - 2008/08/28 - 17:56:03 (ET)
Table 'Kassandra II' 9-max Seat #4 is the button
Seat 1: RFKFREAK ($25 in chips) 
Seat 2: Boew ($24.30 in chips) 
Seat 3: doudou37 ($28.55 in chips) 
Seat 4: abuelapoker ($5 in chips) 
Seat 5: Alameda22 ($24.05 in chips) 
Seat 6: EnjoyLife73 ($25 in chips) 
Seat 7: lorchboy88 ($5.50 in chips) 
Seat 8: Faraon777 ($26.70 in chips) 
Seat 9: Zensay ($30.30 in chips) 
Alameda22: posts small blind $0.10
EnjoyLife73: posts big blind $0.25
*** HOLE CARDS ***
Dealt to Alameda22 [3d Kd]
lorchboy88: folds 
Faraon777: folds 
Zensay: calls $0.25
RFKFREAK: folds 
Boew: calls $0.25
doudou37: raises $1.25 to $1.50
abuelapoker: folds 
Alameda22: folds 
EnjoyLife73: folds 
Zensay: folds 
Boew: folds 
Uncalled bet ($1.25) returned to doudou37
doudou37 collected $1.10 from pot
doudou37: doesn't show hand 
*** SUMMARY ***
Total pot $1.10 | Rake $0 
Seat 1: RFKFREAK folded before Flop (didn't bet)
Seat 2: Boew folded before Flop
Seat 3: doudou37 collected ($1.10)
Seat 4: abuelapoker (button) folded before Flop (didn't bet)
Seat 5: Alameda22 (small blind) folded before Flop
Seat 6: EnjoyLife73 (big blind) folded before Flop
Seat 7: lorchboy88 folded before Flop (didn't bet)
Seat 8: Faraon777 folded before Flop (didn't bet)
Seat 9: Zensay folded before Flop



PokerStars Game #19972154316:  Hold'em No Limit ($0.10/$0.25) - 2008/08/28 - 17:57:14 (ET)
Table 'Kassandra II' 9-max Seat #5 is the button
Seat 1: RFKFREAK ($25 in chips) 
Seat 2: Boew ($24.05 in chips) 
Seat 3: doudou37 ($29.40 in chips) 
Seat 4: abuelapoker ($5 in chips) 
Seat 5: Alameda22 ($23.95 in chips) 
Seat 6: EnjoyLife73 ($24.75 in chips) 
Seat 7: lorchboy88 ($5.50 in chips) 
Seat 8: Faraon777 ($26.70 in chips) 
Seat 9: Zensay ($30.05 in chips) 
EnjoyLife73: posts small blind $0.10
lorchboy88: posts big blind $0.25
*** HOLE CARDS ***
Dealt to Alameda22 [9c 4d]
Faraon777: folds 
Zensay: raises $0.75 to $1
RFKFREAK has timed out
RFKFREAK: folds 
RFKFREAK is sitting out
RFKFREAK has returned
Boew: calls $1
doudou37: folds 
abuelapoker: folds 
Alameda22: folds 
EnjoyLife73: folds 
lorchboy88: folds 
*** FLOP *** [3c Jh As]
Zensay is disconnected 
Zensay is connected 
Zensay: bets $1.50
Boew: folds 
Uncalled bet ($1.50) returned to Zensay
Zensay collected $2.25 from pot
Zensay: doesn't show hand 
*** SUMMARY ***
Total pot $2.35 | Rake $0.10 
Board [3c Jh As]
Seat 1: RFKFREAK folded before Flop (didn't bet)
Seat 2: Boew folded on the Flop
Seat 3: doudou37 folded before Flop (didn't bet)
Seat 4: abuelapoker folded before Flop (didn't bet)
Seat 5: Alameda22 (button) folded before Flop (didn't bet)
Seat 6: EnjoyLife73 (small blind) folded before Flop
Seat 7: lorchboy88 (big blind) folded before Flop
Seat 8: Faraon777 folded before Flop (didn't bet)
Seat 9: Zensay collected ($2.25)



PokerStars Game #19972207742:  Hold'em No Limit ($0.10/$0.25) - 2008/08/28 - 17:59:28 (ET)
Table 'Kassandra II' 9-max Seat #6 is the button
Seat 1: RFKFREAK ($25 in chips) 
Seat 2: Boew ($23.05 in chips) 
Seat 3: doudou37 ($29.40 in chips) 
Seat 4: abuelapoker ($5 in chips) 
Seat 5: Alameda22 ($23.95 in chips) 
Seat 6: EnjoyLife73 ($24.65 in chips) 
Seat 7: lorchboy88 ($5.25 in chips) 
Seat 8: Faraon777 ($26.70 in chips) 
Seat 9: Zensay ($31.30 in chips) 
lorchboy88: posts small blind $0.10
Faraon777: posts big blind $0.25
*** HOLE CARDS ***
Dealt to Alameda22 [6c Jh]
Zensay: folds 
Zensay leaves the table
RFKFREAK: folds 
Boew: calls $0.25
doudou37: folds 
abuelapoker: folds 
Alameda22: folds 
EnjoyLife73: folds 
lorchboy88: folds 
Faraon777: checks 
*** FLOP *** [8d 4h 3c]
lorchboy88 leaves the table
Faraon777: checks 
Boew: bets $0.75
Faraon777: folds 
Uncalled bet ($0.75) returned to Boew
Boew collected $0.60 from pot
*** SUMMARY ***
Total pot $0.60 | Rake $0 
Board [8d 4h 3c]
Seat 1: RFKFREAK folded before Flop (didn't bet)
Seat 2: Boew collected ($0.60)
Seat 3: doudou37 folded before Flop (didn't bet)
Seat 4: abuelapoker folded before Flop (didn't bet)
Seat 5: Alameda22 folded before Flop (didn't bet)
Seat 6: EnjoyLife73 (button) folded before Flop (didn't bet)
Seat 7: lorchboy88 (small blind) folded before Flop
Seat 8: Faraon777 (big blind) folded on the Flop
Seat 9: Zensay folded before Flop (didn't bet)



PokerStars Game #19972242162:  Hold'em No Limit ($0.10/$0.25) - 2008/08/28 - 18:00:53 (ET)
Table 'Kassandra II' 9-max Seat #8 is the button
Seat 1: RFKFREAK ($25 in chips) 
Seat 2: Boew ($23.40 in chips) 
Seat 3: doudou37 ($29.40 in chips) 
Seat 4: abuelapoker ($5 in chips) 
Seat 5: Alameda22 ($23.95 in chips) 
Seat 6: EnjoyLife73 ($24.65 in chips) 
Seat 8: Faraon777 ($26.45 in chips) 
RFKFREAK: posts small blind $0.10
Boew: posts big blind $0.25
*** HOLE CARDS ***
Dealt to Alameda22 [2h Jd]
doudou37: folds 
abuelapoker: folds 
Alameda22: folds 
EnjoyLife73: raises $0.75 to $1
Faraon777: folds 
RFKFREAK: raises $3 to $4
Boew: folds 
EnjoyLife73: folds 
Uncalled bet ($3) returned to RFKFREAK
RFKFREAK collected $2.25 from pot
*** SUMMARY ***
Total pot $2.25 | Rake $0 
Seat 1: RFKFREAK (small blind) collected ($2.25)
Seat 2: Boew (big blind) folded before Flop
Seat 3: doudou37 folded before Flop (didn't bet)
Seat 4: abuelapoker folded before Flop (didn't bet)
Seat 5: Alameda22 folded before Flop (didn't bet)
Seat 6: EnjoyLife73 folded before Flop
Seat 8: Faraon777 (button) folded before Flop (didn't bet)



PokerStars Game #19972264005:  Hold'em No Limit ($0.10/$0.25) - 2008/08/28 - 18:01:47 (ET)
Table 'Kassandra II' 9-max Seat #1 is the button
Seat 1: RFKFREAK ($26.25 in chips) 
Seat 2: Boew ($23.15 in chips) 
Seat 3: doudou37 ($29.40 in chips) 
Seat 4: abuelapoker ($5 in chips) 
Seat 5: Alameda22 ($23.95 in chips) 
Seat 6: EnjoyLife73 ($23.65 in chips) 
Seat 8: Faraon777 ($26.45 in chips) 
Boew: posts small blind $0.10
doudou37: posts big blind $0.25
*** HOLE CARDS ***
Dealt to Alameda22 [Jc 7d]
abuelapoker: folds 
Alameda22: folds 
EnjoyLife73: folds 
Faraon777: folds 
RFKFREAK: folds 
Boew: raises $0.25 to $0.50
doudou37: folds 
Uncalled bet ($0.25) returned to Boew
Boew collected $0.50 from pot
*** SUMMARY ***
Total pot $0.50 | Rake $0 
Seat 1: RFKFREAK (button) folded before Flop (didn't bet)
Seat 2: Boew (small blind) collected ($0.50)
Seat 3: doudou37 (big blind) folded before Flop
Seat 4: abuelapoker folded before Flop (didn't bet)
Seat 5: Alameda22 folded before Flop (didn't bet)
Seat 6: EnjoyLife73 folded before Flop (didn't bet)
Seat 8: Faraon777 folded before Flop (didn't bet)



PokerStars Game #19972281499:  Hold'em No Limit ($0.10/$0.25) - 2008/08/28 - 18:02:31 (ET)
Table 'Kassandra II' 9-max Seat #2 is the button
Seat 1: RFKFREAK ($26.25 in chips) 
Seat 2: Boew ($23.40 in chips) 
Seat 3: doudou37 ($29.15 in chips) 
Seat 5: Alameda22 ($23.95 in chips) 
Seat 6: EnjoyLife73 ($23.65 in chips) 
Seat 8: Faraon777 ($26.45 in chips) 
doudou37: posts small blind $0.10
abuelapoker: is sitting out 
abuelapoker leaves the table
Alameda22: posts big blind $0.25
*** HOLE CARDS ***
Dealt to Alameda22 [Td 6s]
EnjoyLife73: folds 
Faraon777: raises $0.75 to $1
RFKFREAK: folds 
Boew: folds 
doudou37: folds 
Alameda22: folds 
Uncalled bet ($0.75) returned to Faraon777
Faraon777 collected $0.60 from pot
Faraon777: doesn't show hand 
*** SUMMARY ***
Total pot $0.60 | Rake $0 
Seat 1: RFKFREAK folded before Flop (didn't bet)
Seat 2: Boew (button) folded before Flop (didn't bet)
Seat 3: doudou37 (small blind) folded before Flop
Seat 5: Alameda22 (big blind) folded before Flop
Seat 6: EnjoyLife73 folded before Flop (didn't bet)
Seat 8: Faraon777 collected ($0.60)



PokerStars Game #19972303797:  Hold'em No Limit ($0.10/$0.25) - 2008/08/28 - 18:03:26 (ET)
Table 'Kassandra II' 9-max Seat #3 is the button
Seat 1: RFKFREAK ($26.25 in chips) 
Seat 2: Boew ($23.40 in chips) 
Seat 3: doudou37 ($29.05 in chips) 
Seat 5: Alameda22 ($23.70 in chips) 
Seat 6: EnjoyLife73 ($23.65 in chips) 
Seat 8: Faraon777 ($26.80 in chips) 
Alameda22: posts small blind $0.10
EnjoyLife73: posts big blind $0.25
*** HOLE CARDS ***
Dealt to Alameda22 [3c Ac]
Faraon777: calls $0.25
RFKFREAK: folds 
Boew: raises $0.25 to $0.50
bainwash112 joins the table at seat #7 
doudou37: folds 
Alameda22: folds 
EnjoyLife73: folds 
Faraon777: folds 
Uncalled bet ($0.25) returned to Boew
Boew collected $0.85 from pot
*** SUMMARY ***
Total pot $0.85 | Rake $0 
Seat 1: RFKFREAK folded before Flop (didn't bet)
Seat 2: Boew collected ($0.85)
Seat 3: doudou37 (button) folded before Flop (didn't bet)
Seat 5: Alameda22 (small blind) folded before Flop
Seat 6: EnjoyLife73 (big blind) folded before Flop
Seat 8: Faraon777 folded before Flop



PokerStars Game #19972324674:  Hold'em No Limit ($0.10/$0.25) - 2008/08/28 - 18:04:18 (ET)
Table 'Kassandra II' 9-max Seat #5 is the button
Seat 1: RFKFREAK ($26.25 in chips) 
Seat 2: Boew ($24 in chips) 
Seat 3: doudou37 ($29.05 in chips) 
Seat 5: Alameda22 ($23.60 in chips) 
Seat 6: EnjoyLife73 ($23.40 in chips) 
Seat 7: bainwash112 ($15 in chips) 
Seat 8: Faraon777 ($26.55 in chips) 
EnjoyLife73: posts small blind $0.10
bainwash112: posts big blind $0.25
*** HOLE CARDS ***
Dealt to Alameda22 [7h 7s]
Faraon777: folds 
Faraon777 leaves the table
RFKFREAK: folds 
Boew: folds 
Boew leaves the table
doudou37: raises $0.75 to $1
Alameda22: calls $1
EnjoyLife73: folds 
bainwash112: folds 
*** FLOP *** [Jh Th 9c]
YooYM@steR joins the table at seat #4 
doudou37: bets $1.50
Alameda22: folds 
Uncalled bet ($1.50) returned to doudou37
doudou37 collected $2.25 from pot
doudou37: doesn't show hand 
*** SUMMARY ***
Total pot $2.35 | Rake $0.10 
Board [Jh Th 9c]
Seat 1: RFKFREAK folded before Flop (didn't bet)
Seat 2: Boew folded before Flop (didn't bet)
Seat 3: doudou37 collected ($2.25)
Seat 5: Alameda22 (button) folded on the Flop
Seat 6: EnjoyLife73 (small blind) folded before Flop
Seat 7: bainwash112 (big blind) folded before Flop
Seat 8: Faraon777 folded before Flop (didn't bet)



PokerStars Game #19972352522:  Hold'em No Limit ($0.10/$0.25) - 2008/08/28 - 18:05:28 (ET)
Table 'Kassandra II' 9-max Seat #6 is the button
Seat 3: doudou37 ($30.30 in chips) 
Seat 4: YooYM@steR ($10 in chips) 
Seat 5: Alameda22 ($22.60 in chips) 
Seat 6: EnjoyLife73 ($23.30 in chips) 
Seat 7: bainwash112 ($14.75 in chips) 
bainwash112: posts small blind $0.10
RFKFREAK: is sitting out 
doudou37: posts big blind $0.25
YooYM@steR: posts big blind $0.25
*** HOLE CARDS ***
Dealt to Alameda22 [6d Ts]
RFKFREAK leaves the table
YooYM@steR: checks 
Alameda22: folds 
EnjoyLife73: folds 
bainwash112: raises $1 to $1.25
doudou37: folds 
YooYM@steR: folds 
Uncalled bet ($1) returned to bainwash112
bainwash112 collected $0.75 from pot
bainwash112: doesn't show hand 
*** SUMMARY ***
Total pot $0.75 | Rake $0 
Seat 3: doudou37 (big blind) folded before Flop
Seat 4: YooYM@steR folded before Flop
Seat 5: Alameda22 folded before Flop (didn't bet)
Seat 6: EnjoyLife73 (button) folded before Flop (didn't bet)
Seat 7: bainwash112 (small blind) collected ($0.75)



