PokerStars Game #20153032580:  Hold'em No Limit ($0.25/$0.50) - 2008/09/04 21:23:14 ET
Table 'Celuta V' 9-max Seat #4 is the button
Seat 1: Onkapa ($49 in chips) 
Seat 2: wasschappel ($40.80 in chips) 
Seat 3: Alameda22 ($50 in chips) 
Seat 4: Make_my_D ($45.25 in chips) 
Seat 5: zabujca ($52.85 in chips) 
Seat 6: FrAnWaN ($54.55 in chips) 
Seat 7: YouthNAsia ($51.75 in chips) 
Seat 8: mcdougal2 ($98.25 in chips) 
zabujca: posts small blind $0.25
FrAnWaN: posts big blind $0.50
nickianthony: sits out 
Alameda22: posts big blind $0.50
*** HOLE CARDS ***
Dealt to Alameda22 [5d Kd]
YouthNAsia: folds 
mcdougal2: folds 
Onkapa: folds 
wasschappel: folds 
Alameda22: checks 
Make_my_D: folds 
zabujca: calls $0.25
FrAnWaN: checks 
*** FLOP *** [Td Jd 3c]
zabujca: checks 
FrAnWaN: checks 
Alameda22: bets $1
zabujca: folds 
FrAnWaN: folds 
Uncalled bet ($1) returned to Alameda22
wasschappel leaves the table
Alameda22 collected $1.45 from pot
Alameda22: doesn't show hand 
*** SUMMARY ***
Total pot $1.50 | Rake $0.05 
Board [Td Jd 3c]
Seat 1: Onkapa folded before Flop (didn't bet)
Seat 2: wasschappel folded before Flop (didn't bet)
Seat 3: Alameda22 collected ($1.45)
Seat 4: Make_my_D (button) folded before Flop (didn't bet)
Seat 5: zabujca (small blind) folded on the Flop
Seat 6: FrAnWaN (big blind) folded on the Flop
Seat 7: YouthNAsia folded before Flop (didn't bet)
Seat 8: mcdougal2 folded before Flop (didn't bet)



PokerStars Game #20153065368:  Hold'em No Limit ($0.25/$0.50) - 2008/09/04 21:24:43 ET
Table 'Celuta V' 9-max Seat #5 is the button
Seat 1: Onkapa ($49 in chips) 
Seat 3: Alameda22 ($50.95 in chips) 
Seat 4: Make_my_D ($45.25 in chips) 
Seat 5: zabujca ($52.35 in chips) 
Seat 6: FrAnWaN ($54.05 in chips) 
Seat 7: YouthNAsia ($51.75 in chips) 
Seat 8: mcdougal2 ($98.25 in chips) 
FrAnWaN: posts small blind $0.25
YouthNAsia: posts big blind $0.50
nickianthony: sits out 
*** HOLE CARDS ***
Dealt to Alameda22 [6c Ks]
mcdougal2: calls $0.50
iTsTheGrind joins the table at seat #2 
Onkapa: folds 
Alameda22: folds 
Make_my_D: folds 
zabujca: folds 
FrAnWaN: calls $0.25
YouthNAsia: checks 
*** FLOP *** [5h Ts 3h]
FrAnWaN: checks 
YouthNAsia: checks 
mcdougal2: bets $1
FrAnWaN: folds 
YouthNAsia: folds 
Uncalled bet ($1) returned to mcdougal2
zabujca leaves the table
mcdougal2 collected $1.45 from pot
mcdougal2: doesn't show hand 
*** SUMMARY ***
Total pot $1.50 | Rake $0.05 
Board [5h Ts 3h]
Seat 1: Onkapa folded before Flop (didn't bet)
Seat 3: Alameda22 folded before Flop (didn't bet)
Seat 4: Make_my_D folded before Flop (didn't bet)
Seat 5: zabujca (button) folded before Flop (didn't bet)
Seat 6: FrAnWaN (small blind) folded on the Flop
Seat 7: YouthNAsia (big blind) folded on the Flop
Seat 8: mcdougal2 collected ($1.45)



PokerStars Game #20153097852:  Hold'em No Limit ($0.25/$0.50) - 2008/09/04 21:26:12 ET
Table 'Celuta V' 9-max Seat #6 is the button
Seat 1: Onkapa ($49 in chips) 
Seat 3: Alameda22 ($50.95 in chips) 
Seat 4: Make_my_D ($45.25 in chips) 
Seat 6: FrAnWaN ($53.55 in chips) 
Seat 7: YouthNAsia ($51.25 in chips) 
Seat 8: mcdougal2 ($99.20 in chips) 
YouthNAsia: posts small blind $0.25
mcdougal2: posts big blind $0.50
nickianthony: sits out 
iTsTheGrind: sits out 
*** HOLE CARDS ***
Dealt to Alameda22 [Qh Ac]
Onkapa: folds 
Alameda22: raises $1.50 to $2
Make_my_D: folds 
FrAnWaN: folds 
YouthNAsia: folds 
mcdougal2: folds 
Uncalled bet ($1.50) returned to Alameda22
Alameda22 collected $1.25 from pot
Alameda22: doesn't show hand 
*** SUMMARY ***
Total pot $1.25 | Rake $0 
Seat 1: Onkapa folded before Flop (didn't bet)
Seat 3: Alameda22 collected ($1.25)
Seat 4: Make_my_D folded before Flop (didn't bet)
Seat 6: FrAnWaN (button) folded before Flop (didn't bet)
Seat 7: YouthNAsia (small blind) folded before Flop
Seat 8: mcdougal2 (big blind) folded before Flop



PokerStars Game #20153117858:  Hold'em No Limit ($0.25/$0.50) - 2008/09/04 21:27:07 ET
Table 'Celuta V' 9-max Seat #7 is the button
Seat 1: Onkapa ($49 in chips) 
Seat 3: Alameda22 ($51.70 in chips) 
Seat 4: Make_my_D ($45.25 in chips) 
Seat 6: FrAnWaN ($53.55 in chips) 
Seat 7: YouthNAsia ($51 in chips) 
Seat 8: mcdougal2 ($98.70 in chips) 
Seat 9: nickianthony ($32 in chips) 
mcdougal2: posts small blind $0.25
nickianthony: posts big blind $0.50
iTsTheGrind: sits out 
*** HOLE CARDS ***
Dealt to Alameda22 [2c Qc]
Onkapa: folds 
Alameda22: folds 
Make_my_D: folds 
FrAnWaN: folds 
YouthNAsia: raises $1 to $1.50
mcdougal2: folds 
nickianthony: folds 
Uncalled bet ($1) returned to YouthNAsia
YouthNAsia collected $1.25 from pot
YouthNAsia: doesn't show hand 
*** SUMMARY ***
Total pot $1.25 | Rake $0 
Seat 1: Onkapa folded before Flop (didn't bet)
Seat 3: Alameda22 folded before Flop (didn't bet)
Seat 4: Make_my_D folded before Flop (didn't bet)
Seat 6: FrAnWaN folded before Flop (didn't bet)
Seat 7: YouthNAsia (button) collected ($1.25)
Seat 8: mcdougal2 (small blind) folded before Flop
Seat 9: nickianthony (big blind) folded before Flop



PokerStars Game #20153133567:  Hold'em No Limit ($0.25/$0.50) - 2008/09/04 21:27:49 ET
Table 'Celuta V' 9-max Seat #8 is the button
Seat 1: Onkapa ($49 in chips) 
Seat 3: Alameda22 ($51.70 in chips) 
Seat 4: Make_my_D ($45.25 in chips) 
Seat 6: FrAnWaN ($53.55 in chips) 
Seat 7: YouthNAsia ($51.75 in chips) 
Seat 8: mcdougal2 ($98.45 in chips) 
Seat 9: nickianthony ($31.50 in chips) 
nickianthony: posts small blind $0.25
Onkapa: posts big blind $0.50
iTsTheGrind: sits out 
*** HOLE CARDS ***
Dealt to Alameda22 [5c Td]
Alameda22: folds 
Make_my_D: raises $2 to $2.50
FrAnWaN: folds 
YouthNAsia: folds 
mcdougal2: folds 
nickianthony: folds 
Onkapa: folds 
Uncalled bet ($2) returned to Make_my_D
Make_my_D collected $1.25 from pot
Make_my_D: doesn't show hand 
*** SUMMARY ***
Total pot $1.25 | Rake $0 
Seat 1: Onkapa (big blind) folded before Flop
Seat 3: Alameda22 folded before Flop (didn't bet)
Seat 4: Make_my_D collected ($1.25)
Seat 6: FrAnWaN folded before Flop (didn't bet)
Seat 7: YouthNAsia folded before Flop (didn't bet)
Seat 8: mcdougal2 (button) folded before Flop (didn't bet)
Seat 9: nickianthony (small blind) folded before Flop



PokerStars Game #20153146312:  Hold'em No Limit ($0.25/$0.50) - 2008/09/04 21:28:24 ET
Table 'Celuta V' 9-max Seat #9 is the button
Seat 1: Onkapa ($48.50 in chips) 
Seat 2: iTsTheGrind ($50 in chips) 
Seat 3: Alameda22 ($51.70 in chips) 
Seat 4: Make_my_D ($46 in chips) 
Seat 6: FrAnWaN ($53.55 in chips) 
Seat 7: YouthNAsia ($51.75 in chips) 
Seat 8: mcdougal2 ($98.45 in chips) 
Seat 9: nickianthony ($31.25 in chips) 
Onkapa: posts small blind $0.25
iTsTheGrind: posts big blind $0.50
*** HOLE CARDS ***
Dealt to Alameda22 [2s 3h]
Alameda22: folds 
Make_my_D: folds 
FrAnWaN: folds 
vtkelso joins the table at seat #5 
YouthNAsia: folds 
mcdougal2: folds 
nickianthony: folds 
Onkapa: folds 
Uncalled bet ($0.25) returned to iTsTheGrind
iTsTheGrind collected $0.50 from pot
iTsTheGrind: doesn't show hand 
*** SUMMARY ***
Total pot $0.50 | Rake $0 
Seat 1: Onkapa (small blind) folded before Flop
Seat 2: iTsTheGrind (big blind) collected ($0.50)
Seat 3: Alameda22 folded before Flop (didn't bet)
Seat 4: Make_my_D folded before Flop (didn't bet)
Seat 6: FrAnWaN folded before Flop (didn't bet)
Seat 7: YouthNAsia folded before Flop (didn't bet)
Seat 8: mcdougal2 folded before Flop (didn't bet)
Seat 9: nickianthony (button) folded before Flop (didn't bet)



PokerStars Game #20153159001:  Hold'em No Limit ($0.25/$0.50) - 2008/09/04 21:28:59 ET
Table 'Celuta V' 9-max Seat #1 is the button
Seat 1: Onkapa ($48.25 in chips) 
Seat 2: iTsTheGrind ($50.25 in chips) 
Seat 3: Alameda22 ($51.70 in chips) 
Seat 4: Make_my_D ($46 in chips) 
Seat 6: FrAnWaN ($53.55 in chips) 
Seat 7: YouthNAsia ($51.75 in chips) 
Seat 8: mcdougal2 ($98.45 in chips) 
Seat 9: nickianthony ($31.25 in chips) 
iTsTheGrind: posts small blind $0.25
Alameda22: posts big blind $0.50
vtkelso: sits out 
*** HOLE CARDS ***
Dealt to Alameda22 [2s 7c]
Make_my_D: folds 
FrAnWaN: folds 
YouthNAsia: raises $1.50 to $2
mcdougal2: folds 
nickianthony: folds 
Onkapa: folds 
iTsTheGrind: folds 
Alameda22: folds 
Uncalled bet ($1.50) returned to YouthNAsia
YouthNAsia collected $1.25 from pot
YouthNAsia: doesn't show hand 
*** SUMMARY ***
Total pot $1.25 | Rake $0 
Seat 1: Onkapa (button) folded before Flop (didn't bet)
Seat 2: iTsTheGrind (small blind) folded before Flop
Seat 3: Alameda22 (big blind) folded before Flop
Seat 4: Make_my_D folded before Flop (didn't bet)
Seat 6: FrAnWaN folded before Flop (didn't bet)
Seat 7: YouthNAsia collected ($1.25)
Seat 8: mcdougal2 folded before Flop (didn't bet)
Seat 9: nickianthony folded before Flop (didn't bet)



PokerStars Game #20153173412:  Hold'em No Limit ($0.25/$0.50) - 2008/09/04 21:29:39 ET
Table 'Celuta V' 9-max Seat #2 is the button
Seat 1: Onkapa ($48.25 in chips) 
Seat 2: iTsTheGrind ($50 in chips) 
Seat 3: Alameda22 ($51.20 in chips) 
Seat 4: Make_my_D ($46 in chips) 
Seat 6: FrAnWaN ($53.55 in chips) 
Seat 7: YouthNAsia ($52.50 in chips) 
Seat 8: mcdougal2 ($98.45 in chips) 
Seat 9: nickianthony ($31.25 in chips) 
Alameda22: posts small blind $0.25
Make_my_D: posts big blind $0.50
vtkelso: sits out 
*** HOLE CARDS ***
Dealt to Alameda22 [8h 3d]
FrAnWaN: folds 
YouthNAsia: folds 
mcdougal2: calls $0.50
nickianthony: folds 
Onkapa: folds 
iTsTheGrind: folds 
Alameda22: folds 
Make_my_D: checks 
*** FLOP *** [9h Kc 5c]
Make_my_D: checks 
mcdougal2: checks 
*** TURN *** [9h Kc 5c] [Qh]
Make_my_D: checks 
mcdougal2: checks 
*** RIVER *** [9h Kc 5c Qh] [3h]
Make_my_D: checks 
mcdougal2: checks 
*** SHOW DOWN ***
Make_my_D: shows [3s As] (a pair of Threes)
mcdougal2: shows [Tc Ts] (a pair of Tens)
mcdougal2 collected $1.20 from pot
*** SUMMARY ***
Total pot $1.25 | Rake $0.05 
Board [9h Kc 5c Qh 3h]
Seat 1: Onkapa folded before Flop (didn't bet)
Seat 2: iTsTheGrind (button) folded before Flop (didn't bet)
Seat 3: Alameda22 (small blind) folded before Flop
Seat 4: Make_my_D (big blind) showed [3s As] and lost with a pair of Threes
Seat 6: FrAnWaN folded before Flop (didn't bet)
Seat 7: YouthNAsia folded before Flop (didn't bet)
Seat 8: mcdougal2 showed [Tc Ts] and won ($1.20) with a pair of Tens
Seat 9: nickianthony folded before Flop (didn't bet)



PokerStars Game #20153206240:  Hold'em No Limit ($0.25/$0.50) - 2008/09/04 21:31:07 ET
Table 'Celuta V' 9-max Seat #3 is the button
Seat 1: Onkapa ($48.25 in chips) 
Seat 2: iTsTheGrind ($50 in chips) 
Seat 3: Alameda22 ($50.95 in chips) 
Seat 4: Make_my_D ($45.50 in chips) 
Seat 5: vtkelso ($40.70 in chips) 
Seat 6: FrAnWaN ($53.55 in chips) 
Seat 7: YouthNAsia ($52.50 in chips) 
Seat 8: mcdougal2 ($99.15 in chips) 
Seat 9: nickianthony ($31.25 in chips) 
Make_my_D: posts small blind $0.25
vtkelso: posts big blind $0.50
*** HOLE CARDS ***
Dealt to Alameda22 [5s 3d]
FrAnWaN: folds 
YouthNAsia: folds 
mcdougal2: folds 
nickianthony: folds 
Onkapa: folds 
iTsTheGrind: folds 
Alameda22: folds 
Make_my_D: raises $0.50 to $1
vtkelso: folds 
Uncalled bet ($0.50) returned to Make_my_D
Make_my_D collected $1 from pot
Make_my_D: doesn't show hand 
*** SUMMARY ***
Total pot $1 | Rake $0 
Seat 1: Onkapa folded before Flop (didn't bet)
Seat 2: iTsTheGrind folded before Flop (didn't bet)
Seat 3: Alameda22 (button) folded before Flop (didn't bet)
Seat 4: Make_my_D (small blind) collected ($1)
Seat 5: vtkelso (big blind) folded before Flop
Seat 6: FrAnWaN folded before Flop (didn't bet)
Seat 7: YouthNAsia folded before Flop (didn't bet)
Seat 8: mcdougal2 folded before Flop (didn't bet)
Seat 9: nickianthony folded before Flop (didn't bet)



PokerStars Game #20153226338:  Hold'em No Limit ($0.25/$0.50) - 2008/09/04 21:32:02 ET
Table 'Celuta V' 9-max Seat #4 is the button
Seat 1: Onkapa ($48.25 in chips) 
Seat 2: iTsTheGrind ($50 in chips) 
Seat 3: Alameda22 ($50.95 in chips) 
Seat 4: Make_my_D ($46 in chips) 
Seat 5: vtkelso ($40.20 in chips) 
Seat 6: FrAnWaN ($53.55 in chips) 
Seat 7: YouthNAsia ($52.50 in chips) 
Seat 8: mcdougal2 ($99.15 in chips) 
Seat 9: nickianthony ($31.25 in chips) 
vtkelso: posts small blind $0.25
FrAnWaN: posts big blind $0.50
*** HOLE CARDS ***
Dealt to Alameda22 [Qc 9s]
YouthNAsia: raises $1.50 to $2
mcdougal2: folds 
nickianthony: folds 
Onkapa: folds 
iTsTheGrind: folds 
Alameda22: folds 
Make_my_D: folds 
vtkelso: folds 
FrAnWaN: folds 
Uncalled bet ($1.50) returned to YouthNAsia
YouthNAsia collected $1.25 from pot
YouthNAsia: doesn't show hand 
*** SUMMARY ***
Total pot $1.25 | Rake $0 
Seat 1: Onkapa folded before Flop (didn't bet)
Seat 2: iTsTheGrind folded before Flop (didn't bet)
Seat 3: Alameda22 folded before Flop (didn't bet)
Seat 4: Make_my_D (button) folded before Flop (didn't bet)
Seat 5: vtkelso (small blind) folded before Flop
Seat 6: FrAnWaN (big blind) folded before Flop
Seat 7: YouthNAsia collected ($1.25)
Seat 8: mcdougal2 folded before Flop (didn't bet)
Seat 9: nickianthony folded before Flop (didn't bet)



PokerStars Game #20153259157:  Hold'em No Limit ($0.25/$0.50) - 2008/09/04 21:33:32 ET
Table 'Celuta V' 9-max Seat #5 is the button
Seat 1: Onkapa ($48.25 in chips) 
Seat 2: iTsTheGrind ($50 in chips) 
Seat 3: Alameda22 ($50.95 in chips) 
Seat 4: Make_my_D ($46 in chips) 
Seat 5: vtkelso ($39.95 in chips) 
Seat 6: FrAnWaN ($53.05 in chips) 
Seat 7: YouthNAsia ($53.25 in chips) 
Seat 8: mcdougal2 ($99.15 in chips) 
Seat 9: nickianthony ($31.25 in chips) 
FrAnWaN: posts small blind $0.25
YouthNAsia: posts big blind $0.50
*** HOLE CARDS ***
Dealt to Alameda22 [3h 3d]
mcdougal2: folds 
nickianthony: calls $0.50
Onkapa: folds 
iTsTheGrind: folds 
Alameda22: folds 
Make_my_D: folds 
vtkelso: folds 
FrAnWaN: folds 
YouthNAsia: checks 
*** FLOP *** [6h 2h 9h]
YouthNAsia: bets $1.50
nickianthony: folds 
Uncalled bet ($1.50) returned to YouthNAsia
YouthNAsia collected $1.20 from pot
YouthNAsia: doesn't show hand 
*** SUMMARY ***
Total pot $1.25 | Rake $0.05 
Board [6h 2h 9h]
Seat 1: Onkapa folded before Flop (didn't bet)
Seat 2: iTsTheGrind folded before Flop (didn't bet)
Seat 3: Alameda22 folded before Flop (didn't bet)
Seat 4: Make_my_D folded before Flop (didn't bet)
Seat 5: vtkelso (button) folded before Flop (didn't bet)
Seat 6: FrAnWaN (small blind) folded before Flop
Seat 7: YouthNAsia (big blind) collected ($1.20)
Seat 8: mcdougal2 folded before Flop (didn't bet)
Seat 9: nickianthony folded on the Flop



PokerStars Game #20153286952:  Hold'em No Limit ($0.25/$0.50) - 2008/09/04 21:34:49 ET
Table 'Celuta V' 9-max Seat #6 is the button
Seat 1: Onkapa ($48.25 in chips) 
Seat 2: iTsTheGrind ($50 in chips) 
Seat 3: Alameda22 ($50.95 in chips) 
Seat 4: Make_my_D ($46 in chips) 
Seat 5: vtkelso ($39.95 in chips) 
Seat 6: FrAnWaN ($52.80 in chips) 
Seat 7: YouthNAsia ($53.95 in chips) 
Seat 8: mcdougal2 ($99.15 in chips) 
Seat 9: nickianthony ($30.75 in chips) 
YouthNAsia: posts small blind $0.25
mcdougal2: posts big blind $0.50
*** HOLE CARDS ***
Dealt to Alameda22 [3c 6s]
nickianthony: folds 
Onkapa: folds 
iTsTheGrind: folds 
Alameda22: folds 
Make_my_D: folds 
vtkelso: folds 
FrAnWaN: folds 
YouthNAsia: folds 
Uncalled bet ($0.25) returned to mcdougal2
mcdougal2 collected $0.50 from pot
mcdougal2: doesn't show hand 
*** SUMMARY ***
Total pot $0.50 | Rake $0 
Seat 1: Onkapa folded before Flop (didn't bet)
Seat 2: iTsTheGrind folded before Flop (didn't bet)
Seat 3: Alameda22 folded before Flop (didn't bet)
Seat 4: Make_my_D folded before Flop (didn't bet)
Seat 5: vtkelso folded before Flop (didn't bet)
Seat 6: FrAnWaN (button) folded before Flop (didn't bet)
Seat 7: YouthNAsia (small blind) folded before Flop
Seat 8: mcdougal2 (big blind) collected ($0.50)
Seat 9: nickianthony folded before Flop (didn't bet)



PokerStars Game #20153303942:  Hold'em No Limit ($0.25/$0.50) - 2008/09/04 21:35:36 ET
Table 'Celuta V' 9-max Seat #7 is the button
Seat 1: Onkapa ($48.25 in chips) 
Seat 2: iTsTheGrind ($50 in chips) 
Seat 3: Alameda22 ($50.95 in chips) 
Seat 4: Make_my_D ($46 in chips) 
Seat 5: vtkelso ($39.95 in chips) 
Seat 6: FrAnWaN ($52.80 in chips) 
Seat 7: YouthNAsia ($53.70 in chips) 
Seat 8: mcdougal2 ($99.40 in chips) 
Seat 9: nickianthony ($30.75 in chips) 
mcdougal2: posts small blind $0.25
nickianthony: posts big blind $0.50
*** HOLE CARDS ***
Dealt to Alameda22 [9c Qs]
Onkapa: folds 
iTsTheGrind: folds 
Alameda22: folds 
Make_my_D: folds 
vtkelso: calls $0.50
FrAnWaN: folds 
YouthNAsia: folds 
mcdougal2: calls $0.25
nickianthony: checks 
*** FLOP *** [4d 6c 2d]
mcdougal2: checks 
nickianthony: checks 
vtkelso: bets $1.50
mcdougal2: folds 
nickianthony: folds 
Uncalled bet ($1.50) returned to vtkelso
vtkelso collected $1.45 from pot
vtkelso: doesn't show hand 
*** SUMMARY ***
Total pot $1.50 | Rake $0.05 
Board [4d 6c 2d]
Seat 1: Onkapa folded before Flop (didn't bet)
Seat 2: iTsTheGrind folded before Flop (didn't bet)
Seat 3: Alameda22 folded before Flop (didn't bet)
Seat 4: Make_my_D folded before Flop (didn't bet)
Seat 5: vtkelso collected ($1.45)
Seat 6: FrAnWaN folded before Flop (didn't bet)
Seat 7: YouthNAsia (button) folded before Flop (didn't bet)
Seat 8: mcdougal2 (small blind) folded on the Flop
Seat 9: nickianthony (big blind) folded on the Flop



PokerStars Game #20153330846:  Hold'em No Limit ($0.25/$0.50) - 2008/09/04 21:36:50 ET
Table 'Celuta V' 9-max Seat #8 is the button
Seat 2: iTsTheGrind ($50 in chips) 
Seat 3: Alameda22 ($50.95 in chips) 
Seat 4: Make_my_D ($46 in chips) 
Seat 5: vtkelso ($40.90 in chips) 
Seat 6: FrAnWaN ($52.80 in chips) 
Seat 7: YouthNAsia ($53.70 in chips) 
Seat 8: mcdougal2 ($98.90 in chips) 
Seat 9: nickianthony ($30.25 in chips) 
nickianthony: posts small blind $0.25
Onkapa: is sitting out 
iTsTheGrind: posts big blind $0.50
*** HOLE CARDS ***
Dealt to Alameda22 [Kc 3s]
Alameda22: folds 
Make_my_D: folds 
vtkelso: folds 
FrAnWaN: folds 
YouthNAsia: folds 
mcdougal2: folds 
nickianthony: folds 
Uncalled bet ($0.25) returned to iTsTheGrind
iTsTheGrind collected $0.50 from pot
iTsTheGrind: doesn't show hand 
*** SUMMARY ***
Total pot $0.50 | Rake $0 
Seat 2: iTsTheGrind (big blind) collected ($0.50)
Seat 3: Alameda22 folded before Flop (didn't bet)
Seat 4: Make_my_D folded before Flop (didn't bet)
Seat 5: vtkelso folded before Flop (didn't bet)
Seat 6: FrAnWaN folded before Flop (didn't bet)
Seat 7: YouthNAsia folded before Flop (didn't bet)
Seat 8: mcdougal2 (button) folded before Flop (didn't bet)
Seat 9: nickianthony (small blind) folded before Flop



PokerStars Game #20153350327:  Hold'em No Limit ($0.25/$0.50) - 2008/09/04 21:37:44 ET
Table 'Celuta V' 9-max Seat #9 is the button
Seat 2: iTsTheGrind ($50.25 in chips) 
Seat 3: Alameda22 ($50.95 in chips) 
Seat 4: Make_my_D ($46 in chips) 
Seat 5: vtkelso ($40.90 in chips) 
Seat 6: FrAnWaN ($52.80 in chips) 
Seat 7: YouthNAsia ($53.70 in chips) 
Seat 8: mcdougal2 ($98.90 in chips) 
Seat 9: nickianthony ($30 in chips) 
iTsTheGrind: posts small blind $0.25
Alameda22: posts big blind $0.50
*** HOLE CARDS ***
Dealt to Alameda22 [9d 2d]
Make_my_D: folds 
vtkelso: raises $1 to $1.50
FrAnWaN: folds 
YouthNAsia: folds 
mcdougal2: folds 
nickianthony: folds 
iTsTheGrind: calls $1.25
Alameda22: folds 
*** FLOP *** [7s 3s 6h]
iTsTheGrind: checks 
vtkelso: bets $3
iTsTheGrind: folds 
Uncalled bet ($3) returned to vtkelso
vtkelso collected $3.35 from pot
vtkelso: doesn't show hand 
*** SUMMARY ***
Total pot $3.50 | Rake $0.15 
Board [7s 3s 6h]
Seat 2: iTsTheGrind (small blind) folded on the Flop
Seat 3: Alameda22 (big blind) folded before Flop
Seat 4: Make_my_D folded before Flop (didn't bet)
Seat 5: vtkelso collected ($3.35)
Seat 6: FrAnWaN folded before Flop (didn't bet)
Seat 7: YouthNAsia folded before Flop (didn't bet)
Seat 8: mcdougal2 folded before Flop (didn't bet)
Seat 9: nickianthony (button) folded before Flop (didn't bet)



PokerStars Game #20153372223:  Hold'em No Limit ($0.25/$0.50) - 2008/09/04 21:38:45 ET
Table 'Celuta V' 9-max Seat #2 is the button
Seat 2: iTsTheGrind ($48.75 in chips) 
Seat 3: Alameda22 ($50.45 in chips) 
Seat 4: Make_my_D ($46 in chips) 
Seat 5: vtkelso ($42.75 in chips) 
Seat 6: FrAnWaN ($52.80 in chips) 
Seat 7: YouthNAsia ($53.70 in chips) 
Seat 8: mcdougal2 ($98.90 in chips) 
Seat 9: nickianthony ($30 in chips) 
Alameda22: posts small blind $0.25
Make_my_D: posts big blind $0.50
*** HOLE CARDS ***
Dealt to Alameda22 [Qs Ad]
vtkelso: folds 
FrAnWaN: folds 
YouthNAsia: folds 
mcdougal2: folds 
nickianthony: folds 
iTsTheGrind: folds 
Alameda22: raises $1.50 to $2
Make_my_D: folds 
Uncalled bet ($1.50) returned to Alameda22
Alameda22 collected $1 from pot
Alameda22: doesn't show hand 
*** SUMMARY ***
Total pot $1 | Rake $0 
Seat 2: iTsTheGrind (button) folded before Flop (didn't bet)
Seat 3: Alameda22 (small blind) collected ($1)
Seat 4: Make_my_D (big blind) folded before Flop
Seat 5: vtkelso folded before Flop (didn't bet)
Seat 6: FrAnWaN folded before Flop (didn't bet)
Seat 7: YouthNAsia folded before Flop (didn't bet)
Seat 8: mcdougal2 folded before Flop (didn't bet)
Seat 9: nickianthony folded before Flop (didn't bet)



PokerStars Game #20153390536:  Hold'em No Limit ($0.25/$0.50) - 2008/09/04 21:39:36 ET
Table 'Celuta V' 9-max Seat #3 is the button
Seat 2: iTsTheGrind ($48.75 in chips) 
Seat 3: Alameda22 ($50.95 in chips) 
Seat 4: Make_my_D ($45.50 in chips) 
Seat 5: vtkelso ($42.75 in chips) 
Seat 6: FrAnWaN ($52.80 in chips) 
Seat 7: YouthNAsia ($53.70 in chips) 
Seat 8: mcdougal2 ($98.90 in chips) 
Seat 9: nickianthony ($30 in chips) 
Make_my_D: posts small blind $0.25
vtkelso: posts big blind $0.50
*** HOLE CARDS ***
Dealt to Alameda22 [9s Jd]
FrAnWaN: folds 
YouthNAsia: folds 
mcdougal2: folds 
nickianthony: folds 
iTsTheGrind: calls $0.50
Alameda22: folds 
Make_my_D: calls $0.25
vtkelso: checks 
*** FLOP *** [5d Kc Th]
Make_my_D: checks 
vtkelso: checks 
iTsTheGrind: checks 
*** TURN *** [5d Kc Th] [9d]
Make_my_D: bets $2
vtkelso: folds 
iTsTheGrind: calls $2
*** RIVER *** [5d Kc Th 9d] [9h]
Make_my_D: checks 
iTsTheGrind: checks 
*** SHOW DOWN ***
Make_my_D: shows [6d Kh] (two pair, Kings and Nines)
iTsTheGrind: mucks hand 
Make_my_D collected $5.25 from pot
*** SUMMARY ***
Total pot $5.50 | Rake $0.25 
Board [5d Kc Th 9d 9h]
Seat 2: iTsTheGrind mucked [Qd 7d]
Seat 3: Alameda22 (button) folded before Flop (didn't bet)
Seat 4: Make_my_D (small blind) showed [6d Kh] and won ($5.25) with two pair, Kings and Nines
Seat 5: vtkelso (big blind) folded on the Turn
Seat 6: FrAnWaN folded before Flop (didn't bet)
Seat 7: YouthNAsia folded before Flop (didn't bet)
Seat 8: mcdougal2 folded before Flop (didn't bet)
Seat 9: nickianthony folded before Flop (didn't bet)



PokerStars Game #20153418170:  Hold'em No Limit ($0.25/$0.50) - 2008/09/04 21:40:52 ET
Table 'Celuta V' 9-max Seat #4 is the button
Seat 2: iTsTheGrind ($46.25 in chips) 
Seat 3: Alameda22 ($50.95 in chips) 
Seat 4: Make_my_D ($48.25 in chips) 
Seat 5: vtkelso ($42.25 in chips) 
Seat 6: FrAnWaN ($52.80 in chips) 
Seat 7: YouthNAsia ($53.70 in chips) 
Seat 8: mcdougal2 ($98.90 in chips) 
Seat 9: nickianthony ($30 in chips) 
vtkelso: posts small blind $0.25
FrAnWaN: posts big blind $0.50
*** HOLE CARDS ***
Dealt to Alameda22 [Td 7d]
YouthNAsia: folds 
mcdougal2: folds 
nickianthony: folds 
iTsTheGrind: folds 
Alameda22: folds 
Make_my_D: folds 
vtkelso: raises $1 to $1.50
FrAnWaN: calls $1
*** FLOP *** [Ad Qs 4s]
vtkelso: bets $3
FrAnWaN: raises $6.50 to $9.50
vtkelso: folds 
Uncalled bet ($6.50) returned to FrAnWaN
FrAnWaN collected $8.60 from pot
FrAnWaN: doesn't show hand 
*** SUMMARY ***
Total pot $9 | Rake $0.40 
Board [Ad Qs 4s]
Seat 2: iTsTheGrind folded before Flop (didn't bet)
Seat 3: Alameda22 folded before Flop (didn't bet)
Seat 4: Make_my_D (button) folded before Flop (didn't bet)
Seat 5: vtkelso (small blind) folded on the Flop
Seat 6: FrAnWaN (big blind) collected ($8.60)
Seat 7: YouthNAsia folded before Flop (didn't bet)
Seat 8: mcdougal2 folded before Flop (didn't bet)
Seat 9: nickianthony folded before Flop (didn't bet)



PokerStars Game #20153459243:  Hold'em No Limit ($0.25/$0.50) - 2008/09/04 21:42:42 ET
Table 'Celuta V' 9-max Seat #5 is the button
Seat 2: iTsTheGrind ($50 in chips) 
Seat 3: Alameda22 ($50.95 in chips) 
Seat 4: Make_my_D ($48.25 in chips) 
Seat 5: vtkelso ($37.75 in chips) 
Seat 6: FrAnWaN ($56.90 in chips) 
Seat 7: YouthNAsia ($53.70 in chips) 
Seat 8: mcdougal2 ($98.90 in chips) 
Seat 9: nickianthony ($30 in chips) 
FrAnWaN: posts small blind $0.25
YouthNAsia: posts big blind $0.50
*** HOLE CARDS ***
Dealt to Alameda22 [6h 7s]
mcdougal2: folds 
nickianthony: raises $1 to $1.50
iTsTheGrind: folds 
Alameda22: folds 
Make_my_D: folds 
vtkelso: folds 
FrAnWaN: folds 
YouthNAsia: folds 
Uncalled bet ($1) returned to nickianthony
nickianthony collected $1.25 from pot
nickianthony: doesn't show hand 
*** SUMMARY ***
Total pot $1.25 | Rake $0 
Seat 2: iTsTheGrind folded before Flop (didn't bet)
Seat 3: Alameda22 folded before Flop (didn't bet)
Seat 4: Make_my_D folded before Flop (didn't bet)
Seat 5: vtkelso (button) folded before Flop (didn't bet)
Seat 6: FrAnWaN (small blind) folded before Flop
Seat 7: YouthNAsia (big blind) folded before Flop
Seat 8: mcdougal2 folded before Flop (didn't bet)
Seat 9: nickianthony collected ($1.25)



PokerStars Game #20153480723:  Hold'em No Limit ($0.25/$0.50) - 2008/09/04 21:43:40 ET
Table 'Celuta V' 9-max Seat #6 is the button
Seat 2: iTsTheGrind ($50 in chips) 
Seat 3: Alameda22 ($50.95 in chips) 
Seat 4: Make_my_D ($48.25 in chips) 
Seat 5: vtkelso ($37.75 in chips) 
Seat 6: FrAnWaN ($56.65 in chips) 
Seat 7: YouthNAsia ($53.20 in chips) 
Seat 8: mcdougal2 ($98.90 in chips) 
Seat 9: nickianthony ($30.75 in chips) 
YouthNAsia: posts small blind $0.25
mcdougal2: posts big blind $0.50
*** HOLE CARDS ***
Dealt to Alameda22 [Ah Qh]
nickianthony: folds 
iTsTheGrind: folds 
Alameda22: raises $1.50 to $2
Make_my_D: folds 
vtkelso: folds 
FrAnWaN: folds 
YouthNAsia: folds 
mcdougal2: folds 
Uncalled bet ($1.50) returned to Alameda22
Alameda22 collected $1.25 from pot
Alameda22: doesn't show hand 
*** SUMMARY ***
Total pot $1.25 | Rake $0 
Seat 2: iTsTheGrind folded before Flop (didn't bet)
Seat 3: Alameda22 collected ($1.25)
Seat 4: Make_my_D folded before Flop (didn't bet)
Seat 5: vtkelso folded before Flop (didn't bet)
Seat 6: FrAnWaN (button) folded before Flop (didn't bet)
Seat 7: YouthNAsia (small blind) folded before Flop
Seat 8: mcdougal2 (big blind) folded before Flop
Seat 9: nickianthony folded before Flop (didn't bet)



PokerStars Game #20153498931:  Hold'em No Limit ($0.25/$0.50) - 2008/09/04 21:44:29 ET
Table 'Celuta V' 9-max Seat #7 is the button
Seat 2: iTsTheGrind ($50 in chips) 
Seat 3: Alameda22 ($51.70 in chips) 
Seat 4: Make_my_D ($48.25 in chips) 
Seat 5: vtkelso ($37.75 in chips) 
Seat 6: FrAnWaN ($56.65 in chips) 
Seat 7: YouthNAsia ($52.95 in chips) 
Seat 8: mcdougal2 ($98.40 in chips) 
Seat 9: nickianthony ($30.75 in chips) 
mcdougal2: posts small blind $0.25
nickianthony: posts big blind $0.50
*** HOLE CARDS ***
Dealt to Alameda22 [2h 8d]
iTsTheGrind: folds 
Alameda22: folds 
Make_my_D: calls $0.50
vtkelso: raises $1 to $1.50
FrAnWaN: folds 
YouthNAsia: folds 
mcdougal2: calls $1.25
nickianthony: folds 
Make_my_D: calls $1
*** FLOP *** [Kd 9s 4h]
mcdougal2: checks 
Make_my_D: checks 
vtkelso: checks 
*** TURN *** [Kd 9s 4h] [8c]
mcdougal2: bets $3
Make_my_D: folds 
Onkapa has returned
vtkelso: raises $5 to $8
Onkapa is sitting out
mcdougal2: calls $5
*** RIVER *** [Kd 9s 4h 8c] [2c]
mcdougal2: bets $11
vtkelso: folds 
Uncalled bet ($11) returned to mcdougal2
mcdougal2 collected $20 from pot
mcdougal2: doesn't show hand 
*** SUMMARY ***
Total pot $21 | Rake $1 
Board [Kd 9s 4h 8c 2c]
Seat 2: iTsTheGrind folded before Flop (didn't bet)
Seat 3: Alameda22 folded before Flop (didn't bet)
Seat 4: Make_my_D folded on the Turn
Seat 5: vtkelso folded on the River
Seat 6: FrAnWaN folded before Flop (didn't bet)
Seat 7: YouthNAsia (button) folded before Flop (didn't bet)
Seat 8: mcdougal2 (small blind) collected ($20)
Seat 9: nickianthony (big blind) folded before Flop



PokerStars Game #20153552680:  Hold'em No Limit ($0.25/$0.50) - 2008/09/04 21:46:55 ET
Table 'Celuta V' 9-max Seat #8 is the button
Seat 2: iTsTheGrind ($50 in chips) 
Seat 3: Alameda22 ($51.70 in chips) 
Seat 4: Make_my_D ($46.75 in chips) 
Seat 5: vtkelso ($28.25 in chips) 
Seat 6: FrAnWaN ($56.65 in chips) 
Seat 7: YouthNAsia ($52.95 in chips) 
Seat 8: mcdougal2 ($108.90 in chips) 
Seat 9: nickianthony ($30.25 in chips) 
nickianthony: posts small blind $0.25
Onkapa has returned
iTsTheGrind: posts big blind $0.50
*** HOLE CARDS ***
Dealt to Alameda22 [7c 6d]
Alameda22: folds 
Make_my_D: folds 
vtkelso: folds 
FrAnWaN: raises $1.50 to $2
YouthNAsia: folds 
mcdougal2: folds 
nickianthony: folds 
iTsTheGrind: folds 
Uncalled bet ($1.50) returned to FrAnWaN
FrAnWaN collected $1.25 from pot
FrAnWaN: doesn't show hand 
*** SUMMARY ***
Total pot $1.25 | Rake $0 
Seat 2: iTsTheGrind (big blind) folded before Flop
Seat 3: Alameda22 folded before Flop (didn't bet)
Seat 4: Make_my_D folded before Flop (didn't bet)
Seat 5: vtkelso folded before Flop (didn't bet)
Seat 6: FrAnWaN collected ($1.25)
Seat 7: YouthNAsia folded before Flop (didn't bet)
Seat 8: mcdougal2 (button) folded before Flop (didn't bet)
Seat 9: nickianthony (small blind) folded before Flop



PokerStars Game #20153581707:  Hold'em No Limit ($0.25/$0.50) - 2008/09/04 21:48:14 ET
Table 'Celuta V' 9-max Seat #9 is the button
Seat 2: iTsTheGrind ($49.50 in chips) 
Seat 3: Alameda22 ($51.70 in chips) 
Seat 4: Make_my_D ($46.75 in chips) 
Seat 5: vtkelso ($28.25 in chips) 
Seat 6: FrAnWaN ($57.40 in chips) 
Seat 7: YouthNAsia ($52.95 in chips) 
Seat 8: mcdougal2 ($108.90 in chips) 
Seat 9: nickianthony ($30 in chips) 
Onkapa will be allowed to play after the button
iTsTheGrind: posts small blind $0.25
Alameda22: posts big blind $0.50
*** HOLE CARDS ***
Dealt to Alameda22 [4s 5s]
Make_my_D: folds 
vtkelso: folds 
FrAnWaN: folds 
YouthNAsia: raises $1.50 to $2
mcdougal2: folds 
nickianthony: folds 
iTsTheGrind: folds 
Alameda22: folds 
Uncalled bet ($1.50) returned to YouthNAsia
YouthNAsia collected $1.25 from pot
YouthNAsia: doesn't show hand 
*** SUMMARY ***
Total pot $1.25 | Rake $0 
Seat 2: iTsTheGrind (small blind) folded before Flop
Seat 3: Alameda22 (big blind) folded before Flop
Seat 4: Make_my_D folded before Flop (didn't bet)
Seat 5: vtkelso folded before Flop (didn't bet)
Seat 6: FrAnWaN folded before Flop (didn't bet)
Seat 7: YouthNAsia collected ($1.25)
Seat 8: mcdougal2 folded before Flop (didn't bet)
Seat 9: nickianthony (button) folded before Flop (didn't bet)



PokerStars Game #20153599224:  Hold'em No Limit ($0.25/$0.50) - 2008/09/04 21:49:01 ET
Table 'Celuta V' 9-max Seat #2 is the button
Seat 2: iTsTheGrind ($49.25 in chips) 
Seat 3: Alameda22 ($51.20 in chips) 
Seat 4: Make_my_D ($46.75 in chips) 
Seat 5: vtkelso ($28.25 in chips) 
Seat 6: FrAnWaN ($57.40 in chips) 
Seat 7: YouthNAsia ($53.70 in chips) 
Seat 8: mcdougal2 ($108.90 in chips) 
Seat 9: nickianthony ($30 in chips) 
Alameda22: posts small blind $0.25
Make_my_D: posts big blind $0.50
Onkapa: sits out 
*** HOLE CARDS ***
Dealt to Alameda22 [4c 5c]
vtkelso: calls $0.50
FrAnWaN: raises $2 to $2.50
YouthNAsia: folds 
mcdougal2: folds 
nickianthony: folds 
iTsTheGrind: folds 
Alameda22: folds 
Make_my_D: folds 
vtkelso: folds 
Uncalled bet ($2) returned to FrAnWaN
FrAnWaN collected $1.75 from pot
FrAnWaN: doesn't show hand 
*** SUMMARY ***
Total pot $1.75 | Rake $0 
Seat 2: iTsTheGrind (button) folded before Flop (didn't bet)
Seat 3: Alameda22 (small blind) folded before Flop
Seat 4: Make_my_D (big blind) folded before Flop
Seat 5: vtkelso folded before Flop
Seat 6: FrAnWaN collected ($1.75)
Seat 7: YouthNAsia folded before Flop (didn't bet)
Seat 8: mcdougal2 folded before Flop (didn't bet)
Seat 9: nickianthony folded before Flop (didn't bet)



PokerStars Game #20153616589:  Hold'em No Limit ($0.25/$0.50) - 2008/09/04 21:49:49 ET
Table 'Celuta V' 9-max Seat #3 is the button
Seat 2: iTsTheGrind ($49.25 in chips) 
Seat 3: Alameda22 ($50.95 in chips) 
Seat 4: Make_my_D ($46.25 in chips) 
Seat 5: vtkelso ($27.75 in chips) 
Seat 6: FrAnWaN ($58.65 in chips) 
Seat 7: YouthNAsia ($53.70 in chips) 
Seat 8: mcdougal2 ($108.90 in chips) 
Seat 9: nickianthony ($30 in chips) 
Make_my_D: posts small blind $0.25
vtkelso: posts big blind $0.50
Onkapa: sits out 
*** HOLE CARDS ***
Dealt to Alameda22 [9s 6c]
FrAnWaN: calls $0.50
YouthNAsia: folds 
mcdougal2: folds 
nickianthony: folds 
iTsTheGrind: folds 
Alameda22: folds 
Make_my_D: calls $0.25
vtkelso: checks 
*** FLOP *** [8c 8d 7d]
Make_my_D: checks 
vtkelso: checks 
FrAnWaN: bets $2
Make_my_D: folds 
vtkelso: folds 
Uncalled bet ($2) returned to FrAnWaN
FrAnWaN collected $1.45 from pot
FrAnWaN: doesn't show hand 
*** SUMMARY ***
Total pot $1.50 | Rake $0.05 
Board [8c 8d 7d]
Seat 2: iTsTheGrind folded before Flop (didn't bet)
Seat 3: Alameda22 (button) folded before Flop (didn't bet)
Seat 4: Make_my_D (small blind) folded on the Flop
Seat 5: vtkelso (big blind) folded on the Flop
Seat 6: FrAnWaN collected ($1.45)
Seat 7: YouthNAsia folded before Flop (didn't bet)
Seat 8: mcdougal2 folded before Flop (didn't bet)
Seat 9: nickianthony folded before Flop (didn't bet)



PokerStars Game #20153653075:  Hold'em No Limit ($0.25/$0.50) - 2008/09/04 21:51:29 ET
Table 'Celuta V' 9-max Seat #4 is the button
Seat 2: iTsTheGrind ($50 in chips) 
Seat 3: Alameda22 ($50.95 in chips) 
Seat 4: Make_my_D ($45.75 in chips) 
Seat 5: vtkelso ($27.25 in chips) 
Seat 6: FrAnWaN ($59.60 in chips) 
Seat 7: YouthNAsia ($53.70 in chips) 
Seat 8: mcdougal2 ($108.90 in chips) 
Seat 9: nickianthony ($30 in chips) 
vtkelso: posts small blind $0.25
FrAnWaN: posts big blind $0.50
Onkapa: sits out 
*** HOLE CARDS ***
Dealt to Alameda22 [6d 9d]
YouthNAsia: raises $1.50 to $2
mcdougal2: folds 
nickianthony: folds 
iTsTheGrind: folds 
Alameda22: folds 
Make_my_D: folds 
vtkelso: folds 
FrAnWaN: folds 
Uncalled bet ($1.50) returned to YouthNAsia
YouthNAsia collected $1.25 from pot
YouthNAsia: doesn't show hand 
*** SUMMARY ***
Total pot $1.25 | Rake $0 
Seat 2: iTsTheGrind folded before Flop (didn't bet)
Seat 3: Alameda22 folded before Flop (didn't bet)
Seat 4: Make_my_D (button) folded before Flop (didn't bet)
Seat 5: vtkelso (small blind) folded before Flop
Seat 6: FrAnWaN (big blind) folded before Flop
Seat 7: YouthNAsia collected ($1.25)
Seat 8: mcdougal2 folded before Flop (didn't bet)
Seat 9: nickianthony folded before Flop (didn't bet)



PokerStars Game #20153670066:  Hold'em No Limit ($0.25/$0.50) - 2008/09/04 21:52:15 ET
Table 'Celuta V' 9-max Seat #5 is the button
Seat 2: iTsTheGrind ($50 in chips) 
Seat 3: Alameda22 ($50.95 in chips) 
Seat 4: Make_my_D ($45.75 in chips) 
Seat 5: vtkelso ($27 in chips) 
Seat 6: FrAnWaN ($59.10 in chips) 
Seat 7: YouthNAsia ($54.45 in chips) 
Seat 8: mcdougal2 ($108.90 in chips) 
Seat 9: nickianthony ($30 in chips) 
FrAnWaN: posts small blind $0.25
YouthNAsia: posts big blind $0.50
Onkapa: sits out 
*** HOLE CARDS ***
Dealt to Alameda22 [4d 4c]
mcdougal2: folds 
nickianthony: folds 
iTsTheGrind: folds 
Alameda22: folds 
Make_my_D: calls $0.50
vtkelso: calls $0.50
FrAnWaN: folds 
YouthNAsia: checks 
*** FLOP *** [Qd Qc Th]
YouthNAsia: checks 
Make_my_D: checks 
vtkelso: checks 
*** TURN *** [Qd Qc Th] [8c]
YouthNAsia: checks 
Make_my_D: checks 
vtkelso: bets $2
YouthNAsia: folds 
Make_my_D: folds 
Uncalled bet ($2) returned to vtkelso
vtkelso collected $1.70 from pot
vtkelso: doesn't show hand 
*** SUMMARY ***
Total pot $1.75 | Rake $0.05 
Board [Qd Qc Th 8c]
Seat 2: iTsTheGrind folded before Flop (didn't bet)
Seat 3: Alameda22 folded before Flop (didn't bet)
Seat 4: Make_my_D folded on the Turn
Seat 5: vtkelso (button) collected ($1.70)
Seat 6: FrAnWaN (small blind) folded before Flop
Seat 7: YouthNAsia (big blind) folded on the Turn
Seat 8: mcdougal2 folded before Flop (didn't bet)
Seat 9: nickianthony folded before Flop (didn't bet)



PokerStars Game #20153698871:  Hold'em No Limit ($0.25/$0.50) - 2008/09/04 21:53:34 ET
Table 'Celuta V' 9-max Seat #6 is the button
Seat 2: iTsTheGrind ($50 in chips) 
Seat 3: Alameda22 ($50.95 in chips) 
Seat 4: Make_my_D ($45.25 in chips) 
Seat 5: vtkelso ($28.20 in chips) 
Seat 6: FrAnWaN ($58.85 in chips) 
Seat 7: YouthNAsia ($53.95 in chips) 
Seat 8: mcdougal2 ($108.90 in chips) 
Seat 9: nickianthony ($30 in chips) 
YouthNAsia: posts small blind $0.25
mcdougal2: posts big blind $0.50
Onkapa: sits out 
*** HOLE CARDS ***
Dealt to Alameda22 [8d 7h]
nickianthony: calls $0.50
iTsTheGrind: calls $0.50
Alameda22: folds 
Make_my_D: folds 
vtkelso: folds 
FrAnWaN: folds 
YouthNAsia: folds 
mcdougal2: checks 
*** FLOP *** [7d 8c 3d]
mcdougal2: checks 
nickianthony: checks 
iTsTheGrind: checks 
*** TURN *** [7d 8c 3d] [6c]
mcdougal2: checks 
nickianthony: checks 
iTsTheGrind: checks 
*** RIVER *** [7d 8c 3d 6c] [Ah]
mcdougal2: checks 
nickianthony: checks 
iTsTheGrind: bets $1.50
mcdougal2: folds 
nickianthony: folds 
Uncalled bet ($1.50) returned to iTsTheGrind
iTsTheGrind collected $1.70 from pot
*** SUMMARY ***
Total pot $1.75 | Rake $0.05 
Board [7d 8c 3d 6c Ah]
Seat 2: iTsTheGrind collected ($1.70)
Seat 3: Alameda22 folded before Flop (didn't bet)
Seat 4: Make_my_D folded before Flop (didn't bet)
Seat 5: vtkelso folded before Flop (didn't bet)
Seat 6: FrAnWaN (button) folded before Flop (didn't bet)
Seat 7: YouthNAsia (small blind) folded before Flop
Seat 8: mcdougal2 (big blind) folded on the River
Seat 9: nickianthony folded on the River



PokerStars Game #20153749181:  Hold'em No Limit ($0.25/$0.50) - 2008/09/04 21:55:52 ET
Table 'Celuta V' 9-max Seat #7 is the button
Seat 2: iTsTheGrind ($51.20 in chips) 
Seat 3: Alameda22 ($50.95 in chips) 
Seat 4: Make_my_D ($45.25 in chips) 
Seat 5: vtkelso ($28.20 in chips) 
Seat 6: FrAnWaN ($58.85 in chips) 
Seat 7: YouthNAsia ($53.70 in chips) 
Seat 8: mcdougal2 ($108.40 in chips) 
Seat 9: nickianthony ($29.50 in chips) 
mcdougal2: posts small blind $0.25
nickianthony: posts big blind $0.50
Onkapa: sits out 
*** HOLE CARDS ***
Dealt to Alameda22 [5d Ac]
iTsTheGrind: folds 
Alameda22: folds 
Make_my_D: folds 
vtkelso: folds 
FrAnWaN: folds 
YouthNAsia: raises $1 to $1.50
mcdougal2: folds 
nickianthony: folds 
Uncalled bet ($1) returned to YouthNAsia
YouthNAsia collected $1.25 from pot
YouthNAsia: doesn't show hand 
*** SUMMARY ***
Total pot $1.25 | Rake $0 
Seat 2: iTsTheGrind folded before Flop (didn't bet)
Seat 3: Alameda22 folded before Flop (didn't bet)
Seat 4: Make_my_D folded before Flop (didn't bet)
Seat 5: vtkelso folded before Flop (didn't bet)
Seat 6: FrAnWaN folded before Flop (didn't bet)
Seat 7: YouthNAsia (button) collected ($1.25)
Seat 8: mcdougal2 (small blind) folded before Flop
Seat 9: nickianthony (big blind) folded before Flop



PokerStars Game #20153771803:  Hold'em No Limit ($0.25/$0.50) - 2008/09/04 21:56:54 ET
Table 'Celuta V' 9-max Seat #8 is the button
Seat 1: Onkapa ($48.25 in chips) 
Seat 2: iTsTheGrind ($51.20 in chips) 
Seat 3: Alameda22 ($50.95 in chips) 
Seat 4: Make_my_D ($45.25 in chips) 
Seat 5: vtkelso ($28.20 in chips) 
Seat 6: FrAnWaN ($58.85 in chips) 
Seat 7: YouthNAsia ($54.45 in chips) 
Seat 8: mcdougal2 ($108.15 in chips) 
Seat 9: nickianthony ($29 in chips) 
nickianthony: posts small blind $0.25
Onkapa: posts big blind $0.50
*** HOLE CARDS ***
Dealt to Alameda22 [9s Ah]
iTsTheGrind: folds 
Alameda22: folds 
Make_my_D: folds 
vtkelso: raises $1.50 to $2
FrAnWaN: folds 
YouthNAsia: raises $4.50 to $6.50
mcdougal2: folds 
nickianthony: folds 
Onkapa: folds 
vtkelso: calls $4.50
*** FLOP *** [5s 9c 6c]
vtkelso: checks 
YouthNAsia: bets $10
vtkelso: folds 
Uncalled bet ($10) returned to YouthNAsia
YouthNAsia collected $13.10 from pot
YouthNAsia: doesn't show hand 
*** SUMMARY ***
Total pot $13.75 | Rake $0.65 
Board [5s 9c 6c]
Seat 1: Onkapa (big blind) folded before Flop
Seat 2: iTsTheGrind folded before Flop (didn't bet)
Seat 3: Alameda22 folded before Flop (didn't bet)
Seat 4: Make_my_D folded before Flop (didn't bet)
Seat 5: vtkelso folded on the Flop
Seat 6: FrAnWaN folded before Flop (didn't bet)
Seat 7: YouthNAsia collected ($13.10)
Seat 8: mcdougal2 (button) folded before Flop (didn't bet)
Seat 9: nickianthony (small blind) folded before Flop



PokerStars Game #20153811127:  Hold'em No Limit ($0.25/$0.50) - 2008/09/04 21:58:43 ET
Table 'Celuta V' 9-max Seat #9 is the button
Seat 1: Onkapa ($50 in chips) 
Seat 2: iTsTheGrind ($51.20 in chips) 
Seat 3: Alameda22 ($50.95 in chips) 
Seat 4: Make_my_D ($45.25 in chips) 
Seat 5: vtkelso ($21.70 in chips) 
Seat 6: FrAnWaN ($58.85 in chips) 
Seat 7: YouthNAsia ($61.05 in chips) 
Seat 8: mcdougal2 ($108.15 in chips) 
Seat 9: nickianthony ($28.75 in chips) 
Onkapa: posts small blind $0.25
iTsTheGrind: posts big blind $0.50
*** HOLE CARDS ***
Dealt to Alameda22 [Jd Tc]
Alameda22: folds 
Make_my_D: folds 
vtkelso: folds 
FrAnWaN: folds 
YouthNAsia: folds 
mcdougal2: calls $0.50
nickianthony: raises $2 to $2.50
Onkapa: folds 
iTsTheGrind: calls $2
mcdougal2: folds 
*** FLOP *** [3c 6c 9s]
iTsTheGrind: checks 
nickianthony: checks 
*** TURN *** [3c 6c 9s] [Kd]
iTsTheGrind: checks 
nickianthony: bets $3.65
iTsTheGrind: folds 
Uncalled bet ($3.65) returned to nickianthony
nickianthony collected $5.50 from pot
nickianthony: doesn't show hand 
*** SUMMARY ***
Total pot $5.75 | Rake $0.25 
Board [3c 6c 9s Kd]
Seat 1: Onkapa (small blind) folded before Flop
Seat 2: iTsTheGrind (big blind) folded on the Turn
Seat 3: Alameda22 folded before Flop (didn't bet)
Seat 4: Make_my_D folded before Flop (didn't bet)
Seat 5: vtkelso folded before Flop (didn't bet)
Seat 6: FrAnWaN folded before Flop (didn't bet)
Seat 7: YouthNAsia folded before Flop (didn't bet)
Seat 8: mcdougal2 folded before Flop
Seat 9: nickianthony (button) collected ($5.50)



PokerStars Game #20153845693:  Hold'em No Limit ($0.25/$0.50) - 2008/09/04 22:00:18 ET
Table 'Celuta V' 9-max Seat #1 is the button
Seat 1: Onkapa ($49.75 in chips) 
Seat 2: iTsTheGrind ($48.70 in chips) 
Seat 3: Alameda22 ($50.95 in chips) 
Seat 4: Make_my_D ($45.25 in chips) 
Seat 5: vtkelso ($21.70 in chips) 
Seat 6: FrAnWaN ($58.85 in chips) 
Seat 7: YouthNAsia ($61.05 in chips) 
Seat 8: mcdougal2 ($107.65 in chips) 
Seat 9: nickianthony ($31.75 in chips) 
iTsTheGrind: posts small blind $0.25
Alameda22: posts big blind $0.50
*** HOLE CARDS ***
Dealt to Alameda22 [9c 5s]
Make_my_D: folds 
vtkelso: folds 
FrAnWaN: folds 
YouthNAsia: folds 
mcdougal2: raises $1.50 to $2
nickianthony: folds 
Onkapa: folds 
iTsTheGrind: folds 
Alameda22: folds 
Uncalled bet ($1.50) returned to mcdougal2
mcdougal2 collected $1.25 from pot
mcdougal2: doesn't show hand 
*** SUMMARY ***
Total pot $1.25 | Rake $0 
Seat 1: Onkapa (button) folded before Flop (didn't bet)
Seat 2: iTsTheGrind (small blind) folded before Flop
Seat 3: Alameda22 (big blind) folded before Flop
Seat 4: Make_my_D folded before Flop (didn't bet)
Seat 5: vtkelso folded before Flop (didn't bet)
Seat 6: FrAnWaN folded before Flop (didn't bet)
Seat 7: YouthNAsia folded before Flop (didn't bet)
Seat 8: mcdougal2 collected ($1.25)
Seat 9: nickianthony folded before Flop (didn't bet)



PokerStars Game #20153860293:  Hold'em No Limit ($0.25/$0.50) - 2008/09/04 22:00:58 ET
Table 'Celuta V' 9-max Seat #2 is the button
Seat 1: Onkapa ($49.75 in chips) 
Seat 2: iTsTheGrind ($50 in chips) 
Seat 3: Alameda22 ($50.45 in chips) 
Seat 4: Make_my_D ($45.25 in chips) 
Seat 5: vtkelso ($21.70 in chips) 
Seat 6: FrAnWaN ($58.85 in chips) 
Seat 7: YouthNAsia ($61.05 in chips) 
Seat 8: mcdougal2 ($108.40 in chips) 
Seat 9: nickianthony ($31.75 in chips) 
Alameda22: posts small blind $0.25
Make_my_D: posts big blind $0.50
*** HOLE CARDS ***
Dealt to Alameda22 [3s Kd]
vtkelso: folds 
FrAnWaN: folds 
YouthNAsia: raises $1.50 to $2
mcdougal2: folds 
nickianthony: folds 
Onkapa: folds 
iTsTheGrind: folds 
Alameda22: folds 
Make_my_D: folds 
Uncalled bet ($1.50) returned to YouthNAsia
YouthNAsia collected $1.25 from pot
YouthNAsia: doesn't show hand 
*** SUMMARY ***
Total pot $1.25 | Rake $0 
Seat 1: Onkapa folded before Flop (didn't bet)
Seat 2: iTsTheGrind (button) folded before Flop (didn't bet)
Seat 3: Alameda22 (small blind) folded before Flop
Seat 4: Make_my_D (big blind) folded before Flop
Seat 5: vtkelso folded before Flop (didn't bet)
Seat 6: FrAnWaN folded before Flop (didn't bet)
Seat 7: YouthNAsia collected ($1.25)
Seat 8: mcdougal2 folded before Flop (didn't bet)
Seat 9: nickianthony folded before Flop (didn't bet)



PokerStars Game #20153877455:  Hold'em No Limit ($0.25/$0.50) - 2008/09/04 22:01:45 ET
Table 'Celuta V' 9-max Seat #3 is the button
Seat 1: Onkapa ($49.75 in chips) 
Seat 2: iTsTheGrind ($50 in chips) 
Seat 3: Alameda22 ($50.20 in chips) 
Seat 4: Make_my_D ($44.75 in chips) 
Seat 5: vtkelso ($21.70 in chips) 
Seat 6: FrAnWaN ($58.85 in chips) 
Seat 7: YouthNAsia ($61.80 in chips) 
Seat 8: mcdougal2 ($108.40 in chips) 
Seat 9: nickianthony ($31.75 in chips) 
Make_my_D: posts small blind $0.25
vtkelso: posts big blind $0.50
*** HOLE CARDS ***
Dealt to Alameda22 [Ah 5d]
FrAnWaN: folds 
YouthNAsia: folds 
mcdougal2: folds 
nickianthony: folds 
Onkapa: raises $1.50 to $2
iTsTheGrind: folds 
Alameda22: folds 
Make_my_D: folds 
vtkelso: calls $1.50
*** FLOP *** [Ac 7s 6c]
vtkelso: checks 
Onkapa: bets $3.50
vtkelso: calls $3.50
*** TURN *** [Ac 7s 6c] [Kh]
vtkelso: checks 
Onkapa: checks 
*** RIVER *** [Ac 7s 6c Kh] [4s]
vtkelso: bets $10
Onkapa: folds 
Uncalled bet ($10) returned to vtkelso
vtkelso collected $10.70 from pot
vtkelso: doesn't show hand 
*** SUMMARY ***
Total pot $11.25 | Rake $0.55 
Board [Ac 7s 6c Kh 4s]
Seat 1: Onkapa folded on the River
Seat 2: iTsTheGrind folded before Flop (didn't bet)
Seat 3: Alameda22 (button) folded before Flop (didn't bet)
Seat 4: Make_my_D (small blind) folded before Flop
Seat 5: vtkelso (big blind) collected ($10.70)
Seat 6: FrAnWaN folded before Flop (didn't bet)
Seat 7: YouthNAsia folded before Flop (didn't bet)
Seat 8: mcdougal2 folded before Flop (didn't bet)
Seat 9: nickianthony folded before Flop (didn't bet)



PokerStars Game #20153909696:  Hold'em No Limit ($0.25/$0.50) - 2008/09/04 22:03:15 ET
Table 'Celuta V' 9-max Seat #4 is the button
Seat 1: Onkapa ($44.25 in chips) 
Seat 2: iTsTheGrind ($50 in chips) 
Seat 3: Alameda22 ($50.20 in chips) 
Seat 4: Make_my_D ($44.50 in chips) 
Seat 5: vtkelso ($26.90 in chips) 
Seat 6: FrAnWaN ($58.85 in chips) 
Seat 7: YouthNAsia ($61.80 in chips) 
Seat 8: mcdougal2 ($108.40 in chips) 
Seat 9: nickianthony ($31.75 in chips) 
vtkelso: posts small blind $0.25
FrAnWaN: posts big blind $0.50
*** HOLE CARDS ***
Dealt to Alameda22 [As Js]
YouthNAsia: folds 
mcdougal2: folds 
nickianthony: folds 
Onkapa: folds 
iTsTheGrind: folds 
Alameda22: raises $1.50 to $2
Make_my_D: calls $2
vtkelso: folds 
FrAnWaN: folds 
*** FLOP *** [9d 8d Th]
Alameda22: bets $3
Make_my_D: folds 
Uncalled bet ($3) returned to Alameda22
Alameda22 collected $4.55 from pot
Alameda22: doesn't show hand 
*** SUMMARY ***
Total pot $4.75 | Rake $0.20 
Board [9d 8d Th]
Seat 1: Onkapa folded before Flop (didn't bet)
Seat 2: iTsTheGrind folded before Flop (didn't bet)
Seat 3: Alameda22 collected ($4.55)
Seat 4: Make_my_D (button) folded on the Flop
Seat 5: vtkelso (small blind) folded before Flop
Seat 6: FrAnWaN (big blind) folded before Flop
Seat 7: YouthNAsia folded before Flop (didn't bet)
Seat 8: mcdougal2 folded before Flop (didn't bet)
Seat 9: nickianthony folded before Flop (didn't bet)



PokerStars Game #20153945696:  Hold'em No Limit ($0.25/$0.50) - 2008/09/04 22:04:56 ET
Table 'Celuta V' 9-max Seat #5 is the button
Seat 1: Onkapa ($50 in chips) 
Seat 2: iTsTheGrind ($50 in chips) 
Seat 3: Alameda22 ($52.75 in chips) 
Seat 4: Make_my_D ($42.50 in chips) 
Seat 5: vtkelso ($26.65 in chips) 
Seat 6: FrAnWaN ($58.35 in chips) 
Seat 7: YouthNAsia ($61.80 in chips) 
Seat 8: mcdougal2 ($108.40 in chips) 
Seat 9: nickianthony ($31.75 in chips) 
FrAnWaN: posts small blind $0.25
YouthNAsia: posts big blind $0.50
*** HOLE CARDS ***
Dealt to Alameda22 [Ah 2h]
mcdougal2: folds 
nickianthony: folds 
Onkapa: folds 
iTsTheGrind: folds 
Alameda22: folds 
Make_my_D: folds 
vtkelso has timed out
vtkelso: folds 
vtkelso is sitting out
FrAnWaN: folds 
Uncalled bet ($0.25) returned to YouthNAsia
YouthNAsia collected $0.50 from pot
YouthNAsia: doesn't show hand 
*** SUMMARY ***
Total pot $0.50 | Rake $0 
Seat 1: Onkapa folded before Flop (didn't bet)
Seat 2: iTsTheGrind folded before Flop (didn't bet)
Seat 3: Alameda22 folded before Flop (didn't bet)
Seat 4: Make_my_D folded before Flop (didn't bet)
Seat 5: vtkelso (button) folded before Flop (didn't bet)
Seat 6: FrAnWaN (small blind) folded before Flop
Seat 7: YouthNAsia (big blind) collected ($0.50)
Seat 8: mcdougal2 folded before Flop (didn't bet)
Seat 9: nickianthony folded before Flop (didn't bet)



PokerStars Game #20153974347:  Hold'em No Limit ($0.25/$0.50) - 2008/09/04 22:06:15 ET
Table 'Celuta V' 9-max Seat #6 is the button
Seat 1: Onkapa ($50 in chips) 
Seat 2: iTsTheGrind ($50 in chips) 
Seat 3: Alameda22 ($52.75 in chips) 
Seat 4: Make_my_D ($42.50 in chips) 
Seat 6: FrAnWaN ($58.10 in chips) 
Seat 7: YouthNAsia ($62.05 in chips) 
Seat 8: mcdougal2 ($108.40 in chips) 
Seat 9: nickianthony ($31.75 in chips) 
YouthNAsia: posts small blind $0.25
mcdougal2: posts big blind $0.50
*** HOLE CARDS ***
Dealt to Alameda22 [8d 3s]
nickianthony: folds 
Onkapa: folds 
iTsTheGrind: folds 
vtkelso has returned
Alameda22: folds 
Make_my_D: folds 
FrAnWaN: folds 
YouthNAsia: folds 
Uncalled bet ($0.25) returned to mcdougal2
mcdougal2 collected $0.50 from pot
mcdougal2: doesn't show hand 
*** SUMMARY ***
Total pot $0.50 | Rake $0 
Seat 1: Onkapa folded before Flop (didn't bet)
Seat 2: iTsTheGrind folded before Flop (didn't bet)
Seat 3: Alameda22 folded before Flop (didn't bet)
Seat 4: Make_my_D folded before Flop (didn't bet)
Seat 6: FrAnWaN (button) folded before Flop (didn't bet)
Seat 7: YouthNAsia (small blind) folded before Flop
Seat 8: mcdougal2 (big blind) collected ($0.50)
Seat 9: nickianthony folded before Flop (didn't bet)



PokerStars Game #20153990532:  Hold'em No Limit ($0.25/$0.50) - 2008/09/04 22:07:00 ET
Table 'Celuta V' 9-max Seat #7 is the button
Seat 1: Onkapa ($50 in chips) 
Seat 2: iTsTheGrind ($50 in chips) 
Seat 3: Alameda22 ($52.75 in chips) 
Seat 4: Make_my_D ($42.50 in chips) 
Seat 5: vtkelso ($26.65 in chips) 
Seat 6: FrAnWaN ($58.10 in chips) 
Seat 7: YouthNAsia ($61.80 in chips) 
Seat 8: mcdougal2 ($108.65 in chips) 
Seat 9: nickianthony ($31.75 in chips) 
mcdougal2: posts small blind $0.25
nickianthony: posts big blind $0.50
*** HOLE CARDS ***
Dealt to Alameda22 [Tc Jh]
Onkapa: folds 
iTsTheGrind: folds 
Alameda22: folds 
Make_my_D: folds 
vtkelso: folds 
FrAnWaN: folds 
YouthNAsia: raises $1 to $1.50
mcdougal2: folds 
nickianthony: folds 
Uncalled bet ($1) returned to YouthNAsia
YouthNAsia collected $1.25 from pot
YouthNAsia: doesn't show hand 
*** SUMMARY ***
Total pot $1.25 | Rake $0 
Seat 1: Onkapa folded before Flop (didn't bet)
Seat 2: iTsTheGrind folded before Flop (didn't bet)
Seat 3: Alameda22 folded before Flop (didn't bet)
Seat 4: Make_my_D folded before Flop (didn't bet)
Seat 5: vtkelso folded before Flop (didn't bet)
Seat 6: FrAnWaN folded before Flop (didn't bet)
Seat 7: YouthNAsia (button) collected ($1.25)
Seat 8: mcdougal2 (small blind) folded before Flop
Seat 9: nickianthony (big blind) folded before Flop



PokerStars Game #20154017052:  Hold'em No Limit ($0.25/$0.50) - 2008/09/04 22:08:14 ET
Table 'Celuta V' 9-max Seat #8 is the button
Seat 1: Onkapa ($50 in chips) 
Seat 2: iTsTheGrind ($50 in chips) 
Seat 3: Alameda22 ($52.75 in chips) 
Seat 4: Make_my_D ($42.50 in chips) 
Seat 5: vtkelso ($26.65 in chips) 
Seat 6: FrAnWaN ($58.10 in chips) 
Seat 7: YouthNAsia ($62.55 in chips) 
Seat 8: mcdougal2 ($108.40 in chips) 
Seat 9: nickianthony ($31.25 in chips) 
nickianthony: posts small blind $0.25
Onkapa: posts big blind $0.50
*** HOLE CARDS ***
Dealt to Alameda22 [9s Td]
iTsTheGrind: folds 
Alameda22: folds 
Make_my_D: folds 
vtkelso: folds 
FrAnWaN: folds 
YouthNAsia: folds 
mcdougal2: calls $0.50
nickianthony: folds 
Onkapa: checks 
*** FLOP *** [9h 5s Jh]
Onkapa: checks 
mcdougal2: bets $1
Onkapa: folds 
Uncalled bet ($1) returned to mcdougal2
mcdougal2 collected $1.20 from pot
mcdougal2: doesn't show hand 
*** SUMMARY ***
Total pot $1.25 | Rake $0.05 
Board [9h 5s Jh]
Seat 1: Onkapa (big blind) folded on the Flop
Seat 2: iTsTheGrind folded before Flop (didn't bet)
Seat 3: Alameda22 folded before Flop (didn't bet)
Seat 4: Make_my_D folded before Flop (didn't bet)
Seat 5: vtkelso folded before Flop (didn't bet)
Seat 6: FrAnWaN folded before Flop (didn't bet)
Seat 7: YouthNAsia folded before Flop (didn't bet)
Seat 8: mcdougal2 (button) collected ($1.20)
Seat 9: nickianthony (small blind) folded before Flop



PokerStars Game #20154044501:  Hold'em No Limit ($0.25/$0.50) - 2008/09/04 22:09:30 ET
Table 'Celuta V' 9-max Seat #9 is the button
Seat 1: Onkapa ($49.50 in chips) 
Seat 2: iTsTheGrind ($50 in chips) 
Seat 3: Alameda22 ($52.75 in chips) 
Seat 4: Make_my_D ($42.50 in chips) 
Seat 5: vtkelso ($26.65 in chips) 
Seat 6: FrAnWaN ($58.10 in chips) 
Seat 7: YouthNAsia ($62.55 in chips) 
Seat 8: mcdougal2 ($109.10 in chips) 
Seat 9: nickianthony ($31 in chips) 
Onkapa: posts small blind $0.25
iTsTheGrind: posts big blind $0.50
*** HOLE CARDS ***
Dealt to Alameda22 [5s 4c]
Alameda22: folds 
Make_my_D: folds 
vtkelso: folds 
FrAnWaN: folds 
YouthNAsia: folds 
mcdougal2: folds 
nickianthony: folds 
Onkapa: folds 
Uncalled bet ($0.25) returned to iTsTheGrind
iTsTheGrind collected $0.50 from pot
*** SUMMARY ***
Total pot $0.50 | Rake $0 
Seat 1: Onkapa (small blind) folded before Flop
Seat 2: iTsTheGrind (big blind) collected ($0.50)
Seat 3: Alameda22 folded before Flop (didn't bet)
Seat 4: Make_my_D folded before Flop (didn't bet)
Seat 5: vtkelso folded before Flop (didn't bet)
Seat 6: FrAnWaN folded before Flop (didn't bet)
Seat 7: YouthNAsia folded before Flop (didn't bet)
Seat 8: mcdougal2 folded before Flop (didn't bet)
Seat 9: nickianthony (button) folded before Flop (didn't bet)



PokerStars Game #20154063693:  Hold'em No Limit ($0.25/$0.50) - 2008/09/04 22:10:23 ET
Table 'Celuta V' 9-max Seat #1 is the button
Seat 1: Onkapa ($49.25 in chips) 
Seat 2: iTsTheGrind ($50.25 in chips) 
Seat 3: Alameda22 ($52.75 in chips) 
Seat 4: Make_my_D ($42.50 in chips) 
Seat 5: vtkelso ($26.65 in chips) 
Seat 6: FrAnWaN ($58.10 in chips) 
Seat 7: YouthNAsia ($62.55 in chips) 
Seat 8: mcdougal2 ($109.10 in chips) 
Seat 9: nickianthony ($31 in chips) 
iTsTheGrind: posts small blind $0.25
Alameda22: posts big blind $0.50
*** HOLE CARDS ***
Dealt to Alameda22 [9c 9h]
Make_my_D: folds 
vtkelso: folds 
FrAnWaN: folds 
YouthNAsia: folds 
mcdougal2: folds 
nickianthony: folds 
Onkapa: folds 
iTsTheGrind: folds 
Uncalled bet ($0.25) returned to Alameda22
Alameda22 collected $0.50 from pot
Alameda22: doesn't show hand 
*** SUMMARY ***
Total pot $0.50 | Rake $0 
Seat 1: Onkapa (button) folded before Flop (didn't bet)
Seat 2: iTsTheGrind (small blind) folded before Flop
Seat 3: Alameda22 (big blind) collected ($0.50)
Seat 4: Make_my_D folded before Flop (didn't bet)
Seat 5: vtkelso folded before Flop (didn't bet)
Seat 6: FrAnWaN folded before Flop (didn't bet)
Seat 7: YouthNAsia folded before Flop (didn't bet)
Seat 8: mcdougal2 folded before Flop (didn't bet)
Seat 9: nickianthony folded before Flop (didn't bet)



PokerStars Game #20154076578:  Hold'em No Limit ($0.25/$0.50) - 2008/09/04 22:10:59 ET
Table 'Celuta V' 9-max Seat #2 is the button
Seat 1: Onkapa ($49.25 in chips) 
Seat 2: iTsTheGrind ($50 in chips) 
Seat 3: Alameda22 ($53 in chips) 
Seat 4: Make_my_D ($42.50 in chips) 
Seat 5: vtkelso ($26.65 in chips) 
Seat 6: FrAnWaN ($58.10 in chips) 
Seat 7: YouthNAsia ($62.55 in chips) 
Seat 8: mcdougal2 ($109.10 in chips) 
Seat 9: nickianthony ($31 in chips) 
Alameda22: posts small blind $0.25
Make_my_D: posts big blind $0.50
*** HOLE CARDS ***
Dealt to Alameda22 [3h 2s]
vtkelso: folds 
FrAnWaN: folds 
YouthNAsia: raises $1.50 to $2
mcdougal2: folds 
nickianthony: folds 
Onkapa: folds 
iTsTheGrind: folds 
Alameda22: folds 
Make_my_D: folds 
Uncalled bet ($1.50) returned to YouthNAsia
YouthNAsia collected $1.25 from pot
YouthNAsia: doesn't show hand 
*** SUMMARY ***
Total pot $1.25 | Rake $0 
Seat 1: Onkapa folded before Flop (didn't bet)
Seat 2: iTsTheGrind (button) folded before Flop (didn't bet)
Seat 3: Alameda22 (small blind) folded before Flop
Seat 4: Make_my_D (big blind) folded before Flop
Seat 5: vtkelso folded before Flop (didn't bet)
Seat 6: FrAnWaN folded before Flop (didn't bet)
Seat 7: YouthNAsia collected ($1.25)
Seat 8: mcdougal2 folded before Flop (didn't bet)
Seat 9: nickianthony folded before Flop (didn't bet)



PokerStars Game #20154090243:  Hold'em No Limit ($0.25/$0.50) - 2008/09/04 22:11:38 ET
Table 'Celuta V' 9-max Seat #3 is the button
Seat 1: Onkapa ($49.25 in chips) 
Seat 2: iTsTheGrind ($50 in chips) 
Seat 3: Alameda22 ($52.75 in chips) 
Seat 4: Make_my_D ($42 in chips) 
Seat 5: vtkelso ($26.65 in chips) 
Seat 6: FrAnWaN ($58.10 in chips) 
Seat 7: YouthNAsia ($63.30 in chips) 
Seat 8: mcdougal2 ($109.10 in chips) 
Seat 9: nickianthony ($31 in chips) 
Make_my_D: posts small blind $0.25
vtkelso: posts big blind $0.50
*** HOLE CARDS ***
Dealt to Alameda22 [Qd Ah]
FrAnWaN: folds 
YouthNAsia: folds 
mcdougal2: folds 
nickianthony: folds 
Onkapa: folds 
iTsTheGrind: calls $0.50
Alameda22: raises $2 to $2.50
Make_my_D: folds 
vtkelso: folds 
iTsTheGrind: folds 
Uncalled bet ($2) returned to Alameda22
Alameda22 collected $1.75 from pot
Alameda22: doesn't show hand 
*** SUMMARY ***
Total pot $1.75 | Rake $0 
Seat 1: Onkapa folded before Flop (didn't bet)
Seat 2: iTsTheGrind folded before Flop
Seat 3: Alameda22 (button) collected ($1.75)
Seat 4: Make_my_D (small blind) folded before Flop
Seat 5: vtkelso (big blind) folded before Flop
Seat 6: FrAnWaN folded before Flop (didn't bet)
Seat 7: YouthNAsia folded before Flop (didn't bet)
Seat 8: mcdougal2 folded before Flop (didn't bet)
Seat 9: nickianthony folded before Flop (didn't bet)



PokerStars Game #20154113509:  Hold'em No Limit ($0.25/$0.50) - 2008/09/04 22:12:45 ET
Table 'Celuta V' 9-max Seat #4 is the button
Seat 1: Onkapa ($49.25 in chips) 
Seat 2: iTsTheGrind ($49.50 in chips) 
Seat 3: Alameda22 ($54 in chips) 
Seat 4: Make_my_D ($41.75 in chips) 
Seat 5: vtkelso ($26.15 in chips) 
Seat 6: FrAnWaN ($58.10 in chips) 
Seat 7: YouthNAsia ($63.30 in chips) 
Seat 8: mcdougal2 ($109.10 in chips) 
Seat 9: nickianthony ($31 in chips) 
vtkelso: posts small blind $0.25
FrAnWaN: posts big blind $0.50
*** HOLE CARDS ***
Dealt to Alameda22 [9s 7d]
YouthNAsia: folds 
mcdougal2: calls $0.50
nickianthony: folds 
Onkapa: folds 
iTsTheGrind: folds 
Alameda22: folds 
Make_my_D: folds 
vtkelso: folds 
FrAnWaN: checks 
*** FLOP *** [6h 4d 8d]
FrAnWaN: checks 
mcdougal2: checks 
*** TURN *** [6h 4d 8d] [Tc]
FrAnWaN: checks 
mcdougal2: checks 
*** RIVER *** [6h 4d 8d Tc] [6c]
FrAnWaN: checks 
mcdougal2: checks 
*** SHOW DOWN ***
FrAnWaN: shows [4s Kh] (two pair, Sixes and Fours)
mcdougal2: mucks hand 
FrAnWaN collected $1.20 from pot
*** SUMMARY ***
Total pot $1.25 | Rake $0.05 
Board [6h 4d 8d Tc 6c]
Seat 1: Onkapa folded before Flop (didn't bet)
Seat 2: iTsTheGrind folded before Flop (didn't bet)
Seat 3: Alameda22 folded before Flop (didn't bet)
Seat 4: Make_my_D (button) folded before Flop (didn't bet)
Seat 5: vtkelso (small blind) folded before Flop
Seat 6: FrAnWaN (big blind) showed [4s Kh] and won ($1.20) with two pair, Sixes and Fours
Seat 7: YouthNAsia folded before Flop (didn't bet)
Seat 8: mcdougal2 mucked [Js Ah]
Seat 9: nickianthony folded before Flop (didn't bet)



PokerStars Game #20154151848:  Hold'em No Limit ($0.25/$0.50) - 2008/09/04 22:14:30 ET
Table 'Celuta V' 9-max Seat #5 is the button
Seat 1: Onkapa ($49.25 in chips) 
Seat 2: iTsTheGrind ($49.50 in chips) 
Seat 3: Alameda22 ($54 in chips) 
Seat 4: Make_my_D ($41.75 in chips) 
Seat 5: vtkelso ($25.90 in chips) 
Seat 6: FrAnWaN ($58.80 in chips) 
Seat 7: YouthNAsia ($63.30 in chips) 
Seat 8: mcdougal2 ($108.60 in chips) 
Seat 9: nickianthony ($31 in chips) 
FrAnWaN: posts small blind $0.25
YouthNAsia: posts big blind $0.50
*** HOLE CARDS ***
Dealt to Alameda22 [7d 8c]
mcdougal2: folds 
nickianthony: folds 
Onkapa: folds 
iTsTheGrind: folds 
Alameda22: folds 
Make_my_D: folds 
vtkelso: folds 
FrAnWaN: raises $1.50 to $2
YouthNAsia: calls $1.50
*** FLOP *** [4h Kd 5h]
FrAnWaN: bets $3
YouthNAsia: calls $3
*** TURN *** [4h Kd 5h] [Jc]
FrAnWaN: bets $7
YouthNAsia: calls $7
*** RIVER *** [4h Kd 5h Jc] [Ad]
FrAnWaN: checks 
YouthNAsia: bets $17
FrAnWaN: calls $17
*** SHOW DOWN ***
YouthNAsia: shows [Ts Qh] (a straight, Ten to Ace)
FrAnWaN: mucks hand 
YouthNAsia collected $55.20 from pot
*** SUMMARY ***
Total pot $58 | Rake $2.80 
Board [4h Kd 5h Jc Ad]
Seat 1: Onkapa folded before Flop (didn't bet)
Seat 2: iTsTheGrind folded before Flop (didn't bet)
Seat 3: Alameda22 folded before Flop (didn't bet)
Seat 4: Make_my_D folded before Flop (didn't bet)
Seat 5: vtkelso (button) folded before Flop (didn't bet)
Seat 6: FrAnWaN (small blind) mucked [Qc Ac]
Seat 7: YouthNAsia (big blind) showed [Ts Qh] and won ($55.20) with a straight, Ten to Ace
Seat 8: mcdougal2 folded before Flop (didn't bet)
Seat 9: nickianthony folded before Flop (didn't bet)



PokerStars Game #20154182407:  Hold'em No Limit ($0.25/$0.50) - 2008/09/04 22:15:56 ET
Table 'Celuta V' 9-max Seat #6 is the button
Seat 1: Onkapa ($49.25 in chips) 
Seat 2: iTsTheGrind ($50 in chips) 
Seat 3: Alameda22 ($54 in chips) 
Seat 4: Make_my_D ($41.75 in chips) 
Seat 5: vtkelso ($25.90 in chips) 
Seat 6: FrAnWaN ($50 in chips) 
Seat 7: YouthNAsia ($89.50 in chips) 
Seat 8: mcdougal2 ($108.60 in chips) 
Seat 9: nickianthony ($31 in chips) 
YouthNAsia: posts small blind $0.25
mcdougal2: posts big blind $0.50
*** HOLE CARDS ***
Dealt to Alameda22 [Ac 9d]
nickianthony: folds 
Onkapa: folds 
iTsTheGrind: folds 
Alameda22: folds 
Make_my_D: folds 
vtkelso: raises $1 to $1.50
FrAnWaN: folds 
YouthNAsia: raises $4 to $5.50
mcdougal2: folds 
vtkelso: folds 
Uncalled bet ($4) returned to YouthNAsia
YouthNAsia collected $3.50 from pot
YouthNAsia: doesn't show hand 
*** SUMMARY ***
Total pot $3.50 | Rake $0 
Seat 1: Onkapa folded before Flop (didn't bet)
Seat 2: iTsTheGrind folded before Flop (didn't bet)
Seat 3: Alameda22 folded before Flop (didn't bet)
Seat 4: Make_my_D folded before Flop (didn't bet)
Seat 5: vtkelso folded before Flop
Seat 6: FrAnWaN (button) folded before Flop (didn't bet)
Seat 7: YouthNAsia (small blind) collected ($3.50)
Seat 8: mcdougal2 (big blind) folded before Flop
Seat 9: nickianthony folded before Flop (didn't bet)



PokerStars Game #20154201512:  Hold'em No Limit ($0.25/$0.50) - 2008/09/04 22:16:49 ET
Table 'Celuta V' 9-max Seat #7 is the button
Seat 1: Onkapa ($49.25 in chips) 
Seat 2: iTsTheGrind ($50 in chips) 
Seat 3: Alameda22 ($54 in chips) 
Seat 4: Make_my_D ($41.75 in chips) 
Seat 5: vtkelso ($24.40 in chips) 
Seat 6: FrAnWaN ($50 in chips) 
Seat 7: YouthNAsia ($91.50 in chips) 
Seat 8: mcdougal2 ($108.10 in chips) 
Seat 9: nickianthony ($31 in chips) 
mcdougal2: posts small blind $0.25
nickianthony: posts big blind $0.50
*** HOLE CARDS ***
Dealt to Alameda22 [Qd Qs]
Onkapa: calls $0.50
iTsTheGrind: folds 
Alameda22: raises $2 to $2.50
Make_my_D: folds 
vtkelso: folds 
FrAnWaN: calls $2.50
YouthNAsia: folds 
mcdougal2: folds 
nickianthony: folds 
Onkapa: calls $2
*** FLOP *** [Js Ts 6d]
Onkapa: checks 
Alameda22: bets $5.50
FrAnWaN: folds 
Onkapa: raises $8 to $13.50
Alameda22: calls $8
*** TURN *** [Js Ts 6d] [4s]
Onkapa: bets $16
Alameda22: raises $22 to $38 and is all-in
Onkapa: calls $17.25 and is all-in
Uncalled bet ($4.75) returned to Alameda22
*** RIVER *** [Js Ts 6d 4s] [9c]
*** SHOW DOWN ***
Onkapa: shows [Jc Jh] (three of a kind, Jacks)
Alameda22: mucks hand 
Onkapa collected $98.75 from pot
*** SUMMARY ***
Total pot $101.75 | Rake $3 
Board [Js Ts 6d 4s 9c]
Seat 1: Onkapa showed [Jc Jh] and won ($98.75) with three of a kind, Jacks
Seat 2: iTsTheGrind folded before Flop (didn't bet)
Seat 3: Alameda22 mucked [Qd Qs]
Seat 4: Make_my_D folded before Flop (didn't bet)
Seat 5: vtkelso folded before Flop (didn't bet)
Seat 6: FrAnWaN folded on the Flop
Seat 7: YouthNAsia (button) folded before Flop (didn't bet)
Seat 8: mcdougal2 (small blind) folded before Flop
Seat 9: nickianthony (big blind) folded before Flop



PokerStars Game #20154245149:  Hold'em No Limit ($0.25/$0.50) - 2008/09/04 22:18:52 ET
Table 'Celuta V' 9-max Seat #8 is the button
Seat 1: Onkapa ($98.75 in chips) 
Seat 2: iTsTheGrind ($50 in chips) 
Seat 3: Alameda22 ($50 in chips) 
Seat 4: Make_my_D ($41.75 in chips) 
Seat 5: vtkelso ($24.40 in chips) 
Seat 6: FrAnWaN ($50 in chips) 
Seat 7: YouthNAsia ($91.50 in chips) 
Seat 8: mcdougal2 ($107.85 in chips) 
Seat 9: nickianthony ($30.50 in chips) 
nickianthony: posts small blind $0.25
Onkapa: posts big blind $0.50
*** HOLE CARDS ***
Dealt to Alameda22 [5d 3h]
iTsTheGrind: folds 
Alameda22: folds 
Make_my_D: folds 
vtkelso: folds 
FrAnWaN: raises $1.50 to $2
YouthNAsia: calls $2
mcdougal2: calls $2
nickianthony: folds 
Onkapa: folds 
*** FLOP *** [7h 3d 2h]
FrAnWaN: bets $4
YouthNAsia: folds 
mcdougal2: folds 
Uncalled bet ($4) returned to FrAnWaN
FrAnWaN collected $6.45 from pot
FrAnWaN: doesn't show hand 
*** SUMMARY ***
Total pot $6.75 | Rake $0.30 
Board [7h 3d 2h]
Seat 1: Onkapa (big blind) folded before Flop
Seat 2: iTsTheGrind folded before Flop (didn't bet)
Seat 3: Alameda22 folded before Flop (didn't bet)
Seat 4: Make_my_D folded before Flop (didn't bet)
Seat 5: vtkelso folded before Flop (didn't bet)
Seat 6: FrAnWaN collected ($6.45)
Seat 7: YouthNAsia folded on the Flop
Seat 8: mcdougal2 (button) folded on the Flop
Seat 9: nickianthony (small blind) folded before Flop



PokerStars Game #20154270528:  Hold'em No Limit ($0.25/$0.50) - 2008/09/04 22:20:02 ET
Table 'Celuta V' 9-max Seat #9 is the button
Seat 1: Onkapa ($98.25 in chips) 
Seat 2: iTsTheGrind ($50 in chips) 
Seat 3: Alameda22 ($50 in chips) 
Seat 4: Make_my_D ($41.75 in chips) 
Seat 5: vtkelso ($24.40 in chips) 
Seat 6: FrAnWaN ($54.45 in chips) 
Seat 7: YouthNAsia ($89.50 in chips) 
Seat 8: mcdougal2 ($105.85 in chips) 
Seat 9: nickianthony ($30.25 in chips) 
Onkapa: posts small blind $0.25
iTsTheGrind: posts big blind $0.50
*** HOLE CARDS ***
Dealt to Alameda22 [Ts Td]
Alameda22: folds 
Make_my_D: calls $0.50
vtkelso: folds 
FrAnWaN: folds 
YouthNAsia: folds 
mcdougal2: calls $0.50
nickianthony: raises $3 to $3.50
Onkapa: folds 
iTsTheGrind: folds 
Make_my_D: calls $3
mcdougal2: folds 
*** FLOP *** [6d Ac Ad]
Make_my_D: checks 
nickianthony: bets $5
Make_my_D: folds 
Uncalled bet ($5) returned to nickianthony
nickianthony collected $7.85 from pot
nickianthony: doesn't show hand 
*** SUMMARY ***
Total pot $8.25 | Rake $0.40 
Board [6d Ac Ad]
Seat 1: Onkapa (small blind) folded before Flop
Seat 2: iTsTheGrind (big blind) folded before Flop
Seat 3: Alameda22 folded before Flop (didn't bet)
Seat 4: Make_my_D folded on the Flop
Seat 5: vtkelso folded before Flop (didn't bet)
Seat 6: FrAnWaN folded before Flop (didn't bet)
Seat 7: YouthNAsia folded before Flop (didn't bet)
Seat 8: mcdougal2 folded before Flop
Seat 9: nickianthony (button) collected ($7.85)



PokerStars Game #20154309170:  Hold'em No Limit ($0.25/$0.50) - 2008/09/04 22:21:50 ET
Table 'Celuta V' 9-max Seat #1 is the button
Seat 1: Onkapa ($98 in chips) 
Seat 2: iTsTheGrind ($49.50 in chips) 
Seat 3: Alameda22 ($50 in chips) 
Seat 4: Make_my_D ($38.25 in chips) 
Seat 5: vtkelso ($24.40 in chips) 
Seat 6: FrAnWaN ($54.45 in chips) 
Seat 7: YouthNAsia ($89.50 in chips) 
Seat 8: mcdougal2 ($105.35 in chips) 
Seat 9: nickianthony ($34.60 in chips) 
iTsTheGrind: posts small blind $0.25
Alameda22: posts big blind $0.50
*** HOLE CARDS ***
Dealt to Alameda22 [Jd 2d]
Make_my_D: folds 
vtkelso: folds 
FrAnWaN: folds 
YouthNAsia: folds 
mcdougal2: folds 
nickianthony: folds 
Onkapa: folds 
iTsTheGrind: folds 
Uncalled bet ($0.25) returned to Alameda22
Alameda22 collected $0.50 from pot
Alameda22: doesn't show hand 
*** SUMMARY ***
Total pot $0.50 | Rake $0 
Seat 1: Onkapa (button) folded before Flop (didn't bet)
Seat 2: iTsTheGrind (small blind) folded before Flop
Seat 3: Alameda22 (big blind) collected ($0.50)
Seat 4: Make_my_D folded before Flop (didn't bet)
Seat 5: vtkelso folded before Flop (didn't bet)
Seat 6: FrAnWaN folded before Flop (didn't bet)
Seat 7: YouthNAsia folded before Flop (didn't bet)
Seat 8: mcdougal2 folded before Flop (didn't bet)
Seat 9: nickianthony folded before Flop (didn't bet)



PokerStars Game #20154324512:  Hold'em No Limit ($0.25/$0.50) - 2008/09/04 22:22:33 ET
Table 'Celuta V' 9-max Seat #2 is the button
Seat 1: Onkapa ($98 in chips) 
Seat 2: iTsTheGrind ($49.25 in chips) 
Seat 3: Alameda22 ($50.25 in chips) 
Seat 4: Make_my_D ($38.25 in chips) 
Seat 5: vtkelso ($24.40 in chips) 
Seat 6: FrAnWaN ($54.45 in chips) 
Seat 7: YouthNAsia ($89.50 in chips) 
Seat 8: mcdougal2 ($105.35 in chips) 
Seat 9: nickianthony ($34.60 in chips) 
Alameda22: posts small blind $0.25
Make_my_D: posts big blind $0.50
*** HOLE CARDS ***
Dealt to Alameda22 [6h 9d]
vtkelso: raises $1 to $1.50
FrAnWaN: folds 
YouthNAsia: folds 
mcdougal2: folds 
nickianthony: folds 
Onkapa: folds 
iTsTheGrind: folds 
Alameda22: folds 
Make_my_D: folds 
Uncalled bet ($1) returned to vtkelso
vtkelso collected $1.25 from pot
vtkelso: doesn't show hand 
*** SUMMARY ***
Total pot $1.25 | Rake $0 
Seat 1: Onkapa folded before Flop (didn't bet)
Seat 2: iTsTheGrind (button) folded before Flop (didn't bet)
Seat 3: Alameda22 (small blind) folded before Flop
Seat 4: Make_my_D (big blind) folded before Flop
Seat 5: vtkelso collected ($1.25)
Seat 6: FrAnWaN folded before Flop (didn't bet)
Seat 7: YouthNAsia folded before Flop (didn't bet)
Seat 8: mcdougal2 folded before Flop (didn't bet)
Seat 9: nickianthony folded before Flop (didn't bet)



PokerStars Game #20154352269:  Hold'em No Limit ($0.25/$0.50) - 2008/09/04 22:23:53 ET
Table 'Celuta V' 9-max Seat #3 is the button
Seat 1: Onkapa ($98 in chips) 
Seat 2: iTsTheGrind ($49.25 in chips) 
Seat 3: Alameda22 ($50 in chips) 
Seat 4: Make_my_D ($37.75 in chips) 
Seat 5: vtkelso ($25.15 in chips) 
Seat 6: FrAnWaN ($54.45 in chips) 
Seat 7: YouthNAsia ($89.50 in chips) 
Seat 8: mcdougal2 ($105.35 in chips) 
Seat 9: nickianthony ($34.60 in chips) 
Make_my_D: posts small blind $0.25
vtkelso: posts big blind $0.50
*** HOLE CARDS ***
Dealt to Alameda22 [7c 4d]
FrAnWaN: raises $1.50 to $2
YouthNAsia: folds 
mcdougal2: folds 
nickianthony: calls $2
Onkapa: folds 
iTsTheGrind: folds 
Alameda22: folds 
Make_my_D: folds 
vtkelso: folds 
*** FLOP *** [3d Kc 6s]
FrAnWaN: bets $3.50
nickianthony: folds 
Uncalled bet ($3.50) returned to FrAnWaN
FrAnWaN collected $4.55 from pot
FrAnWaN: doesn't show hand 
*** SUMMARY ***
Total pot $4.75 | Rake $0.20 
Board [3d Kc 6s]
Seat 1: Onkapa folded before Flop (didn't bet)
Seat 2: iTsTheGrind folded before Flop (didn't bet)
Seat 3: Alameda22 (button) folded before Flop (didn't bet)
Seat 4: Make_my_D (small blind) folded before Flop
Seat 5: vtkelso (big blind) folded before Flop
Seat 6: FrAnWaN collected ($4.55)
Seat 7: YouthNAsia folded before Flop (didn't bet)
Seat 8: mcdougal2 folded before Flop (didn't bet)
Seat 9: nickianthony folded on the Flop



PokerStars Game #20154374397:  Hold'em No Limit ($0.25/$0.50) - 2008/09/04 22:24:55 ET
Table 'Celuta V' 9-max Seat #4 is the button
Seat 1: Onkapa ($98 in chips) 
Seat 2: iTsTheGrind ($49.25 in chips) 
Seat 3: Alameda22 ($50 in chips) 
Seat 4: Make_my_D ($37.50 in chips) 
Seat 5: vtkelso ($24.65 in chips) 
Seat 6: FrAnWaN ($57 in chips) 
Seat 7: YouthNAsia ($89.50 in chips) 
Seat 8: mcdougal2 ($105.35 in chips) 
Seat 9: nickianthony ($32.60 in chips) 
vtkelso: posts small blind $0.25
FrAnWaN: posts big blind $0.50
*** HOLE CARDS ***
Dealt to Alameda22 [Qc Td]
YouthNAsia: folds 
mcdougal2: folds 
nickianthony: folds 
Onkapa: folds 
iTsTheGrind: folds 
Alameda22: folds 
Make_my_D: folds 
vtkelso: calls $0.25
FrAnWaN: checks 
*** FLOP *** [6s Ac Th]
vtkelso: bets $0.50
FrAnWaN: folds 
Uncalled bet ($0.50) returned to vtkelso
vtkelso collected $0.95 from pot
vtkelso: doesn't show hand 
*** SUMMARY ***
Total pot $1 | Rake $0.05 
Board [6s Ac Th]
Seat 1: Onkapa folded before Flop (didn't bet)
Seat 2: iTsTheGrind folded before Flop (didn't bet)
Seat 3: Alameda22 folded before Flop (didn't bet)
Seat 4: Make_my_D (button) folded before Flop (didn't bet)
Seat 5: vtkelso (small blind) collected ($0.95)
Seat 6: FrAnWaN (big blind) folded on the Flop
Seat 7: YouthNAsia folded before Flop (didn't bet)
Seat 8: mcdougal2 folded before Flop (didn't bet)
Seat 9: nickianthony folded before Flop (didn't bet)



PokerStars Game #20154404850:  Hold'em No Limit ($0.25/$0.50) - 2008/09/04 22:26:21 ET
Table 'Celuta V' 9-max Seat #5 is the button
Seat 1: Onkapa ($98 in chips) 
Seat 2: iTsTheGrind ($50 in chips) 
Seat 3: Alameda22 ($50 in chips) 
Seat 4: Make_my_D ($37.50 in chips) 
Seat 5: vtkelso ($25.10 in chips) 
Seat 6: FrAnWaN ($56.50 in chips) 
Seat 7: YouthNAsia ($89.50 in chips) 
Seat 8: mcdougal2 ($105.35 in chips) 
Seat 9: nickianthony ($32.60 in chips) 
FrAnWaN: posts small blind $0.25
YouthNAsia: posts big blind $0.50
*** HOLE CARDS ***
Dealt to Alameda22 [7c Ad]
mcdougal2: folds 
nickianthony: calls $0.50
Onkapa: folds 
iTsTheGrind: folds 
Alameda22: folds 
Make_my_D: raises $2 to $2.50
vtkelso: folds 
FrAnWaN: folds 
YouthNAsia: folds 
nickianthony: folds 
Uncalled bet ($2) returned to Make_my_D
Make_my_D collected $1.75 from pot
Make_my_D: doesn't show hand 
*** SUMMARY ***
Total pot $1.75 | Rake $0 
Seat 1: Onkapa folded before Flop (didn't bet)
Seat 2: iTsTheGrind folded before Flop (didn't bet)
Seat 3: Alameda22 folded before Flop (didn't bet)
Seat 4: Make_my_D collected ($1.75)
Seat 5: vtkelso (button) folded before Flop (didn't bet)
Seat 6: FrAnWaN (small blind) folded before Flop
Seat 7: YouthNAsia (big blind) folded before Flop
Seat 8: mcdougal2 folded before Flop (didn't bet)
Seat 9: nickianthony folded before Flop



PokerStars Game #20154422330:  Hold'em No Limit ($0.25/$0.50) - 2008/09/04 22:27:10 ET
Table 'Celuta V' 9-max Seat #6 is the button
Seat 1: Onkapa ($98 in chips) 
Seat 2: iTsTheGrind ($50 in chips) 
Seat 3: Alameda22 ($50 in chips) 
Seat 4: Make_my_D ($38.75 in chips) 
Seat 5: vtkelso ($25.10 in chips) 
Seat 6: FrAnWaN ($56.25 in chips) 
Seat 7: YouthNAsia ($89 in chips) 
Seat 8: mcdougal2 ($105.35 in chips) 
Seat 9: nickianthony ($32.10 in chips) 
YouthNAsia: posts small blind $0.25
mcdougal2: posts big blind $0.50
*** HOLE CARDS ***
Dealt to Alameda22 [Td Js]
nickianthony: folds 
Onkapa: folds 
iTsTheGrind: folds 
Alameda22: folds 
Make_my_D: folds 
vtkelso: folds 
FrAnWaN: raises $1.50 to $2
YouthNAsia: folds 
mcdougal2: calls $1.50
*** FLOP *** [6h 7c 4h]
mcdougal2: checks 
FrAnWaN: bets $3
mcdougal2: folds 
Uncalled bet ($3) returned to FrAnWaN
FrAnWaN collected $4.05 from pot
FrAnWaN: doesn't show hand 
*** SUMMARY ***
Total pot $4.25 | Rake $0.20 
Board [6h 7c 4h]
Seat 1: Onkapa folded before Flop (didn't bet)
Seat 2: iTsTheGrind folded before Flop (didn't bet)
Seat 3: Alameda22 folded before Flop (didn't bet)
Seat 4: Make_my_D folded before Flop (didn't bet)
Seat 5: vtkelso folded before Flop (didn't bet)
Seat 6: FrAnWaN (button) collected ($4.05)
Seat 7: YouthNAsia (small blind) folded before Flop
Seat 8: mcdougal2 (big blind) folded on the Flop
Seat 9: nickianthony folded before Flop (didn't bet)



PokerStars Game #20154451568:  Hold'em No Limit ($0.25/$0.50) - 2008/09/04 22:28:33 ET
Table 'Celuta V' 9-max Seat #7 is the button
Seat 1: Onkapa ($98 in chips) 
Seat 2: iTsTheGrind ($50 in chips) 
Seat 3: Alameda22 ($50 in chips) 
Seat 4: Make_my_D ($38.75 in chips) 
Seat 5: vtkelso ($25.10 in chips) 
Seat 6: FrAnWaN ($58.30 in chips) 
Seat 7: YouthNAsia ($88.75 in chips) 
Seat 8: mcdougal2 ($103.35 in chips) 
Seat 9: nickianthony ($32.10 in chips) 
mcdougal2: posts small blind $0.25
nickianthony: posts big blind $0.50
*** HOLE CARDS ***
Dealt to Alameda22 [5s Qd]
Onkapa: folds 
Onkapa leaves the table
iTsTheGrind: folds 
Alameda22: folds 
Make_my_D: folds 
vtkelso: folds 
FrAnWaN: folds 
YouthNAsia: folds 
LarsThorwald joins the table at seat #1 
mcdougal2: raises $1.50 to $2
nickianthony: folds 
Uncalled bet ($1.50) returned to mcdougal2
mcdougal2 collected $1 from pot
mcdougal2: doesn't show hand 
*** SUMMARY ***
Total pot $1 | Rake $0 
Seat 1: Onkapa folded before Flop (didn't bet)
Seat 2: iTsTheGrind folded before Flop (didn't bet)
Seat 3: Alameda22 folded before Flop (didn't bet)
Seat 4: Make_my_D folded before Flop (didn't bet)
Seat 5: vtkelso folded before Flop (didn't bet)
Seat 6: FrAnWaN folded before Flop (didn't bet)
Seat 7: YouthNAsia (button) folded before Flop (didn't bet)
Seat 8: mcdougal2 (small blind) collected ($1)
Seat 9: nickianthony (big blind) folded before Flop



PokerStars Game #20154471817:  Hold'em No Limit ($0.25/$0.50) - 2008/09/04 22:29:30 ET
Table 'Celuta V' 9-max Seat #8 is the button
Seat 1: LarsThorwald ($30 in chips) 
Seat 2: iTsTheGrind ($50 in chips) 
Seat 3: Alameda22 ($50 in chips) 
Seat 4: Make_my_D ($38.75 in chips) 
Seat 5: vtkelso ($25.10 in chips) 
Seat 6: FrAnWaN ($58.30 in chips) 
Seat 7: YouthNAsia ($88.75 in chips) 
Seat 8: mcdougal2 ($103.85 in chips) 
Seat 9: nickianthony ($31.60 in chips) 
nickianthony: posts small blind $0.25
LarsThorwald: posts big blind $0.50
*** HOLE CARDS ***
Dealt to Alameda22 [Jd 7c]
iTsTheGrind: folds 
Alameda22: folds 
Make_my_D: folds 
vtkelso: folds 
FrAnWaN: raises $1.50 to $2
YouthNAsia: folds 
mcdougal2: folds 
nickianthony: folds 
LarsThorwald: folds 
Uncalled bet ($1.50) returned to FrAnWaN
FrAnWaN collected $1.25 from pot
FrAnWaN: doesn't show hand 
*** SUMMARY ***
Total pot $1.25 | Rake $0 
Seat 1: LarsThorwald (big blind) folded before Flop
Seat 2: iTsTheGrind folded before Flop (didn't bet)
Seat 3: Alameda22 folded before Flop (didn't bet)
Seat 4: Make_my_D folded before Flop (didn't bet)
Seat 5: vtkelso folded before Flop (didn't bet)
Seat 6: FrAnWaN collected ($1.25)
Seat 7: YouthNAsia folded before Flop (didn't bet)
Seat 8: mcdougal2 (button) folded before Flop (didn't bet)
Seat 9: nickianthony (small blind) folded before Flop



PokerStars Game #20154494261:  Hold'em No Limit ($0.25/$0.50) - 2008/09/04 22:30:33 ET
Table 'Celuta V' 9-max Seat #9 is the button
Seat 1: LarsThorwald ($29.50 in chips) 
Seat 2: iTsTheGrind ($50 in chips) 
Seat 3: Alameda22 ($50 in chips) 
Seat 4: Make_my_D ($38.75 in chips) 
Seat 5: vtkelso ($25.10 in chips) 
Seat 6: FrAnWaN ($59.05 in chips) 
Seat 7: YouthNAsia ($88.75 in chips) 
Seat 8: mcdougal2 ($103.85 in chips) 
Seat 9: nickianthony ($31.35 in chips) 
LarsThorwald: posts small blind $0.25
iTsTheGrind: posts big blind $0.50
*** HOLE CARDS ***
Dealt to Alameda22 [Kd 4d]
Alameda22: folds 
Make_my_D: calls $0.50
vtkelso: folds 
FrAnWaN: folds 
YouthNAsia: folds 
mcdougal2: folds 
nickianthony: folds 
LarsThorwald: calls $0.25
iTsTheGrind: checks 
*** FLOP *** [2d Qs 3h]
LarsThorwald: checks 
iTsTheGrind: checks 
Make_my_D: bets $1.50
LarsThorwald: folds 
iTsTheGrind: folds 
Uncalled bet ($1.50) returned to Make_my_D
Make_my_D collected $1.45 from pot
Make_my_D: doesn't show hand 
*** SUMMARY ***
Total pot $1.50 | Rake $0.05 
Board [2d Qs 3h]
Seat 1: LarsThorwald (small blind) folded on the Flop
Seat 2: iTsTheGrind (big blind) folded on the Flop
Seat 3: Alameda22 folded before Flop (didn't bet)
Seat 4: Make_my_D collected ($1.45)
Seat 5: vtkelso folded before Flop (didn't bet)
Seat 6: FrAnWaN folded before Flop (didn't bet)
Seat 7: YouthNAsia folded before Flop (didn't bet)
Seat 8: mcdougal2 folded before Flop (didn't bet)
Seat 9: nickianthony (button) folded before Flop (didn't bet)



PokerStars Game #20154523291:  Hold'em No Limit ($0.25/$0.50) - 2008/09/04 22:31:50 ET
Table 'Celuta V' 9-max Seat #1 is the button
Seat 1: LarsThorwald ($29 in chips) 
Seat 2: iTsTheGrind ($49.50 in chips) 
Seat 3: Alameda22 ($50 in chips) 
Seat 4: Make_my_D ($39.70 in chips) 
Seat 5: vtkelso ($25.10 in chips) 
Seat 6: FrAnWaN ($59.05 in chips) 
Seat 7: YouthNAsia ($88.75 in chips) 
Seat 8: mcdougal2 ($103.85 in chips) 
Seat 9: nickianthony ($31.35 in chips) 
iTsTheGrind: posts small blind $0.25
Alameda22: posts big blind $0.50
*** HOLE CARDS ***
Dealt to Alameda22 [Kd 7s]
Make_my_D: folds 
vtkelso: folds 
FrAnWaN: folds 
YouthNAsia: folds 
mcdougal2: raises $2.50 to $3
nickianthony: folds 
LarsThorwald: folds 
iTsTheGrind: folds 
Alameda22: folds 
Uncalled bet ($2.50) returned to mcdougal2
mcdougal2 collected $1.25 from pot
mcdougal2: doesn't show hand 
*** SUMMARY ***
Total pot $1.25 | Rake $0 
Seat 1: LarsThorwald (button) folded before Flop (didn't bet)
Seat 2: iTsTheGrind (small blind) folded before Flop
Seat 3: Alameda22 (big blind) folded before Flop
Seat 4: Make_my_D folded before Flop (didn't bet)
Seat 5: vtkelso folded before Flop (didn't bet)
Seat 6: FrAnWaN folded before Flop (didn't bet)
Seat 7: YouthNAsia folded before Flop (didn't bet)
Seat 8: mcdougal2 collected ($1.25)
Seat 9: nickianthony folded before Flop (didn't bet)



PokerStars Game #20154543324:  Hold'em No Limit ($0.25/$0.50) - 2008/09/04 22:32:43 ET
Table 'Celuta V' 9-max Seat #2 is the button
Seat 1: LarsThorwald ($29 in chips) 
Seat 2: iTsTheGrind ($49.25 in chips) 
Seat 3: Alameda22 ($49.50 in chips) 
Seat 4: Make_my_D ($39.70 in chips) 
Seat 5: vtkelso ($25.10 in chips) 
Seat 6: FrAnWaN ($59.05 in chips) 
Seat 7: YouthNAsia ($88.75 in chips) 
Seat 8: mcdougal2 ($104.60 in chips) 
Seat 9: nickianthony ($31.35 in chips) 
Alameda22: posts small blind $0.25
Make_my_D: posts big blind $0.50
*** HOLE CARDS ***
Dealt to Alameda22 [3h 8c]
vtkelso: folds 
FrAnWaN: raises $1.50 to $2
YouthNAsia: calls $2
mcdougal2: folds 
nickianthony: folds 
LarsThorwald: folds 
iTsTheGrind: folds 
Alameda22: folds 
Make_my_D: folds 
*** FLOP *** [Th 3d 2d]
FrAnWaN: bets $3
YouthNAsia: calls $3
*** TURN *** [Th 3d 2d] [6h]
FrAnWaN: checks 
YouthNAsia: bets $6
FrAnWaN: folds 
Uncalled bet ($6) returned to YouthNAsia
YouthNAsia collected $10.25 from pot
YouthNAsia: doesn't show hand 
*** SUMMARY ***
Total pot $10.75 | Rake $0.50 
Board [Th 3d 2d 6h]
Seat 1: LarsThorwald folded before Flop (didn't bet)
Seat 2: iTsTheGrind (button) folded before Flop (didn't bet)
Seat 3: Alameda22 (small blind) folded before Flop
Seat 4: Make_my_D (big blind) folded before Flop
Seat 5: vtkelso folded before Flop (didn't bet)
Seat 6: FrAnWaN folded on the Turn
Seat 7: YouthNAsia collected ($10.25)
Seat 8: mcdougal2 folded before Flop (didn't bet)
Seat 9: nickianthony folded before Flop (didn't bet)



PokerStars Game #20154577988:  Hold'em No Limit ($0.25/$0.50) - 2008/09/04 22:34:16 ET
Table 'Celuta V' 9-max Seat #3 is the button
Seat 1: LarsThorwald ($29 in chips) 
Seat 2: iTsTheGrind ($49.25 in chips) 
Seat 3: Alameda22 ($49.25 in chips) 
Seat 4: Make_my_D ($39.20 in chips) 
Seat 5: vtkelso ($25.10 in chips) 
Seat 6: FrAnWaN ($54.05 in chips) 
Seat 7: YouthNAsia ($94 in chips) 
Seat 8: mcdougal2 ($104.60 in chips) 
Seat 9: nickianthony ($31.35 in chips) 
Make_my_D: posts small blind $0.25
vtkelso: posts big blind $0.50
*** HOLE CARDS ***
Dealt to Alameda22 [7s 7h]
FrAnWaN: folds 
YouthNAsia: folds 
mcdougal2: folds 
nickianthony: folds 
LarsThorwald: folds 
iTsTheGrind: folds 
Alameda22: raises $1.50 to $2
Make_my_D: folds 
vtkelso: folds 
Uncalled bet ($1.50) returned to Alameda22
Alameda22 collected $1.25 from pot
Alameda22: doesn't show hand 
*** SUMMARY ***
Total pot $1.25 | Rake $0 
Seat 1: LarsThorwald folded before Flop (didn't bet)
Seat 2: iTsTheGrind folded before Flop (didn't bet)
Seat 3: Alameda22 (button) collected ($1.25)
Seat 4: Make_my_D (small blind) folded before Flop
Seat 5: vtkelso (big blind) folded before Flop
Seat 6: FrAnWaN folded before Flop (didn't bet)
Seat 7: YouthNAsia folded before Flop (didn't bet)
Seat 8: mcdougal2 folded before Flop (didn't bet)
Seat 9: nickianthony folded before Flop (didn't bet)



PokerStars Game #20154600235:  Hold'em No Limit ($0.25/$0.50) - 2008/09/04 22:35:15 ET
Table 'Celuta V' 9-max Seat #4 is the button
Seat 1: LarsThorwald ($29 in chips) 
Seat 2: iTsTheGrind ($49.25 in chips) 
Seat 3: Alameda22 ($50 in chips) 
Seat 4: Make_my_D ($38.95 in chips) 
Seat 5: vtkelso ($24.60 in chips) 
Seat 6: FrAnWaN ($54.05 in chips) 
Seat 7: YouthNAsia ($94 in chips) 
Seat 8: mcdougal2 ($104.60 in chips) 
Seat 9: nickianthony ($31.35 in chips) 
vtkelso: posts small blind $0.25
FrAnWaN: posts big blind $0.50
*** HOLE CARDS ***
Dealt to Alameda22 [2h Qc]
YouthNAsia: folds 
mcdougal2: calls $0.50
nickianthony: raises $2 to $2.50
LarsThorwald: folds 
iTsTheGrind: folds 
Alameda22: folds 
Make_my_D: folds 
vtkelso: folds 
FrAnWaN: folds 
mcdougal2: folds 
Uncalled bet ($2) returned to nickianthony
nickianthony collected $1.75 from pot
nickianthony: doesn't show hand 
*** SUMMARY ***
Total pot $1.75 | Rake $0 
Seat 1: LarsThorwald folded before Flop (didn't bet)
Seat 2: iTsTheGrind folded before Flop (didn't bet)
Seat 3: Alameda22 folded before Flop (didn't bet)
Seat 4: Make_my_D (button) folded before Flop (didn't bet)
Seat 5: vtkelso (small blind) folded before Flop
Seat 6: FrAnWaN (big blind) folded before Flop
Seat 7: YouthNAsia folded before Flop (didn't bet)
Seat 8: mcdougal2 folded before Flop
Seat 9: nickianthony collected ($1.75)



PokerStars Game #20154626309:  Hold'em No Limit ($0.25/$0.50) - 2008/09/04 22:36:25 ET
Table 'Celuta V' 9-max Seat #5 is the button
Seat 1: LarsThorwald ($29 in chips) 
Seat 2: iTsTheGrind ($49.25 in chips) 
Seat 3: Alameda22 ($50 in chips) 
Seat 4: Make_my_D ($38.95 in chips) 
Seat 5: vtkelso ($24.35 in chips) 
Seat 6: FrAnWaN ($53.55 in chips) 
Seat 7: YouthNAsia ($94 in chips) 
Seat 8: mcdougal2 ($104.10 in chips) 
Seat 9: nickianthony ($32.60 in chips) 
FrAnWaN: posts small blind $0.25
YouthNAsia: posts big blind $0.50
*** HOLE CARDS ***
Dealt to Alameda22 [4d Kh]
mcdougal2: folds 
nickianthony: folds 
LarsThorwald: folds 
iTsTheGrind: folds 
Alameda22: folds 
Make_my_D: folds 
vtkelso: folds 
FrAnWaN: folds 
Uncalled bet ($0.25) returned to YouthNAsia
YouthNAsia collected $0.50 from pot
YouthNAsia: doesn't show hand 
*** SUMMARY ***
Total pot $0.50 | Rake $0 
Seat 1: LarsThorwald folded before Flop (didn't bet)
Seat 2: iTsTheGrind folded before Flop (didn't bet)
Seat 3: Alameda22 folded before Flop (didn't bet)
Seat 4: Make_my_D folded before Flop (didn't bet)
Seat 5: vtkelso (button) folded before Flop (didn't bet)
Seat 6: FrAnWaN (small blind) folded before Flop
Seat 7: YouthNAsia (big blind) collected ($0.50)
Seat 8: mcdougal2 folded before Flop (didn't bet)
Seat 9: nickianthony folded before Flop (didn't bet)



PokerStars Game #20154650219:  Hold'em No Limit ($0.25/$0.50) - 2008/09/04 22:37:30 ET
Table 'Celuta V' 9-max Seat #6 is the button
Seat 1: LarsThorwald ($29 in chips) 
Seat 2: iTsTheGrind ($49.25 in chips) 
Seat 3: Alameda22 ($50 in chips) 
Seat 4: Make_my_D ($38.95 in chips) 
Seat 5: vtkelso ($24.35 in chips) 
Seat 6: FrAnWaN ($53.30 in chips) 
Seat 7: YouthNAsia ($94.25 in chips) 
Seat 8: mcdougal2 ($104.10 in chips) 
Seat 9: nickianthony ($32.60 in chips) 
YouthNAsia: posts small blind $0.25
mcdougal2: posts big blind $0.50
*** HOLE CARDS ***
Dealt to Alameda22 [Jc 4d]
nickianthony: folds 
LarsThorwald: calls $0.50
iTsTheGrind: folds 
Alameda22: folds 
Make_my_D: folds 
vtkelso: raises $1 to $1.50
FrAnWaN: folds 
YouthNAsia: folds 
mcdougal2: folds 
LarsThorwald: folds 
Uncalled bet ($1) returned to vtkelso
vtkelso collected $1.75 from pot
*** SUMMARY ***
Total pot $1.75 | Rake $0 
Seat 1: LarsThorwald folded before Flop
Seat 2: iTsTheGrind folded before Flop (didn't bet)
Seat 3: Alameda22 folded before Flop (didn't bet)
Seat 4: Make_my_D folded before Flop (didn't bet)
Seat 5: vtkelso collected ($1.75)
Seat 6: FrAnWaN (button) folded before Flop (didn't bet)
Seat 7: YouthNAsia (small blind) folded before Flop
Seat 8: mcdougal2 (big blind) folded before Flop
Seat 9: nickianthony folded before Flop (didn't bet)



PokerStars Game #20154668808:  Hold'em No Limit ($0.25/$0.50) - 2008/09/04 22:38:20 ET
Table 'Celuta V' 9-max Seat #7 is the button
Seat 1: LarsThorwald ($28.50 in chips) 
Seat 2: iTsTheGrind ($49.25 in chips) 
Seat 3: Alameda22 ($50 in chips) 
Seat 4: Make_my_D ($38.95 in chips) 
Seat 5: vtkelso ($25.60 in chips) 
Seat 6: FrAnWaN ($53.30 in chips) 
Seat 7: YouthNAsia ($94 in chips) 
Seat 8: mcdougal2 ($103.60 in chips) 
Seat 9: nickianthony ($32.60 in chips) 
mcdougal2: posts small blind $0.25
nickianthony: posts big blind $0.50
*** HOLE CARDS ***
Dealt to Alameda22 [8s 2c]
LarsThorwald: folds 
iTsTheGrind: folds 
Alameda22: folds 
Make_my_D: folds 
vtkelso: folds 
FrAnWaN: folds 
YouthNAsia: raises $1 to $1.50
mcdougal2: folds 
nickianthony: folds 
Uncalled bet ($1) returned to YouthNAsia
YouthNAsia collected $1.25 from pot
YouthNAsia: doesn't show hand 
*** SUMMARY ***
Total pot $1.25 | Rake $0 
Seat 1: LarsThorwald folded before Flop (didn't bet)
Seat 2: iTsTheGrind folded before Flop (didn't bet)
Seat 3: Alameda22 folded before Flop (didn't bet)
Seat 4: Make_my_D folded before Flop (didn't bet)
Seat 5: vtkelso folded before Flop (didn't bet)
Seat 6: FrAnWaN folded before Flop (didn't bet)
Seat 7: YouthNAsia (button) collected ($1.25)
Seat 8: mcdougal2 (small blind) folded before Flop
Seat 9: nickianthony (big blind) folded before Flop



PokerStars Game #20154693421:  Hold'em No Limit ($0.25/$0.50) - 2008/09/04 22:39:34 ET
Table 'Celuta V' 9-max Seat #8 is the button
Seat 1: LarsThorwald ($28.50 in chips) 
Seat 2: iTsTheGrind ($49.25 in chips) 
Seat 3: Alameda22 ($50 in chips) 
Seat 4: Make_my_D ($38.95 in chips) 
Seat 5: vtkelso ($25.60 in chips) 
Seat 6: FrAnWaN ($53.30 in chips) 
Seat 7: YouthNAsia ($94.75 in chips) 
Seat 8: mcdougal2 ($103.35 in chips) 
Seat 9: nickianthony ($32.10 in chips) 
nickianthony: posts small blind $0.25
LarsThorwald: posts big blind $0.50
*** HOLE CARDS ***
Dealt to Alameda22 [6h Qs]
iTsTheGrind: folds 
Alameda22: folds 
Make_my_D: folds 
vtkelso: folds 
FrAnWaN: folds 
YouthNAsia: folds 
mcdougal2: calls $0.50
nickianthony: folds 
LarsThorwald: checks 
*** FLOP *** [8h Ks Jh]
LarsThorwald: checks 
mcdougal2: checks 
*** TURN *** [8h Ks Jh] [Ad]
LarsThorwald: checks 
mcdougal2: checks 
*** RIVER *** [8h Ks Jh Ad] [3c]
LarsThorwald: bets $0.50
mcdougal2: folds 
Uncalled bet ($0.50) returned to LarsThorwald
LarsThorwald collected $1.20 from pot
*** SUMMARY ***
Total pot $1.25 | Rake $0.05 
Board [8h Ks Jh Ad 3c]
Seat 1: LarsThorwald (big blind) collected ($1.20)
Seat 2: iTsTheGrind folded before Flop (didn't bet)
Seat 3: Alameda22 folded before Flop (didn't bet)
Seat 4: Make_my_D folded before Flop (didn't bet)
Seat 5: vtkelso folded before Flop (didn't bet)
Seat 6: FrAnWaN folded before Flop (didn't bet)
Seat 7: YouthNAsia folded before Flop (didn't bet)
Seat 8: mcdougal2 (button) folded on the River
Seat 9: nickianthony (small blind) folded before Flop



PokerStars Game #20154728595:  Hold'em No Limit ($0.25/$0.50) - 2008/09/04 22:41:11 ET
Table 'Celuta V' 9-max Seat #9 is the button
Seat 1: LarsThorwald ($29.20 in chips) 
Seat 2: iTsTheGrind ($49.25 in chips) 
Seat 3: Alameda22 ($50 in chips) 
Seat 4: Make_my_D ($50 in chips) 
Seat 5: vtkelso ($25.60 in chips) 
Seat 6: FrAnWaN ($53.30 in chips) 
Seat 7: YouthNAsia ($94.75 in chips) 
Seat 8: mcdougal2 ($102.85 in chips) 
Seat 9: nickianthony ($31.85 in chips) 
LarsThorwald: posts small blind $0.25
iTsTheGrind: posts big blind $0.50
*** HOLE CARDS ***
Dealt to Alameda22 [Qs 3c]
Alameda22: folds 
Make_my_D: folds 
vtkelso: folds 
FrAnWaN: folds 
YouthNAsia: folds 
mcdougal2: folds 
nickianthony: folds 
LarsThorwald: calls $0.25
iTsTheGrind: checks 
*** FLOP *** [Qc 8c 6c]
LarsThorwald: checks 
iTsTheGrind: bets $0.50
LarsThorwald: folds 
Uncalled bet ($0.50) returned to iTsTheGrind
iTsTheGrind collected $0.95 from pot
*** SUMMARY ***
Total pot $1 | Rake $0.05 
Board [Qc 8c 6c]
Seat 1: LarsThorwald (small blind) folded on the Flop
Seat 2: iTsTheGrind (big blind) collected ($0.95)
Seat 3: Alameda22 folded before Flop (didn't bet)
Seat 4: Make_my_D folded before Flop (didn't bet)
Seat 5: vtkelso folded before Flop (didn't bet)
Seat 6: FrAnWaN folded before Flop (didn't bet)
Seat 7: YouthNAsia folded before Flop (didn't bet)
Seat 8: mcdougal2 folded before Flop (didn't bet)
Seat 9: nickianthony (button) folded before Flop (didn't bet)



PokerStars Game #20154755182:  Hold'em No Limit ($0.25/$0.50) - 2008/09/04 22:42:24 ET
Table 'Celuta V' 9-max Seat #1 is the button
Seat 1: LarsThorwald ($28.70 in chips) 
Seat 2: iTsTheGrind ($49.70 in chips) 
Seat 3: Alameda22 ($50 in chips) 
Seat 4: Make_my_D ($50 in chips) 
Seat 5: vtkelso ($25.60 in chips) 
Seat 6: FrAnWaN ($53.30 in chips) 
Seat 7: YouthNAsia ($94.75 in chips) 
Seat 8: mcdougal2 ($102.85 in chips) 
Seat 9: nickianthony ($31.85 in chips) 
iTsTheGrind: posts small blind $0.25
Alameda22: posts big blind $0.50
*** HOLE CARDS ***
Dealt to Alameda22 [4s 7h]
Make_my_D: folds 
vtkelso: folds 
FrAnWaN: folds 
YouthNAsia: raises $1.50 to $2
mcdougal2: folds 
nickianthony: folds 
LarsThorwald: folds 
iTsTheGrind: folds 
Alameda22: folds 
Uncalled bet ($1.50) returned to YouthNAsia
YouthNAsia collected $1.25 from pot
YouthNAsia: doesn't show hand 
*** SUMMARY ***
Total pot $1.25 | Rake $0 
Seat 1: LarsThorwald (button) folded before Flop (didn't bet)
Seat 2: iTsTheGrind (small blind) folded before Flop
Seat 3: Alameda22 (big blind) folded before Flop
Seat 4: Make_my_D folded before Flop (didn't bet)
Seat 5: vtkelso folded before Flop (didn't bet)
Seat 6: FrAnWaN folded before Flop (didn't bet)
Seat 7: YouthNAsia collected ($1.25)
Seat 8: mcdougal2 folded before Flop (didn't bet)
Seat 9: nickianthony folded before Flop (didn't bet)



PokerStars Game #20154785100:  Hold'em No Limit ($0.25/$0.50) - 2008/09/04 22:43:45 ET
Table 'Celuta V' 9-max Seat #2 is the button
Seat 1: LarsThorwald ($28.70 in chips) 
Seat 2: iTsTheGrind ($49.45 in chips) 
Seat 3: Alameda22 ($49.50 in chips) 
Seat 4: Make_my_D ($50 in chips) 
Seat 5: vtkelso ($25.60 in chips) 
Seat 6: FrAnWaN ($53.30 in chips) 
Seat 7: YouthNAsia ($95.50 in chips) 
Seat 8: mcdougal2 ($102.85 in chips) 
Seat 9: nickianthony ($31.85 in chips) 
Alameda22: posts small blind $0.25
Make_my_D: posts big blind $0.50
*** HOLE CARDS ***
Dealt to Alameda22 [Jd Ah]
vtkelso: folds 
FrAnWaN: folds 
YouthNAsia: folds 
mcdougal2: calls $0.50
nickianthony: folds 
LarsThorwald: folds 
iTsTheGrind: folds 
Alameda22: folds 
Make_my_D: checks 
*** FLOP *** [8d Qh Jh]
Make_my_D: checks 
mcdougal2: bets $1
Make_my_D: folds 
Uncalled bet ($1) returned to mcdougal2
mcdougal2 collected $1.20 from pot
mcdougal2: doesn't show hand 
*** SUMMARY ***
Total pot $1.25 | Rake $0.05 
Board [8d Qh Jh]
Seat 1: LarsThorwald folded before Flop (didn't bet)
Seat 2: iTsTheGrind (button) folded before Flop (didn't bet)
Seat 3: Alameda22 (small blind) folded before Flop
Seat 4: Make_my_D (big blind) folded on the Flop
Seat 5: vtkelso folded before Flop (didn't bet)
Seat 6: FrAnWaN folded before Flop (didn't bet)
Seat 7: YouthNAsia folded before Flop (didn't bet)
Seat 8: mcdougal2 collected ($1.20)
Seat 9: nickianthony folded before Flop (didn't bet)



PokerStars Game #20154807081:  Hold'em No Limit ($0.25/$0.50) - 2008/09/04 22:44:45 ET
Table 'Celuta V' 9-max Seat #3 is the button
Seat 1: LarsThorwald ($28.70 in chips) 
Seat 2: iTsTheGrind ($49.45 in chips) 
Seat 3: Alameda22 ($49.25 in chips) 
Seat 4: Make_my_D ($49.50 in chips) 
Seat 5: vtkelso ($25.60 in chips) 
Seat 6: FrAnWaN ($53.30 in chips) 
Seat 7: YouthNAsia ($95.50 in chips) 
Seat 8: mcdougal2 ($103.55 in chips) 
Seat 9: nickianthony ($31.85 in chips) 
Make_my_D: posts small blind $0.25
vtkelso: posts big blind $0.50
*** HOLE CARDS ***
Dealt to Alameda22 [Qh Kd]
FrAnWaN: folds 
YouthNAsia: folds 
mcdougal2: folds 
nickianthony: folds 
LarsThorwald: calls $0.50
iTsTheGrind: folds 
Alameda22: folds 
Make_my_D: calls $0.25
vtkelso: checks 
*** FLOP *** [2d 7s Th]
Make_my_D: checks 
vtkelso: bets $3
LarsThorwald: folds 
Make_my_D: folds 
Uncalled bet ($3) returned to vtkelso
vtkelso collected $1.45 from pot
vtkelso: doesn't show hand 
*** SUMMARY ***
Total pot $1.50 | Rake $0.05 
Board [2d 7s Th]
Seat 1: LarsThorwald folded on the Flop
Seat 2: iTsTheGrind folded before Flop (didn't bet)
Seat 3: Alameda22 (button) folded before Flop (didn't bet)
Seat 4: Make_my_D (small blind) folded on the Flop
Seat 5: vtkelso (big blind) collected ($1.45)
Seat 6: FrAnWaN folded before Flop (didn't bet)
Seat 7: YouthNAsia folded before Flop (didn't bet)
Seat 8: mcdougal2 folded before Flop (didn't bet)
Seat 9: nickianthony folded before Flop (didn't bet)



PokerStars Game #20154838427:  Hold'em No Limit ($0.25/$0.50) - 2008/09/04 22:46:12 ET
Table 'Celuta V' 9-max Seat #4 is the button
Seat 1: LarsThorwald ($28.20 in chips) 
Seat 2: iTsTheGrind ($49.45 in chips) 
Seat 3: Alameda22 ($49.25 in chips) 
Seat 4: Make_my_D ($49 in chips) 
Seat 5: vtkelso ($26.55 in chips) 
Seat 7: YouthNAsia ($95.50 in chips) 
Seat 8: mcdougal2 ($103.55 in chips) 
Seat 9: nickianthony ($31.85 in chips) 
vtkelso: posts small blind $0.25
FrAnWaN: is sitting out 
YouthNAsia: posts big blind $0.50
*** HOLE CARDS ***
Dealt to Alameda22 [7c Qs]
FrAnWaN leaves the table
mcdougal2: folds 
nickianthony: folds 
LarsThorwald: folds 
iTsTheGrind: folds 
Alameda22: folds 
Make_my_D: raises $2 to $2.50
vtkelso: folds 
YouthNAsia: folds 
Uncalled bet ($2) returned to Make_my_D
Make_my_D collected $1.25 from pot
Make_my_D: doesn't show hand 
*** SUMMARY ***
Total pot $1.25 | Rake $0 
Seat 1: LarsThorwald folded before Flop (didn't bet)
Seat 2: iTsTheGrind folded before Flop (didn't bet)
Seat 3: Alameda22 folded before Flop (didn't bet)
Seat 4: Make_my_D (button) collected ($1.25)
Seat 5: vtkelso (small blind) folded before Flop
Seat 7: YouthNAsia (big blind) folded before Flop
Seat 8: mcdougal2 folded before Flop (didn't bet)
Seat 9: nickianthony folded before Flop (didn't bet)



PokerStars Game #20154860733:  Hold'em No Limit ($0.25/$0.50) - 2008/09/04 22:47:14 ET
Table 'Celuta V' 9-max Seat #5 is the button
Seat 1: LarsThorwald ($28.20 in chips) 
Seat 2: iTsTheGrind ($49.45 in chips) 
Seat 3: Alameda22 ($49.25 in chips) 
Seat 4: Make_my_D ($49.75 in chips) 
Seat 5: vtkelso ($26.30 in chips) 
Seat 7: YouthNAsia ($95 in chips) 
Seat 8: mcdougal2 ($103.55 in chips) 
Seat 9: nickianthony ($31.85 in chips) 
YouthNAsia: posts small blind $0.25
mcdougal2: posts big blind $0.50
*** HOLE CARDS ***
Dealt to Alameda22 [Kc 4h]
nickianthony: folds 
LarsThorwald: calls $0.50
iTsTheGrind: folds 
Alameda22: folds 
Make_my_D: folds 
vtkelso: folds 
YouthNAsia: folds 
mcdougal2: checks 
*** FLOP *** [Jh 6d Ac]
mcdougal2: checks 
LarsThorwald: bets $0.50
mcdougal2: folds 
Uncalled bet ($0.50) returned to LarsThorwald
LarsThorwald collected $1.20 from pot
*** SUMMARY ***
Total pot $1.25 | Rake $0.05 
Board [Jh 6d Ac]
Seat 1: LarsThorwald collected ($1.20)
Seat 2: iTsTheGrind folded before Flop (didn't bet)
Seat 3: Alameda22 folded before Flop (didn't bet)
Seat 4: Make_my_D folded before Flop (didn't bet)
Seat 5: vtkelso (button) folded before Flop (didn't bet)
Seat 7: YouthNAsia (small blind) folded before Flop
Seat 8: mcdougal2 (big blind) folded on the Flop
Seat 9: nickianthony folded before Flop (didn't bet)



PokerStars Game #20154882343:  Hold'em No Limit ($0.25/$0.50) - 2008/09/04 22:48:14 ET
Table 'Celuta V' 9-max Seat #7 is the button
Seat 1: LarsThorwald ($28.90 in chips) 
Seat 2: iTsTheGrind ($49.45 in chips) 
Seat 3: Alameda22 ($49.25 in chips) 
Seat 4: Make_my_D ($49.75 in chips) 
Seat 5: vtkelso ($26.30 in chips) 
Seat 7: YouthNAsia ($94.75 in chips) 
Seat 8: mcdougal2 ($103.05 in chips) 
Seat 9: nickianthony ($31.85 in chips) 
mcdougal2: posts small blind $0.25
nickianthony: posts big blind $0.50
*** HOLE CARDS ***
Dealt to Alameda22 [4h 4s]
LarsThorwald: folds 
iTsTheGrind: raises $1 to $1.50
PROGRESS1ST joins the table at seat #6 
Alameda22: calls $1.50
Make_my_D: folds 
vtkelso: folds 
YouthNAsia: folds 
mcdougal2: raises $4.50 to $6
nickianthony: folds 
iTsTheGrind said, "why so much mcdoug"
iTsTheGrind said, "i know its a play with crap"
iTsTheGrind: folds 
Alameda22: folds 
Uncalled bet ($4.50) returned to mcdougal2
mcdougal2 collected $5 from pot
mcdougal2: doesn't show hand 
*** SUMMARY ***
Total pot $5 | Rake $0 
Seat 1: LarsThorwald folded before Flop (didn't bet)
Seat 2: iTsTheGrind folded before Flop
Seat 3: Alameda22 folded before Flop
Seat 4: Make_my_D folded before Flop (didn't bet)
Seat 5: vtkelso folded before Flop (didn't bet)
Seat 7: YouthNAsia (button) folded before Flop (didn't bet)
Seat 8: mcdougal2 (small blind) collected ($5)
Seat 9: nickianthony (big blind) folded before Flop



PokerStars Game #20154928026:  Hold'em No Limit ($0.25/$0.50) - 2008/09/04 22:50:20 ET
Table 'Celuta V' 9-max Seat #8 is the button
Seat 1: LarsThorwald ($28.90 in chips) 
Seat 2: iTsTheGrind ($47.95 in chips) 
Seat 3: Alameda22 ($47.75 in chips) 
Seat 4: Make_my_D ($49.75 in chips) 
Seat 5: vtkelso ($26.30 in chips) 
Seat 6: PROGRESS1ST ($12.75 in chips) 
Seat 7: YouthNAsia ($94.75 in chips) 
Seat 8: mcdougal2 ($106.55 in chips) 
Seat 9: nickianthony ($31.35 in chips) 
nickianthony: posts small blind $0.25
iTsTheGrind said, "thought so"
LarsThorwald: posts big blind $0.50
PROGRESS1ST: posts big blind $0.50
*** HOLE CARDS ***
Dealt to Alameda22 [7c 4h]
iTsTheGrind: folds 
Alameda22: folds 
Make_my_D: folds 
vtkelso: folds 
PROGRESS1ST: checks 
YouthNAsia: raises $2 to $2.50
mcdougal2 said, "tens"
mcdougal2: folds 
nickianthony: folds 
LarsThorwald: folds 
PROGRESS1ST: folds 
Uncalled bet ($2) returned to YouthNAsia
YouthNAsia collected $1.75 from pot
YouthNAsia: doesn't show hand 
*** SUMMARY ***
Total pot $1.75 | Rake $0 
Seat 1: LarsThorwald (big blind) folded before Flop
Seat 2: iTsTheGrind folded before Flop (didn't bet)
Seat 3: Alameda22 folded before Flop (didn't bet)
Seat 4: Make_my_D folded before Flop (didn't bet)
Seat 5: vtkelso folded before Flop (didn't bet)
Seat 6: PROGRESS1ST folded before Flop
Seat 7: YouthNAsia collected ($1.75)
Seat 8: mcdougal2 (button) folded before Flop (didn't bet)
Seat 9: nickianthony (small blind) folded before Flop



PokerStars Game #20154949465:  Hold'em No Limit ($0.25/$0.50) - 2008/09/04 22:51:19 ET
Table 'Celuta V' 9-max Seat #9 is the button
Seat 1: LarsThorwald ($28.40 in chips) 
Seat 2: iTsTheGrind ($47.95 in chips) 
Seat 3: Alameda22 ($47.75 in chips) 
Seat 4: Make_my_D ($49.75 in chips) 
Seat 5: vtkelso ($26.30 in chips) 
Seat 6: PROGRESS1ST ($12.25 in chips) 
Seat 7: YouthNAsia ($96 in chips) 
Seat 8: mcdougal2 ($106.55 in chips) 
Seat 9: nickianthony ($31.10 in chips) 
LarsThorwald: posts small blind $0.25
iTsTheGrind: posts big blind $0.50
*** HOLE CARDS ***
Dealt to Alameda22 [As Ac]
Alameda22: raises $1.50 to $2
Make_my_D: folds 
vtkelso: folds 
PROGRESS1ST: folds 
YouthNAsia: folds 
mcdougal2: folds 
nickianthony: folds 
LarsThorwald: folds 
iTsTheGrind: folds 
Uncalled bet ($1.50) returned to Alameda22
Alameda22 collected $1.25 from pot
Alameda22: doesn't show hand 
*** SUMMARY ***
Total pot $1.25 | Rake $0 
Seat 1: LarsThorwald (small blind) folded before Flop
Seat 2: iTsTheGrind (big blind) folded before Flop
Seat 3: Alameda22 collected ($1.25)
Seat 4: Make_my_D folded before Flop (didn't bet)
Seat 5: vtkelso folded before Flop (didn't bet)
Seat 6: PROGRESS1ST folded before Flop (didn't bet)
Seat 7: YouthNAsia folded before Flop (didn't bet)
Seat 8: mcdougal2 folded before Flop (didn't bet)
Seat 9: nickianthony (button) folded before Flop (didn't bet)



PokerStars Game #20154962257:  Hold'em No Limit ($0.25/$0.50) - 2008/09/04 22:51:54 ET
Table 'Celuta V' 9-max Seat #1 is the button
Seat 1: LarsThorwald ($28.15 in chips) 
Seat 2: iTsTheGrind ($47.45 in chips) 
Seat 3: Alameda22 ($48.50 in chips) 
Seat 4: Make_my_D ($49.75 in chips) 
Seat 5: vtkelso ($26.30 in chips) 
Seat 6: PROGRESS1ST ($12.25 in chips) 
Seat 7: YouthNAsia ($96 in chips) 
Seat 8: mcdougal2 ($106.55 in chips) 
Seat 9: nickianthony ($31.10 in chips) 
iTsTheGrind: posts small blind $0.25
Alameda22: posts big blind $0.50
*** HOLE CARDS ***
Dealt to Alameda22 [7h 9c]
Make_my_D: folds 
vtkelso: raises $0.50 to $1
PROGRESS1ST: folds 
YouthNAsia: folds 
mcdougal2: folds 
nickianthony: folds 
LarsThorwald: folds 
iTsTheGrind: folds 
Alameda22: folds 
Uncalled bet ($0.50) returned to vtkelso
vtkelso collected $1.25 from pot
*** SUMMARY ***
Total pot $1.25 | Rake $0 
Seat 1: LarsThorwald (button) folded before Flop (didn't bet)
Seat 2: iTsTheGrind (small blind) folded before Flop
Seat 3: Alameda22 (big blind) folded before Flop
Seat 4: Make_my_D folded before Flop (didn't bet)
Seat 5: vtkelso collected ($1.25)
Seat 6: PROGRESS1ST folded before Flop (didn't bet)
Seat 7: YouthNAsia folded before Flop (didn't bet)
Seat 8: mcdougal2 folded before Flop (didn't bet)
Seat 9: nickianthony folded before Flop (didn't bet)



PokerStars Game #20154980549:  Hold'em No Limit ($0.25/$0.50) - 2008/09/04 22:52:45 ET
Table 'Celuta V' 9-max Seat #2 is the button
Seat 1: LarsThorwald ($28.15 in chips) 
Seat 2: iTsTheGrind ($47.20 in chips) 
Seat 3: Alameda22 ($48 in chips) 
Seat 4: Make_my_D ($49.75 in chips) 
Seat 5: vtkelso ($27.05 in chips) 
Seat 6: PROGRESS1ST ($12.25 in chips) 
Seat 7: YouthNAsia ($96 in chips) 
Seat 8: mcdougal2 ($106.55 in chips) 
Seat 9: nickianthony ($31.10 in chips) 
Alameda22: posts small blind $0.25
Make_my_D: posts big blind $0.50
*** HOLE CARDS ***
Dealt to Alameda22 [4c 2d]
vtkelso: raises $1 to $1.50
PROGRESS1ST: raises $10.75 to $12.25 and is all-in
YouthNAsia: folds 
mcdougal2: folds 
nickianthony: folds 
LarsThorwald: folds 
iTsTheGrind: folds 
iTsTheGrind is sitting out
Alameda22: folds 
Make_my_D: folds 
vtkelso: folds 
Uncalled bet ($10.75) returned to PROGRESS1ST
PROGRESS1ST collected $3.75 from pot
PROGRESS1ST: doesn't show hand 
*** SUMMARY ***
Total pot $3.75 | Rake $0 
Seat 1: LarsThorwald folded before Flop (didn't bet)
Seat 2: iTsTheGrind (button) folded before Flop (didn't bet)
Seat 3: Alameda22 (small blind) folded before Flop
Seat 4: Make_my_D (big blind) folded before Flop
Seat 5: vtkelso folded before Flop
Seat 6: PROGRESS1ST collected ($3.75)
Seat 7: YouthNAsia folded before Flop (didn't bet)
Seat 8: mcdougal2 folded before Flop (didn't bet)
Seat 9: nickianthony folded before Flop (didn't bet)



PokerStars Game #20155026438:  Hold'em No Limit ($0.25/$0.50) - 2008/09/04 22:54:52 ET
Table 'Celuta V' 9-max Seat #3 is the button
Seat 1: LarsThorwald ($28.15 in chips) 
Seat 3: Alameda22 ($47.75 in chips) 
Seat 4: Make_my_D ($49.25 in chips) 
Seat 5: vtkelso ($25.55 in chips) 
Seat 6: PROGRESS1ST ($14.50 in chips) 
Seat 7: YouthNAsia ($96 in chips) 
Seat 8: mcdougal2 ($106.55 in chips) 
Seat 9: nickianthony ($31.10 in chips) 
Make_my_D: posts small blind $0.25
vtkelso: posts big blind $0.50
*** HOLE CARDS ***
Dealt to Alameda22 [Ac Ks]
PROGRESS1ST: folds 
YouthNAsia: folds 
mcdougal2: folds 
nickianthony: raises $1 to $1.50
LarsThorwald: folds 
Alameda22: calls $1.50
Make_my_D: folds 
vtkelso: calls $1
*** FLOP *** [8d 8c 3h]
vtkelso: checks 
nickianthony: checks 
Alameda22: checks 
*** TURN *** [8d 8c 3h] [7h]
vtkelso: checks 
nickianthony: checks 
Alameda22: checks 
*** RIVER *** [8d 8c 3h 7h] [3s]
iTsTheGrind has returned
vtkelso: bets $3
nickianthony: folds 
Alameda22: folds 
Uncalled bet ($3) returned to vtkelso
vtkelso collected $4.55 from pot
vtkelso: doesn't show hand 
*** SUMMARY ***
Total pot $4.75 | Rake $0.20 
Board [8d 8c 3h 7h 3s]
Seat 1: LarsThorwald folded before Flop (didn't bet)
Seat 3: Alameda22 (button) folded on the River
Seat 4: Make_my_D (small blind) folded before Flop
Seat 5: vtkelso (big blind) collected ($4.55)
Seat 6: PROGRESS1ST folded before Flop (didn't bet)
Seat 7: YouthNAsia folded before Flop (didn't bet)
Seat 8: mcdougal2 folded before Flop (didn't bet)
Seat 9: nickianthony folded on the River



PokerStars Game #20155067916:  Hold'em No Limit ($0.25/$0.50) - 2008/09/04 22:56:48 ET
Table 'Celuta V' 9-max Seat #4 is the button
Seat 1: LarsThorwald ($28.15 in chips) 
Seat 2: iTsTheGrind ($50 in chips) 
Seat 3: Alameda22 ($46.25 in chips) 
Seat 4: Make_my_D ($49 in chips) 
Seat 5: vtkelso ($28.60 in chips) 
Seat 6: PROGRESS1ST ($14.50 in chips) 
Seat 7: YouthNAsia ($96 in chips) 
Seat 8: mcdougal2 ($106.55 in chips) 
Seat 9: nickianthony ($29.60 in chips) 
vtkelso: posts small blind $0.25
PROGRESS1ST: posts big blind $0.50
*** HOLE CARDS ***
Dealt to Alameda22 [9d 2h]
YouthNAsia: folds 
mcdougal2: folds 
nickianthony: folds 
LarsThorwald: folds 
iTsTheGrind: folds 
Alameda22: folds 
Make_my_D: folds 
vtkelso: folds 
Uncalled bet ($0.25) returned to PROGRESS1ST
PROGRESS1ST collected $0.50 from pot
PROGRESS1ST: doesn't show hand 
*** SUMMARY ***
Total pot $0.50 | Rake $0 
Seat 1: LarsThorwald folded before Flop (didn't bet)
Seat 2: iTsTheGrind folded before Flop (didn't bet)
Seat 3: Alameda22 folded before Flop (didn't bet)
Seat 4: Make_my_D (button) folded before Flop (didn't bet)
Seat 5: vtkelso (small blind) folded before Flop
Seat 6: PROGRESS1ST (big blind) collected ($0.50)
Seat 7: YouthNAsia folded before Flop (didn't bet)
Seat 8: mcdougal2 folded before Flop (didn't bet)
Seat 9: nickianthony folded before Flop (didn't bet)



PokerStars Game #20155082350:  Hold'em No Limit ($0.25/$0.50) - 2008/09/04 22:57:28 ET
Table 'Celuta V' 9-max Seat #5 is the button
Seat 1: LarsThorwald ($28.15 in chips) 
Seat 2: iTsTheGrind ($50 in chips) 
Seat 3: Alameda22 ($46.25 in chips) 
Seat 4: Make_my_D ($49 in chips) 
Seat 5: vtkelso ($28.35 in chips) 
Seat 6: PROGRESS1ST ($14.75 in chips) 
Seat 7: YouthNAsia ($96 in chips) 
Seat 8: mcdougal2 ($106.55 in chips) 
Seat 9: nickianthony ($29.60 in chips) 
PROGRESS1ST: posts small blind $0.25
YouthNAsia: posts big blind $0.50
*** HOLE CARDS ***
Dealt to Alameda22 [3h 8h]
mcdougal2: folds 
nickianthony: folds 
LarsThorwald: folds 
iTsTheGrind: folds 
Alameda22: folds 
Make_my_D: folds 
vtkelso: calls $0.50
PROGRESS1ST: raises $0.50 to $1
YouthNAsia: folds 
vtkelso: calls $0.50
*** FLOP *** [7d 2c Kh]
PROGRESS1ST: checks 
vtkelso: checks 
*** TURN *** [7d 2c Kh] [5s]
PROGRESS1ST: bets $1
vtkelso: raises $2 to $3
PROGRESS1ST: folds 
Uncalled bet ($2) returned to vtkelso
vtkelso collected $4.30 from pot
vtkelso: doesn't show hand 
*** SUMMARY ***
Total pot $4.50 | Rake $0.20 
Board [7d 2c Kh 5s]
Seat 1: LarsThorwald folded before Flop (didn't bet)
Seat 2: iTsTheGrind folded before Flop (didn't bet)
Seat 3: Alameda22 folded before Flop (didn't bet)
Seat 4: Make_my_D folded before Flop (didn't bet)
Seat 5: vtkelso (button) collected ($4.30)
Seat 6: PROGRESS1ST (small blind) folded on the Turn
Seat 7: YouthNAsia (big blind) folded before Flop
Seat 8: mcdougal2 folded before Flop (didn't bet)
Seat 9: nickianthony folded before Flop (didn't bet)



PokerStars Game #20155119863:  Hold'em No Limit ($0.25/$0.50) - 2008/09/04 22:59:15 ET
Table 'Celuta V' 9-max Seat #6 is the button
Seat 1: LarsThorwald ($28.15 in chips) 
Seat 2: iTsTheGrind ($50 in chips) 
Seat 3: Alameda22 ($46.25 in chips) 
Seat 4: Make_my_D ($49 in chips) 
Seat 5: vtkelso ($30.65 in chips) 
Seat 6: PROGRESS1ST ($12.75 in chips) 
Seat 7: YouthNAsia ($95.50 in chips) 
Seat 8: mcdougal2 ($106.55 in chips) 
Seat 9: nickianthony ($29.60 in chips) 
YouthNAsia: posts small blind $0.25
mcdougal2: posts big blind $0.50
*** HOLE CARDS ***
Dealt to Alameda22 [5c Qd]
nickianthony: folds 
LarsThorwald: folds 
iTsTheGrind: folds 
Alameda22: folds 
Make_my_D: folds 
vtkelso: calls $0.50
PROGRESS1ST: calls $0.50
YouthNAsia: folds 
mcdougal2: checks 
*** FLOP *** [6s 8h Qc]
mcdougal2: checks 
vtkelso: checks 
PROGRESS1ST: checks 
*** TURN *** [6s 8h Qc] [8s]
mcdougal2: checks 
vtkelso: checks 
PROGRESS1ST: checks 
*** RIVER *** [6s 8h Qc 8s] [Ad]
mcdougal2: checks 
vtkelso: checks 
PROGRESS1ST: checks 
*** SHOW DOWN ***
mcdougal2: shows [9c 6h] (two pair, Eights and Sixes)
vtkelso: mucks hand 
PROGRESS1ST: mucks hand 
mcdougal2 collected $1.70 from pot
*** SUMMARY ***
Total pot $1.75 | Rake $0.05 
Board [6s 8h Qc 8s Ad]
Seat 1: LarsThorwald folded before Flop (didn't bet)
Seat 2: iTsTheGrind folded before Flop (didn't bet)
Seat 3: Alameda22 folded before Flop (didn't bet)
Seat 4: Make_my_D folded before Flop (didn't bet)
Seat 5: vtkelso mucked [4h 5h]
Seat 6: PROGRESS1ST (button) mucked [5d Ts]
Seat 7: YouthNAsia (small blind) folded before Flop
Seat 8: mcdougal2 (big blind) showed [9c 6h] and won ($1.70) with two pair, Eights and Sixes
Seat 9: nickianthony folded before Flop (didn't bet)



PokerStars Game #20155165743:  Hold'em No Limit ($0.25/$0.50) - 2008/09/04 23:01:24 ET
Table 'Celuta V' 9-max Seat #7 is the button
Seat 1: LarsThorwald ($28.15 in chips) 
Seat 2: iTsTheGrind ($50 in chips) 
Seat 3: Alameda22 ($46.25 in chips) 
Seat 4: Make_my_D ($49 in chips) 
Seat 5: vtkelso ($30.15 in chips) 
Seat 6: PROGRESS1ST ($12.25 in chips) 
Seat 7: YouthNAsia ($95.25 in chips) 
Seat 8: mcdougal2 ($107.75 in chips) 
Seat 9: nickianthony ($29.60 in chips) 
mcdougal2: posts small blind $0.25
nickianthony: posts big blind $0.50
*** HOLE CARDS ***
Dealt to Alameda22 [5h Ac]
LarsThorwald: folds 
iTsTheGrind: folds 
Alameda22: folds 
Make_my_D: folds 
vtkelso: folds 
PROGRESS1ST: folds 
YouthNAsia: raises $1 to $1.50
mcdougal2: folds 
nickianthony: folds 
Uncalled bet ($1) returned to YouthNAsia
YouthNAsia collected $1.25 from pot
YouthNAsia: doesn't show hand 
*** SUMMARY ***
Total pot $1.25 | Rake $0 
Seat 1: LarsThorwald folded before Flop (didn't bet)
Seat 2: iTsTheGrind folded before Flop (didn't bet)
Seat 3: Alameda22 folded before Flop (didn't bet)
Seat 4: Make_my_D folded before Flop (didn't bet)
Seat 5: vtkelso folded before Flop (didn't bet)
Seat 6: PROGRESS1ST folded before Flop (didn't bet)
Seat 7: YouthNAsia (button) collected ($1.25)
Seat 8: mcdougal2 (small blind) folded before Flop
Seat 9: nickianthony (big blind) folded before Flop



PokerStars Game #20155188429:  Hold'em No Limit ($0.25/$0.50) - 2008/09/04 23:02:29 ET
Table 'Celuta V' 9-max Seat #8 is the button
Seat 2: iTsTheGrind ($50 in chips) 
Seat 3: Alameda22 ($46.25 in chips) 
Seat 4: Make_my_D ($49 in chips) 
Seat 5: vtkelso ($30.15 in chips) 
Seat 6: PROGRESS1ST ($12.25 in chips) 
Seat 7: YouthNAsia ($96 in chips) 
Seat 8: mcdougal2 ($107.50 in chips) 
Seat 9: nickianthony ($29.10 in chips) 
nickianthony: posts small blind $0.25
LarsThorwald: is sitting out 
iTsTheGrind: posts big blind $0.50
*** HOLE CARDS ***
Dealt to Alameda22 [Qc 3d]
LarsThorwald leaves the table
Alameda22: folds 
Make_my_D: folds 
vtkelso: folds 
PROGRESS1ST: folds 
YouthNAsia: folds 
mcdougal2: folds 
nickianthony: folds 
Uncalled bet ($0.25) returned to iTsTheGrind
iTsTheGrind collected $0.50 from pot
iTsTheGrind: doesn't show hand 
*** SUMMARY ***
Total pot $0.50 | Rake $0 
Seat 2: iTsTheGrind (big blind) collected ($0.50)
Seat 3: Alameda22 folded before Flop (didn't bet)
Seat 4: Make_my_D folded before Flop (didn't bet)
Seat 5: vtkelso folded before Flop (didn't bet)
Seat 6: PROGRESS1ST folded before Flop (didn't bet)
Seat 7: YouthNAsia folded before Flop (didn't bet)
Seat 8: mcdougal2 (button) folded before Flop (didn't bet)
Seat 9: nickianthony (small blind) folded before Flop



PokerStars Game #20155202434:  Hold'em No Limit ($0.25/$0.50) - 2008/09/04 23:03:09 ET
Table 'Celuta V' 9-max Seat #9 is the button
Seat 2: iTsTheGrind ($50.25 in chips) 
Seat 3: Alameda22 ($46.25 in chips) 
Seat 4: Make_my_D ($49 in chips) 
Seat 5: vtkelso ($30.15 in chips) 
Seat 6: PROGRESS1ST ($12.25 in chips) 
Seat 7: YouthNAsia ($96 in chips) 
Seat 8: mcdougal2 ($107.50 in chips) 
Seat 9: nickianthony ($28.85 in chips) 
iTsTheGrind: posts small blind $0.25
Alameda22: posts big blind $0.50
*** HOLE CARDS ***
Dealt to Alameda22 [Qc 7c]
Make_my_D: folds 
vtkelso: folds 
PROGRESS1ST: calls $0.50
YouthNAsia: raises $2 to $2.50
mcdougal2: calls $2.50
nickianthony: folds 
iTsTheGrind: folds 
Alameda22: folds 
PROGRESS1ST: folds 
*** FLOP *** [2c 7d 5s]
iTsTheGrind leaves the table
YouthNAsia: bets $4
mcdougal2: folds 
Uncalled bet ($4) returned to YouthNAsia
YouthNAsia collected $5.95 from pot
YouthNAsia: doesn't show hand 
*** SUMMARY ***
Total pot $6.25 | Rake $0.30 
Board [2c 7d 5s]
Seat 2: iTsTheGrind (small blind) folded before Flop
Seat 3: Alameda22 (big blind) folded before Flop
Seat 4: Make_my_D folded before Flop (didn't bet)
Seat 5: vtkelso folded before Flop (didn't bet)
Seat 6: PROGRESS1ST folded before Flop
Seat 7: YouthNAsia collected ($5.95)
Seat 8: mcdougal2 folded on the Flop
Seat 9: nickianthony (button) folded before Flop (didn't bet)



PokerStars Game #20155224382:  Hold'em No Limit ($0.25/$0.50) - 2008/09/04 23:04:14 ET
Table 'Celuta V' 9-max Seat #3 is the button
Seat 3: Alameda22 ($45.75 in chips) 
Seat 4: Make_my_D ($49 in chips) 
Seat 5: vtkelso ($30.15 in chips) 
Seat 6: PROGRESS1ST ($11.75 in chips) 
Seat 7: YouthNAsia ($99.45 in chips) 
Seat 8: mcdougal2 ($105 in chips) 
Seat 9: nickianthony ($28.85 in chips) 
Make_my_D: posts small blind $0.25
vtkelso: posts big blind $0.50
*** HOLE CARDS ***
Dealt to Alameda22 [Ad Td]
PROGRESS1ST: calls $0.50
YouthNAsia: folds 
mcdougal2: calls $0.50
nickianthony: raises $3 to $3.50
Alameda22: folds 
Make_my_D: folds 
vtkelso: folds 
PROGRESS1ST: raises $8.25 to $11.75 and is all-in
mcdougal2: folds 
nickianthony: calls $8.25
*** FLOP *** [Th 6c 4s]
*** TURN *** [Th 6c 4s] [Tc]
*** RIVER *** [Th 6c 4s Tc] [7s]
*** SHOW DOWN ***
PROGRESS1ST: shows [Jc Jd] (two pair, Jacks and Tens)
nickianthony: shows [Qc Qh] (two pair, Queens and Tens)
nickianthony collected $23.55 from pot
*** SUMMARY ***
Total pot $24.75 | Rake $1.20 
Board [Th 6c 4s Tc 7s]
Seat 3: Alameda22 (button) folded before Flop (didn't bet)
Seat 4: Make_my_D (small blind) folded before Flop
Seat 5: vtkelso (big blind) folded before Flop
Seat 6: PROGRESS1ST showed [Jc Jd] and lost with two pair, Jacks and Tens
Seat 7: YouthNAsia folded before Flop (didn't bet)
Seat 8: mcdougal2 folded before Flop
Seat 9: nickianthony showed [Qc Qh] and won ($23.55) with two pair, Queens and Tens



PokerStars Game #20155251055:  Hold'em No Limit ($0.25/$0.50) - 2008/09/04 23:05:32 ET
Table 'Celuta V' 9-max Seat #4 is the button
Seat 3: Alameda22 ($45.75 in chips) 
Seat 4: Make_my_D ($48.75 in chips) 
Seat 5: vtkelso ($29.65 in chips) 
Seat 7: YouthNAsia ($99.45 in chips) 
Seat 8: mcdougal2 ($104.50 in chips) 
Seat 9: nickianthony ($40.65 in chips) 
vtkelso: posts small blind $0.25
YouthNAsia: posts big blind $0.50
*** HOLE CARDS ***
Dealt to Alameda22 [3c 5d]
mcdougal2: folds 
PROGRESS1ST leaves the table
nickianthony: folds 
Alameda22: folds 
Make_my_D: raises $1.50 to $2
vtkelso: folds 
YouthNAsia: folds 
Uncalled bet ($1.50) returned to Make_my_D
Make_my_D collected $1.25 from pot
Make_my_D: doesn't show hand 
*** SUMMARY ***
Total pot $1.25 | Rake $0 
Seat 3: Alameda22 folded before Flop (didn't bet)
Seat 4: Make_my_D (button) collected ($1.25)
Seat 5: vtkelso (small blind) folded before Flop
Seat 7: YouthNAsia (big blind) folded before Flop
Seat 8: mcdougal2 folded before Flop (didn't bet)
Seat 9: nickianthony folded before Flop (didn't bet)



PokerStars Game #20155275166:  Hold'em No Limit ($0.25/$0.50) - 2008/09/04 23:06:43 ET
Table 'Celuta V' 9-max Seat #5 is the button
Seat 3: Alameda22 ($45.75 in chips) 
Seat 4: Make_my_D ($49.50 in chips) 
Seat 5: vtkelso ($29.40 in chips) 
Seat 7: YouthNAsia ($98.95 in chips) 
Seat 8: mcdougal2 ($104.50 in chips) 
Seat 9: nickianthony ($40.65 in chips) 
YouthNAsia: posts small blind $0.25
mcdougal2: posts big blind $0.50
*** HOLE CARDS ***
Dealt to Alameda22 [Ac Js]
nickianthony: folds 
Alameda22: folds 
Make_my_D: folds 
vtkelso: folds 
YouthNAsia: folds 
Uncalled bet ($0.25) returned to mcdougal2
mcdougal2 collected $0.50 from pot
mcdougal2: doesn't show hand 
*** SUMMARY ***
Total pot $0.50 | Rake $0 
Seat 3: Alameda22 folded before Flop (didn't bet)
Seat 4: Make_my_D folded before Flop (didn't bet)
Seat 5: vtkelso (button) folded before Flop (didn't bet)
Seat 7: YouthNAsia (small blind) folded before Flop
Seat 8: mcdougal2 (big blind) collected ($0.50)
Seat 9: nickianthony folded before Flop (didn't bet)



PokerStars Game #20155288295:  Hold'em No Limit ($0.25/$0.50) - 2008/09/04 23:07:22 ET
Table 'Celuta V' 9-max Seat #7 is the button
Seat 3: Alameda22 ($45.75 in chips) 
Seat 4: Make_my_D ($49.50 in chips) 
Seat 5: vtkelso ($29.40 in chips) 
Seat 7: YouthNAsia ($98.70 in chips) 
Seat 8: mcdougal2 ($104.75 in chips) 
mcdougal2: posts small blind $0.25
nickianthony: is sitting out 
Alameda22: posts big blind $0.50
*** HOLE CARDS ***
Dealt to Alameda22 [7c 5h]
nickianthony leaves the table
Make_my_D: folds 
vtkelso: folds 
YouthNAsia: folds 
mcdougal2: folds 
Uncalled bet ($0.25) returned to Alameda22
Alameda22 collected $0.50 from pot
Alameda22: doesn't show hand 
*** SUMMARY ***
Total pot $0.50 | Rake $0 
Seat 3: Alameda22 (big blind) collected ($0.50)
Seat 4: Make_my_D folded before Flop (didn't bet)
Seat 5: vtkelso folded before Flop (didn't bet)
Seat 7: YouthNAsia (button) folded before Flop (didn't bet)
Seat 8: mcdougal2 (small blind) folded before Flop



PokerStars Game #20155301726:  Hold'em No Limit ($0.25/$0.50) - 2008/09/04 23:08:02 ET
Table 'Celuta V' 9-max Seat #8 is the button
Seat 3: Alameda22 ($46 in chips) 
Seat 4: Make_my_D ($49.50 in chips) 
Seat 5: vtkelso ($29.40 in chips) 
Seat 7: YouthNAsia ($98.70 in chips) 
Seat 8: mcdougal2 ($104.50 in chips) 
Alameda22: posts small blind $0.25
Make_my_D: posts big blind $0.50
*** HOLE CARDS ***
Dealt to Alameda22 [2s Jc]
vtkelso: folds 
vtkelso leaves the table
YouthNAsia: folds 
mcdougal2: folds 
Alameda22: folds 
Uncalled bet ($0.25) returned to Make_my_D
Make_my_D collected $0.50 from pot
Make_my_D: doesn't show hand 
*** SUMMARY ***
Total pot $0.50 | Rake $0 
Seat 3: Alameda22 (small blind) folded before Flop
Seat 4: Make_my_D (big blind) collected ($0.50)
Seat 5: vtkelso folded before Flop (didn't bet)
Seat 7: YouthNAsia folded before Flop (didn't bet)
Seat 8: mcdougal2 (button) folded before Flop (didn't bet)



PokerStars Game #20155311426:  Hold'em No Limit ($0.25/$0.50) - 2008/09/04 23:08:30 ET
Table 'Celuta V' 9-max Seat #3 is the button
Seat 3: Alameda22 ($45.75 in chips) 
Seat 4: Make_my_D ($49.75 in chips) 
Seat 7: YouthNAsia ($98.70 in chips) 
Seat 8: mcdougal2 ($104.50 in chips) 
Make_my_D: posts small blind $0.25
YouthNAsia: posts big blind $0.50
*** HOLE CARDS ***
Dealt to Alameda22 [4h Ks]
mcdougal2: calls $0.50
Alameda22: folds 
Make_my_D: folds 
YouthNAsia: checks 
*** FLOP *** [7d Ah Js]
YouthNAsia: checks 
mcdougal2: bets $1
YouthNAsia: folds 
Uncalled bet ($1) returned to mcdougal2
mcdougal2 collected $1.20 from pot
mcdougal2: doesn't show hand 
*** SUMMARY ***
Total pot $1.25 | Rake $0.05 
Board [7d Ah Js]
Seat 3: Alameda22 (button) folded before Flop (didn't bet)
Seat 4: Make_my_D (small blind) folded before Flop
Seat 7: YouthNAsia (big blind) folded on the Flop
Seat 8: mcdougal2 collected ($1.20)



PokerStars Game #20155322944:  Hold'em No Limit ($0.25/$0.50) - 2008/09/04 23:09:04 ET
Table 'Celuta V' 9-max Seat #4 is the button
Seat 3: Alameda22 ($45.75 in chips) 
Seat 4: Make_my_D ($49.50 in chips) 
Seat 7: YouthNAsia ($98.20 in chips) 
Seat 8: mcdougal2 ($105.20 in chips) 
YouthNAsia: posts small blind $0.25
mcdougal2: posts big blind $0.50
*** HOLE CARDS ***
Dealt to Alameda22 [8s 5c]
Alameda22: folds 
Make_my_D: raises $1.50 to $2
YouthNAsia: folds 
mcdougal2: folds 
Uncalled bet ($1.50) returned to Make_my_D
Make_my_D collected $1.25 from pot
Make_my_D: doesn't show hand 
*** SUMMARY ***
Total pot $1.25 | Rake $0 
Seat 3: Alameda22 folded before Flop (didn't bet)
Seat 4: Make_my_D (button) collected ($1.25)
Seat 7: YouthNAsia (small blind) folded before Flop
Seat 8: mcdougal2 (big blind) folded before Flop



