PokerStars Game #19971064266:  Hold'em No Limit ($0.10/$0.25) - 2008/08/28 - 17:12:29 (ET)
Table 'Capek III' 9-max Seat #6 is the button
Seat 1: r0br0y78 ($22.25 in chips) 
Seat 2: oppaz ($25.55 in chips) 
Seat 3: Ko4easy ($14.85 in chips) 
Seat 4: kubajjk ($24.65 in chips) 
Seat 5: Alameda22 ($25 in chips) 
Seat 6: drohne84 ($25.60 in chips) 
Seat 7: Murzik100 ($4.65 in chips) 
Seat 8: Maria_Monti ($14.80 in chips) 
Seat 9: GumboOAFC ($19.20 in chips) 
Murzik100: posts small blind $0.10
Maria_Monti: posts big blind $0.25
Alameda22: posts big blind $0.25
*** HOLE CARDS ***
Dealt to Alameda22 [Qh Kd]
GumboOAFC: folds 
r0br0y78: raises $0.75 to $1
oppaz: raises $2.25 to $3.25
Ko4easy: folds 
kubajjk: folds 
Alameda22: folds 
drohne84: folds 
Murzik100: folds 
Maria_Monti: folds 
r0br0y78: calls $2.25
*** FLOP *** [2s 5s 3s]
r0br0y78: checks 
oppaz: bets $6
r0br0y78: folds 
Uncalled bet ($6) returned to oppaz
oppaz collected $6.75 from pot
oppaz: doesn't show hand 
*** SUMMARY ***
Total pot $7.10 | Rake $0.35 
Board [2s 5s 3s]
Seat 1: r0br0y78 folded on the Flop
Seat 2: oppaz collected ($6.75)
Seat 3: Ko4easy folded before Flop (didn't bet)
Seat 4: kubajjk folded before Flop (didn't bet)
Seat 5: Alameda22 folded before Flop
Seat 6: drohne84 (button) folded before Flop (didn't bet)
Seat 7: Murzik100 (small blind) folded before Flop
Seat 8: Maria_Monti (big blind) folded before Flop
Seat 9: GumboOAFC folded before Flop (didn't bet)



PokerStars Game #19971103618:  Hold'em No Limit ($0.10/$0.25) - 2008/08/28 - 17:14:05 (ET)
Table 'Capek III' 9-max Seat #7 is the button
Seat 1: r0br0y78 ($19 in chips) 
Seat 2: oppaz ($29.05 in chips) 
Seat 3: Ko4easy ($14.85 in chips) 
Seat 4: kubajjk ($24.65 in chips) 
Seat 5: Alameda22 ($24.75 in chips) 
Seat 6: drohne84 ($25.60 in chips) 
Seat 7: Murzik100 ($4.55 in chips) 
Seat 8: Maria_Monti ($14.55 in chips) 
Seat 9: GumboOAFC ($19.20 in chips) 
Maria_Monti: posts small blind $0.10
GumboOAFC: posts big blind $0.25
*** HOLE CARDS ***
Dealt to Alameda22 [7d Qd]
r0br0y78: raises $0.75 to $1
oppaz: folds 
Ko4easy: folds 
kubajjk: folds 
Alameda22: folds 
drohne84: folds 
Murzik100: folds 
Maria_Monti: calls $0.90
GumboOAFC: folds 
*** FLOP *** [6c Qs 2s]
Maria_Monti: checks 
r0br0y78: bets $0.75
Maria_Monti: calls $0.75
*** TURN *** [6c Qs 2s] [5h]
Maria_Monti: checks 
r0br0y78: bets $1.25
Maria_Monti: folds 
Uncalled bet ($1.25) returned to r0br0y78
r0br0y78 collected $3.60 from pot
*** SUMMARY ***
Total pot $3.75 | Rake $0.15 
Board [6c Qs 2s 5h]
Seat 1: r0br0y78 collected ($3.60)
Seat 2: oppaz folded before Flop (didn't bet)
Seat 3: Ko4easy folded before Flop (didn't bet)
Seat 4: kubajjk folded before Flop (didn't bet)
Seat 5: Alameda22 folded before Flop (didn't bet)
Seat 6: drohne84 folded before Flop (didn't bet)
Seat 7: Murzik100 (button) folded before Flop (didn't bet)
Seat 8: Maria_Monti (small blind) folded on the Turn
Seat 9: GumboOAFC (big blind) folded before Flop



PokerStars Game #19971141641:  Hold'em No Limit ($0.10/$0.25) - 2008/08/28 - 17:15:38 (ET)
Table 'Capek III' 9-max Seat #8 is the button
Seat 1: r0br0y78 ($20.85 in chips) 
Seat 2: oppaz ($29.05 in chips) 
Seat 3: Ko4easy ($14.85 in chips) 
Seat 4: kubajjk ($24.65 in chips) 
Seat 5: Alameda22 ($24.75 in chips) 
Seat 6: drohne84 ($25.60 in chips) 
Seat 7: Murzik100 ($4.55 in chips) 
Seat 8: Maria_Monti ($12.80 in chips) 
Seat 9: GumboOAFC ($18.95 in chips) 
GumboOAFC: posts small blind $0.10
r0br0y78: posts big blind $0.25
*** HOLE CARDS ***
Dealt to Alameda22 [6s 2d]
oppaz: folds 
Ko4easy: calls $0.25
kubajjk: folds 
Alameda22: folds 
drohne84: folds 
Murzik100: folds 
Maria_Monti: calls $0.25
GumboOAFC: calls $0.15
r0br0y78: checks 
*** FLOP *** [Kd 5s Qd]
GumboOAFC: checks 
r0br0y78: bets $0.25
Ko4easy: folds 
Maria_Monti: folds 
GumboOAFC: folds 
Uncalled bet ($0.25) returned to r0br0y78
r0br0y78 collected $0.95 from pot
*** SUMMARY ***
Total pot $1 | Rake $0.05 
Board [Kd 5s Qd]
Seat 1: r0br0y78 (big blind) collected ($0.95)
Seat 2: oppaz folded before Flop (didn't bet)
Seat 3: Ko4easy folded on the Flop
Seat 4: kubajjk folded before Flop (didn't bet)
Seat 5: Alameda22 folded before Flop (didn't bet)
Seat 6: drohne84 folded before Flop (didn't bet)
Seat 7: Murzik100 folded before Flop (didn't bet)
Seat 8: Maria_Monti (button) folded on the Flop
Seat 9: GumboOAFC (small blind) folded on the Flop



PokerStars Game #19971160975:  Hold'em No Limit ($0.10/$0.25) - 2008/08/28 - 17:16:25 (ET)
Table 'Capek III' 9-max Seat #9 is the button
Seat 1: r0br0y78 ($21.55 in chips) 
Seat 2: oppaz ($29.05 in chips) 
Seat 3: Ko4easy ($14.60 in chips) 
Seat 4: kubajjk ($24.65 in chips) 
Seat 5: Alameda22 ($24.75 in chips) 
Seat 6: drohne84 ($25.60 in chips) 
Seat 7: Murzik100 ($4.55 in chips) 
Seat 8: Maria_Monti ($12.55 in chips) 
Seat 9: GumboOAFC ($18.70 in chips) 
r0br0y78: posts small blind $0.10
oppaz: posts big blind $0.25
*** HOLE CARDS ***
Dealt to Alameda22 [8d 4s]
Ko4easy: folds 
kubajjk: folds 
Alameda22: folds 
drohne84: folds 
Murzik100: folds 
Maria_Monti: folds 
GumboOAFC: calls $0.25
r0br0y78: folds 
oppaz: checks 
*** FLOP *** [8h Jc 8s]
oppaz: checks 
GumboOAFC: bets $0.75
oppaz: folds 
Uncalled bet ($0.75) returned to GumboOAFC
GumboOAFC collected $0.60 from pot
*** SUMMARY ***
Total pot $0.60 | Rake $0 
Board [8h Jc 8s]
Seat 1: r0br0y78 (small blind) folded before Flop
Seat 2: oppaz (big blind) folded on the Flop
Seat 3: Ko4easy folded before Flop (didn't bet)
Seat 4: kubajjk folded before Flop (didn't bet)
Seat 5: Alameda22 folded before Flop (didn't bet)
Seat 6: drohne84 folded before Flop (didn't bet)
Seat 7: Murzik100 folded before Flop (didn't bet)
Seat 8: Maria_Monti folded before Flop (didn't bet)
Seat 9: GumboOAFC (button) collected ($0.60)



PokerStars Game #19971186312:  Hold'em No Limit ($0.10/$0.25) - 2008/08/28 - 17:17:27 (ET)
Table 'Capek III' 9-max Seat #1 is the button
Seat 1: r0br0y78 ($21.45 in chips) 
Seat 2: oppaz ($28.80 in chips) 
Seat 3: Ko4easy ($14.60 in chips) 
Seat 4: kubajjk ($24.65 in chips) 
Seat 5: Alameda22 ($24.75 in chips) 
Seat 6: drohne84 ($25.60 in chips) 
Seat 7: Murzik100 ($4.55 in chips) 
Seat 8: Maria_Monti ($12.55 in chips) 
Seat 9: GumboOAFC ($19.05 in chips) 
oppaz: posts small blind $0.10
Ko4easy: posts big blind $0.25
*** HOLE CARDS ***
Dealt to Alameda22 [6c Kd]
kubajjk: folds 
Alameda22: folds 
drohne84: folds 
Murzik100: folds 
Maria_Monti: folds 
GumboOAFC: calls $0.25
r0br0y78: folds 
oppaz: calls $0.15
Ko4easy: checks 
*** FLOP *** [Ad 3h 8h]
oppaz: bets $0.50
Ko4easy: folds 
GumboOAFC: calls $0.50
*** TURN *** [Ad 3h 8h] [Ah]
oppaz: checks 
GumboOAFC: bets $1.25
oppaz: calls $1.25
*** RIVER *** [Ad 3h 8h Ah] [6s]
oppaz: checks 
GumboOAFC: bets $1.50
oppaz: calls $1.50
*** SHOW DOWN ***
GumboOAFC: shows [Ts Tc] (two pair, Aces and Tens)
oppaz: shows [As Qc] (three of a kind, Aces)
oppaz collected $6.90 from pot
*** SUMMARY ***
Total pot $7.25 | Rake $0.35 
Board [Ad 3h 8h Ah 6s]
Seat 1: r0br0y78 (button) folded before Flop (didn't bet)
Seat 2: oppaz (small blind) showed [As Qc] and won ($6.90) with three of a kind, Aces
Seat 3: Ko4easy (big blind) folded on the Flop
Seat 4: kubajjk folded before Flop (didn't bet)
Seat 5: Alameda22 folded before Flop (didn't bet)
Seat 6: drohne84 folded before Flop (didn't bet)
Seat 7: Murzik100 folded before Flop (didn't bet)
Seat 8: Maria_Monti folded before Flop (didn't bet)
Seat 9: GumboOAFC showed [Ts Tc] and lost with two pair, Aces and Tens



PokerStars Game #19971222511:  Hold'em No Limit ($0.10/$0.25) - 2008/08/28 - 17:18:57 (ET)
Table 'Capek III' 9-max Seat #2 is the button
Seat 1: r0br0y78 ($21.45 in chips) 
Seat 2: oppaz ($32.20 in chips) 
Seat 3: Ko4easy ($14.35 in chips) 
Seat 4: kubajjk ($24.65 in chips) 
Seat 5: Alameda22 ($24.75 in chips) 
Seat 6: drohne84 ($25.60 in chips) 
Seat 7: Murzik100 ($4.55 in chips) 
Seat 8: Maria_Monti ($12.55 in chips) 
Seat 9: GumboOAFC ($15.55 in chips) 
Ko4easy: posts small blind $0.10
kubajjk: posts big blind $0.25
*** HOLE CARDS ***
Dealt to Alameda22 [8c 7s]
Alameda22: folds 
drohne84: folds 
Murzik100: folds 
Maria_Monti: folds 
GumboOAFC: folds 
r0br0y78: folds 
oppaz: folds 
Ko4easy: folds 
Uncalled bet ($0.15) returned to kubajjk
kubajjk collected $0.20 from pot
kubajjk: doesn't show hand 
*** SUMMARY ***
Total pot $0.20 | Rake $0 
Seat 1: r0br0y78 folded before Flop (didn't bet)
Seat 2: oppaz (button) folded before Flop (didn't bet)
Seat 3: Ko4easy (small blind) folded before Flop
Seat 4: kubajjk (big blind) collected ($0.20)
Seat 5: Alameda22 folded before Flop (didn't bet)
Seat 6: drohne84 folded before Flop (didn't bet)
Seat 7: Murzik100 folded before Flop (didn't bet)
Seat 8: Maria_Monti folded before Flop (didn't bet)
Seat 9: GumboOAFC folded before Flop (didn't bet)



PokerStars Game #19971238328:  Hold'em No Limit ($0.10/$0.25) - 2008/08/28 - 17:19:35 (ET)
Table 'Capek III' 9-max Seat #3 is the button
Seat 1: r0br0y78 ($21.45 in chips) 
Seat 2: oppaz ($32.20 in chips) 
Seat 3: Ko4easy ($14.25 in chips) 
Seat 4: kubajjk ($24.75 in chips) 
Seat 5: Alameda22 ($24.75 in chips) 
Seat 6: drohne84 ($25.60 in chips) 
Seat 7: Murzik100 ($4.55 in chips) 
Seat 8: Maria_Monti ($12.55 in chips) 
Seat 9: GumboOAFC ($15.55 in chips) 
kubajjk: posts small blind $0.10
Alameda22: posts big blind $0.25
*** HOLE CARDS ***
Dealt to Alameda22 [As 3s]
drohne84: calls $0.25
Murzik100: folds 
Maria_Monti: folds 
GumboOAFC: calls $0.25
r0br0y78: folds 
oppaz: folds 
Ko4easy: folds 
kubajjk: folds 
Alameda22: checks 
*** FLOP *** [2d Ac Jh]
Alameda22: checks 
Ko4easy leaves the table
drohne84: checks 
GumboOAFC: checks 
*** TURN *** [2d Ac Jh] [9d]
Alameda22: checks 
drohne84: checks 
GumboOAFC: bets $0.75
Alameda22: folds 
progre69 joins the table at seat #3 
drohne84: folds 
Uncalled bet ($0.75) returned to GumboOAFC
GumboOAFC collected $0.85 from pot
*** SUMMARY ***
Total pot $0.85 | Rake $0 
Board [2d Ac Jh 9d]
Seat 1: r0br0y78 folded before Flop (didn't bet)
Seat 2: oppaz folded before Flop (didn't bet)
Seat 3: Ko4easy (button) folded before Flop (didn't bet)
Seat 4: kubajjk (small blind) folded before Flop
Seat 5: Alameda22 (big blind) folded on the Turn
Seat 6: drohne84 folded on the Turn
Seat 7: Murzik100 folded before Flop (didn't bet)
Seat 8: Maria_Monti folded before Flop (didn't bet)
Seat 9: GumboOAFC collected ($0.85)



PokerStars Game #19971262901:  Hold'em No Limit ($0.10/$0.25) - 2008/08/28 - 17:20:36 (ET)
Table 'Capek III' 9-max Seat #4 is the button
Seat 1: r0br0y78 ($21.45 in chips) 
Seat 2: oppaz ($32.20 in chips) 
Seat 3: progre69 ($25 in chips) 
Seat 4: kubajjk ($24.65 in chips) 
Seat 5: Alameda22 ($24.50 in chips) 
Seat 6: drohne84 ($25.35 in chips) 
Seat 7: Murzik100 ($4.55 in chips) 
Seat 8: Maria_Monti ($12.55 in chips) 
Seat 9: GumboOAFC ($16.15 in chips) 
Alameda22: posts small blind $0.10
drohne84: posts big blind $0.25
progre69: posts big blind $0.25
*** HOLE CARDS ***
Dealt to Alameda22 [9d Qc]
Murzik100: folds 
Maria_Monti: raises $0.25 to $0.50
GumboOAFC: calls $0.50
r0br0y78: calls $0.50
oppaz: folds 
progre69: calls $0.25
kubajjk: folds 
Alameda22: folds 
drohne84: folds 
*** FLOP *** [Jd 7c 5s]
Maria_Monti: bets $3
GumboOAFC: folds 
r0br0y78: folds 
progre69: folds 
Uncalled bet ($3) returned to Maria_Monti
Maria_Monti collected $2.25 from pot
Maria_Monti: doesn't show hand 
*** SUMMARY ***
Total pot $2.35 | Rake $0.10 
Board [Jd 7c 5s]
Seat 1: r0br0y78 folded on the Flop
Seat 2: oppaz folded before Flop (didn't bet)
Seat 3: progre69 folded on the Flop
Seat 4: kubajjk (button) folded before Flop (didn't bet)
Seat 5: Alameda22 (small blind) folded before Flop
Seat 6: drohne84 (big blind) folded before Flop
Seat 7: Murzik100 folded before Flop (didn't bet)
Seat 8: Maria_Monti collected ($2.25)
Seat 9: GumboOAFC folded on the Flop



PokerStars Game #19971288750:  Hold'em No Limit ($0.10/$0.25) - 2008/08/28 - 17:21:39 (ET)
Table 'Capek III' 9-max Seat #5 is the button
Seat 1: r0br0y78 ($20.95 in chips) 
Seat 2: oppaz ($32.20 in chips) 
Seat 3: progre69 ($24.50 in chips) 
Seat 4: kubajjk ($24.65 in chips) 
Seat 5: Alameda22 ($24.40 in chips) 
Seat 6: drohne84 ($25.10 in chips) 
Seat 7: Murzik100 ($4.55 in chips) 
Seat 8: Maria_Monti ($14.30 in chips) 
Seat 9: GumboOAFC ($15.65 in chips) 
drohne84: posts small blind $0.10
Murzik100: posts big blind $0.25
*** HOLE CARDS ***
Dealt to Alameda22 [Qh 5h]
Maria_Monti: folds 
GumboOAFC: folds 
r0br0y78: folds 
oppaz: folds 
progre69: folds 
kubajjk: folds 
Alameda22: folds 
drohne84: raises $0.75 to $1
Murzik100: folds 
Uncalled bet ($0.75) returned to drohne84
drohne84 collected $0.50 from pot
drohne84: doesn't show hand 
*** SUMMARY ***
Total pot $0.50 | Rake $0 
Seat 1: r0br0y78 folded before Flop (didn't bet)
Seat 2: oppaz folded before Flop (didn't bet)
Seat 3: progre69 folded before Flop (didn't bet)
Seat 4: kubajjk folded before Flop (didn't bet)
Seat 5: Alameda22 (button) folded before Flop (didn't bet)
Seat 6: drohne84 (small blind) collected ($0.50)
Seat 7: Murzik100 (big blind) folded before Flop
Seat 8: Maria_Monti folded before Flop (didn't bet)
Seat 9: GumboOAFC folded before Flop (didn't bet)



PokerStars Game #19971301809:  Hold'em No Limit ($0.10/$0.25) - 2008/08/28 - 17:22:11 (ET)
Table 'Capek III' 9-max Seat #6 is the button
Seat 1: r0br0y78 ($20.95 in chips) 
Seat 2: oppaz ($32.20 in chips) 
Seat 3: progre69 ($24.50 in chips) 
Seat 4: kubajjk ($24.65 in chips) 
Seat 5: Alameda22 ($24.40 in chips) 
Seat 6: drohne84 ($25.35 in chips) 
Seat 7: Murzik100 ($4.30 in chips) 
Seat 8: Maria_Monti ($14.30 in chips) 
Seat 9: GumboOAFC ($15.65 in chips) 
Murzik100: posts small blind $0.10
Maria_Monti: posts big blind $0.25
*** HOLE CARDS ***
Dealt to Alameda22 [2s Jh]
GumboOAFC: folds 
r0br0y78: folds 
oppaz: calls $0.25
progre69: folds 
kubajjk: folds 
Alameda22: folds 
drohne84: raises $1 to $1.25
Murzik100: folds 
Maria_Monti: calls $1
oppaz: calls $1
*** FLOP *** [6c Th Ah]
Maria_Monti: checks 
oppaz: checks 
drohne84: checks 
*** TURN *** [6c Th Ah] [Jc]
Maria_Monti: checks 
oppaz: checks 
drohne84: bets $2.50
Maria_Monti: raises $2.50 to $5
oppaz: folds 
drohne84: folds 
Uncalled bet ($2.50) returned to Maria_Monti
Maria_Monti collected $8.45 from pot
Maria_Monti: doesn't show hand 
*** SUMMARY ***
Total pot $8.85 | Rake $0.40 
Board [6c Th Ah Jc]
Seat 1: r0br0y78 folded before Flop (didn't bet)
Seat 2: oppaz folded on the Turn
Seat 3: progre69 folded before Flop (didn't bet)
Seat 4: kubajjk folded before Flop (didn't bet)
Seat 5: Alameda22 folded before Flop (didn't bet)
Seat 6: drohne84 (button) folded on the Turn
Seat 7: Murzik100 (small blind) folded before Flop
Seat 8: Maria_Monti (big blind) collected ($8.45)
Seat 9: GumboOAFC folded before Flop (didn't bet)



PokerStars Game #19971344416:  Hold'em No Limit ($0.10/$0.25) - 2008/08/28 - 17:23:57 (ET)
Table 'Capek III' 9-max Seat #7 is the button
Seat 1: r0br0y78 ($20.95 in chips) 
Seat 2: oppaz ($30.95 in chips) 
Seat 3: progre69 ($24.50 in chips) 
Seat 4: kubajjk ($24.65 in chips) 
Seat 5: Alameda22 ($24.40 in chips) 
Seat 6: drohne84 ($21.60 in chips) 
Seat 7: Murzik100 ($4.20 in chips) 
Seat 8: Maria_Monti ($19 in chips) 
Seat 9: GumboOAFC ($15.65 in chips) 
Maria_Monti: posts small blind $0.10
GumboOAFC: posts big blind $0.25
*** HOLE CARDS ***
Dealt to Alameda22 [Qh 6h]
r0br0y78: folds 
oppaz: folds 
progre69: folds 
kubajjk: folds 
Alameda22: folds 
drohne84: folds 
Murzik100: folds 
Maria_Monti: folds 
Uncalled bet ($0.15) returned to GumboOAFC
GumboOAFC collected $0.20 from pot
*** SUMMARY ***
Total pot $0.20 | Rake $0 
Seat 1: r0br0y78 folded before Flop (didn't bet)
Seat 2: oppaz folded before Flop (didn't bet)
Seat 3: progre69 folded before Flop (didn't bet)
Seat 4: kubajjk folded before Flop (didn't bet)
Seat 5: Alameda22 folded before Flop (didn't bet)
Seat 6: drohne84 folded before Flop (didn't bet)
Seat 7: Murzik100 (button) folded before Flop (didn't bet)
Seat 8: Maria_Monti (small blind) folded before Flop
Seat 9: GumboOAFC (big blind) collected ($0.20)



PokerStars Game #19971367595:  Hold'em No Limit ($0.10/$0.25) - 2008/08/28 - 17:24:55 (ET)
Table 'Capek III' 9-max Seat #8 is the button
Seat 1: r0br0y78 ($20.95 in chips) 
Seat 2: oppaz ($30.95 in chips) 
Seat 3: progre69 ($24.50 in chips) 
Seat 4: kubajjk ($24.65 in chips) 
Seat 5: Alameda22 ($24.40 in chips) 
Seat 6: drohne84 ($25 in chips) 
Seat 7: Murzik100 ($4.20 in chips) 
Seat 8: Maria_Monti ($18.90 in chips) 
Seat 9: GumboOAFC ($15.75 in chips) 
GumboOAFC: posts small blind $0.10
r0br0y78: posts big blind $0.25
*** HOLE CARDS ***
Dealt to Alameda22 [Jc 2s]
oppaz: folds 
progre69: folds 
kubajjk: folds 
Alameda22: folds 
drohne84: folds 
Murzik100: folds 
Maria_Monti: raises $0.25 to $0.50
GumboOAFC: calls $0.40
r0br0y78: calls $0.25
*** FLOP *** [7s 9h Qd]
GumboOAFC: checks 
r0br0y78: bets $0.75
Maria_Monti: calls $0.75
GumboOAFC: folds 
*** TURN *** [7s 9h Qd] [Jd]
r0br0y78: bets $1
Maria_Monti: calls $1
*** RIVER *** [7s 9h Qd Jd] [6d]
r0br0y78: checks 
Maria_Monti: checks 
*** SHOW DOWN ***
r0br0y78: shows [9s 8d] (a pair of Nines)
Maria_Monti: shows [Jh Th] (a pair of Jacks)
Maria_Monti collected $4.80 from pot
*** SUMMARY ***
Total pot $5 | Rake $0.20 
Board [7s 9h Qd Jd 6d]
Seat 1: r0br0y78 (big blind) showed [9s 8d] and lost with a pair of Nines
Seat 2: oppaz folded before Flop (didn't bet)
Seat 3: progre69 folded before Flop (didn't bet)
Seat 4: kubajjk folded before Flop (didn't bet)
Seat 5: Alameda22 folded before Flop (didn't bet)
Seat 6: drohne84 folded before Flop (didn't bet)
Seat 7: Murzik100 folded before Flop (didn't bet)
Seat 8: Maria_Monti (button) showed [Jh Th] and won ($4.80) with a pair of Jacks
Seat 9: GumboOAFC (small blind) folded on the Flop



PokerStars Game #19971402048:  Hold'em No Limit ($0.10/$0.25) - 2008/08/28 - 17:26:21 (ET)
Table 'Capek III' 9-max Seat #9 is the button
Seat 1: r0br0y78 ($18.70 in chips) 
Seat 2: oppaz ($30.95 in chips) 
Seat 3: progre69 ($24.50 in chips) 
Seat 4: kubajjk ($24.65 in chips) 
Seat 5: Alameda22 ($24.40 in chips) 
Seat 6: drohne84 ($25 in chips) 
Seat 7: Murzik100 ($4.20 in chips) 
Seat 8: Maria_Monti ($21.45 in chips) 
Seat 9: GumboOAFC ($15.25 in chips) 
r0br0y78: posts small blind $0.10
oppaz: posts big blind $0.25
*** HOLE CARDS ***
Dealt to Alameda22 [Qh Ah]
progre69: folds 
kubajjk: folds 
Alameda22: raises $0.50 to $0.75
drohne84: folds 
Murzik100: folds 
Maria_Monti: folds 
GumboOAFC: calls $0.75
r0br0y78: folds 
oppaz: folds 
*** FLOP *** [2s 9d 6s]
Alameda22: bets $1.25
GumboOAFC: calls $1.25
*** TURN *** [2s 9d 6s] [Ad]
Alameda22: bets $2.75
GumboOAFC: folds 
Uncalled bet ($2.75) returned to Alameda22
Alameda22 collected $4.15 from pot
Alameda22: doesn't show hand 
*** SUMMARY ***
Total pot $4.35 | Rake $0.20 
Board [2s 9d 6s Ad]
Seat 1: r0br0y78 (small blind) folded before Flop
Seat 2: oppaz (big blind) folded before Flop
Seat 3: progre69 folded before Flop (didn't bet)
Seat 4: kubajjk folded before Flop (didn't bet)
Seat 5: Alameda22 collected ($4.15)
Seat 6: drohne84 folded before Flop (didn't bet)
Seat 7: Murzik100 folded before Flop (didn't bet)
Seat 8: Maria_Monti folded before Flop (didn't bet)
Seat 9: GumboOAFC (button) folded on the Turn



PokerStars Game #19971423204:  Hold'em No Limit ($0.10/$0.25) - 2008/08/28 - 17:27:14 (ET)
Table 'Capek III' 9-max Seat #1 is the button
Seat 1: r0br0y78 ($18.60 in chips) 
Seat 2: oppaz ($30.70 in chips) 
Seat 3: progre69 ($24.50 in chips) 
Seat 4: kubajjk ($24.65 in chips) 
Seat 5: Alameda22 ($26.55 in chips) 
Seat 6: drohne84 ($25 in chips) 
Seat 7: Murzik100 ($4.20 in chips) 
Seat 8: Maria_Monti ($21.45 in chips) 
Seat 9: GumboOAFC ($13.25 in chips) 
oppaz: posts small blind $0.10
progre69: posts big blind $0.25
*** HOLE CARDS ***
Dealt to Alameda22 [Kc 8h]
kubajjk: folds 
Alameda22: folds 
drohne84: folds 
Murzik100: folds 
Maria_Monti: folds 
GumboOAFC: folds 
r0br0y78: folds 
oppaz: folds 
Uncalled bet ($0.15) returned to progre69
progre69 collected $0.20 from pot
progre69: doesn't show hand 
*** SUMMARY ***
Total pot $0.20 | Rake $0 
Seat 1: r0br0y78 (button) folded before Flop (didn't bet)
Seat 2: oppaz (small blind) folded before Flop
Seat 3: progre69 (big blind) collected ($0.20)
Seat 4: kubajjk folded before Flop (didn't bet)
Seat 5: Alameda22 folded before Flop (didn't bet)
Seat 6: drohne84 folded before Flop (didn't bet)
Seat 7: Murzik100 folded before Flop (didn't bet)
Seat 8: Maria_Monti folded before Flop (didn't bet)
Seat 9: GumboOAFC folded before Flop (didn't bet)



PokerStars Game #19971434785:  Hold'em No Limit ($0.10/$0.25) - 2008/08/28 - 17:27:42 (ET)
Table 'Capek III' 9-max Seat #2 is the button
Seat 1: r0br0y78 ($18.60 in chips) 
Seat 2: oppaz ($30.60 in chips) 
Seat 3: progre69 ($24.60 in chips) 
Seat 4: kubajjk ($24.65 in chips) 
Seat 5: Alameda22 ($26.55 in chips) 
Seat 6: drohne84 ($25 in chips) 
Seat 7: Murzik100 ($4.20 in chips) 
Seat 8: Maria_Monti ($21.45 in chips) 
Seat 9: GumboOAFC ($13.25 in chips) 
progre69: posts small blind $0.10
kubajjk: posts big blind $0.25
*** HOLE CARDS ***
Dealt to Alameda22 [Kc 7d]
Alameda22: folds 
drohne84: folds 
Murzik100: folds 
Maria_Monti: folds 
GumboOAFC: folds 
r0br0y78: raises $0.50 to $0.75
oppaz: folds 
progre69: calls $0.65
kubajjk: folds 
*** FLOP *** [As 8h 3s]
progre69: checks 
r0br0y78: bets $1
progre69: folds 
Uncalled bet ($1) returned to r0br0y78
r0br0y78 collected $1.70 from pot
*** SUMMARY ***
Total pot $1.75 | Rake $0.05 
Board [As 8h 3s]
Seat 1: r0br0y78 collected ($1.70)
Seat 2: oppaz (button) folded before Flop (didn't bet)
Seat 3: progre69 (small blind) folded on the Flop
Seat 4: kubajjk (big blind) folded before Flop
Seat 5: Alameda22 folded before Flop (didn't bet)
Seat 6: drohne84 folded before Flop (didn't bet)
Seat 7: Murzik100 folded before Flop (didn't bet)
Seat 8: Maria_Monti folded before Flop (didn't bet)
Seat 9: GumboOAFC folded before Flop (didn't bet)



PokerStars Game #19971455372:  Hold'em No Limit ($0.10/$0.25) - 2008/08/28 - 17:28:33 (ET)
Table 'Capek III' 9-max Seat #3 is the button
Seat 1: r0br0y78 ($19.55 in chips) 
Seat 2: oppaz ($30.60 in chips) 
Seat 3: progre69 ($23.85 in chips) 
Seat 4: kubajjk ($24.40 in chips) 
Seat 5: Alameda22 ($26.55 in chips) 
Seat 6: drohne84 ($25 in chips) 
Seat 7: Murzik100 ($4.20 in chips) 
Seat 8: Maria_Monti ($21.45 in chips) 
Seat 9: GumboOAFC ($13.25 in chips) 
kubajjk: posts small blind $0.10
Alameda22: posts big blind $0.25
*** HOLE CARDS ***
Dealt to Alameda22 [Qs Kh]
drohne84: folds 
Murzik100: folds 
Maria_Monti: raises $0.50 to $0.75
GumboOAFC: calls $0.75
r0br0y78: folds 
oppaz: folds 
progre69: folds 
kubajjk: folds 
Alameda22: folds 
*** FLOP *** [4d 8s Ts]
Maria_Monti: bets $1.25
GumboOAFC: folds 
Uncalled bet ($1.25) returned to Maria_Monti
Maria_Monti collected $1.80 from pot
Maria_Monti: doesn't show hand 
*** SUMMARY ***
Total pot $1.85 | Rake $0.05 
Board [4d 8s Ts]
Seat 1: r0br0y78 folded before Flop (didn't bet)
Seat 2: oppaz folded before Flop (didn't bet)
Seat 3: progre69 (button) folded before Flop (didn't bet)
Seat 4: kubajjk (small blind) folded before Flop
Seat 5: Alameda22 (big blind) folded before Flop
Seat 6: drohne84 folded before Flop (didn't bet)
Seat 7: Murzik100 folded before Flop (didn't bet)
Seat 8: Maria_Monti collected ($1.80)
Seat 9: GumboOAFC folded on the Flop



PokerStars Game #19971476211:  Hold'em No Limit ($0.10/$0.25) - 2008/08/28 - 17:29:25 (ET)
Table 'Capek III' 9-max Seat #4 is the button
Seat 1: r0br0y78 ($19.55 in chips) 
Seat 2: oppaz ($30.60 in chips) 
Seat 3: progre69 ($25 in chips) 
Seat 4: kubajjk ($24.30 in chips) 
Seat 5: Alameda22 ($26.30 in chips) 
Seat 6: drohne84 ($25 in chips) 
Seat 7: Murzik100 ($4.20 in chips) 
Seat 8: Maria_Monti ($22.50 in chips) 
Seat 9: GumboOAFC ($12.50 in chips) 
Alameda22: posts small blind $0.10
drohne84: posts big blind $0.25
*** HOLE CARDS ***
Dealt to Alameda22 [5h Jd]
Murzik100: folds 
Maria_Monti: folds 
GumboOAFC: calls $0.25
r0br0y78: calls $0.25
oppaz: folds 
progre69: folds 
kubajjk: folds 
Alameda22: folds 
drohne84: checks 
*** FLOP *** [5c 6c 3h]
drohne84: checks 
GumboOAFC: bets $1
r0br0y78: folds 
drohne84: folds 
Uncalled bet ($1) returned to GumboOAFC
GumboOAFC collected $0.85 from pot
*** SUMMARY ***
Total pot $0.85 | Rake $0 
Board [5c 6c 3h]
Seat 1: r0br0y78 folded on the Flop
Seat 2: oppaz folded before Flop (didn't bet)
Seat 3: progre69 folded before Flop (didn't bet)
Seat 4: kubajjk (button) folded before Flop (didn't bet)
Seat 5: Alameda22 (small blind) folded before Flop
Seat 6: drohne84 (big blind) folded on the Flop
Seat 7: Murzik100 folded before Flop (didn't bet)
Seat 8: Maria_Monti folded before Flop (didn't bet)
Seat 9: GumboOAFC collected ($0.85)



PokerStars Game #19971502691:  Hold'em No Limit ($0.10/$0.25) - 2008/08/28 - 17:30:31 (ET)
Table 'Capek III' 9-max Seat #5 is the button
Seat 1: r0br0y78 ($19.30 in chips) 
Seat 2: oppaz ($30.60 in chips) 
Seat 3: progre69 ($25 in chips) 
Seat 4: kubajjk ($24.30 in chips) 
Seat 5: Alameda22 ($26.20 in chips) 
Seat 6: drohne84 ($24.75 in chips) 
Seat 7: Murzik100 ($4.20 in chips) 
Seat 8: Maria_Monti ($22.50 in chips) 
Seat 9: GumboOAFC ($13.10 in chips) 
drohne84: posts small blind $0.10
Murzik100: posts big blind $0.25
*** HOLE CARDS ***
Dealt to Alameda22 [4c Tc]
Maria_Monti: folds 
GumboOAFC: folds 
r0br0y78: calls $0.25
oppaz: folds 
progre69: folds 
kubajjk: folds 
Alameda22: folds 
drohne84: folds 
Murzik100: checks 
*** FLOP *** [2s Ts 5d]
Murzik100: checks 
r0br0y78: checks 
*** TURN *** [2s Ts 5d] [5c]
Murzik100: bets $0.50
r0br0y78: folds 
Uncalled bet ($0.50) returned to Murzik100
Murzik100 collected $0.60 from pot
Murzik100: doesn't show hand 
*** SUMMARY ***
Total pot $0.60 | Rake $0 
Board [2s Ts 5d 5c]
Seat 1: r0br0y78 folded on the Turn
Seat 2: oppaz folded before Flop (didn't bet)
Seat 3: progre69 folded before Flop (didn't bet)
Seat 4: kubajjk folded before Flop (didn't bet)
Seat 5: Alameda22 (button) folded before Flop (didn't bet)
Seat 6: drohne84 (small blind) folded before Flop
Seat 7: Murzik100 (big blind) collected ($0.60)
Seat 8: Maria_Monti folded before Flop (didn't bet)
Seat 9: GumboOAFC folded before Flop (didn't bet)



PokerStars Game #19971531620:  Hold'em No Limit ($0.10/$0.25) - 2008/08/28 - 17:31:40 (ET)
Table 'Capek III' 9-max Seat #6 is the button
Seat 1: r0br0y78 ($19.05 in chips) 
Seat 2: oppaz ($30.60 in chips) 
Seat 3: progre69 ($25 in chips) 
Seat 4: kubajjk ($24.30 in chips) 
Seat 5: Alameda22 ($26.20 in chips) 
Seat 6: drohne84 ($24.65 in chips) 
Seat 7: Murzik100 ($4.55 in chips) 
Seat 8: Maria_Monti ($22.50 in chips) 
Seat 9: GumboOAFC ($13.10 in chips) 
Murzik100: posts small blind $0.10
Maria_Monti: posts big blind $0.25
*** HOLE CARDS ***
Dealt to Alameda22 [Th 9d]
GumboOAFC: folds 
r0br0y78: folds 
oppaz: folds 
progre69: folds 
kubajjk: folds 
Alameda22: folds 
drohne84: folds 
Murzik100: folds 
Uncalled bet ($0.15) returned to Maria_Monti
Maria_Monti collected $0.20 from pot
Maria_Monti: doesn't show hand 
*** SUMMARY ***
Total pot $0.20 | Rake $0 
Seat 1: r0br0y78 folded before Flop (didn't bet)
Seat 2: oppaz folded before Flop (didn't bet)
Seat 3: progre69 folded before Flop (didn't bet)
Seat 4: kubajjk folded before Flop (didn't bet)
Seat 5: Alameda22 folded before Flop (didn't bet)
Seat 6: drohne84 (button) folded before Flop (didn't bet)
Seat 7: Murzik100 (small blind) folded before Flop
Seat 8: Maria_Monti (big blind) collected ($0.20)
Seat 9: GumboOAFC folded before Flop (didn't bet)



PokerStars Game #19971546252:  Hold'em No Limit ($0.10/$0.25) - 2008/08/28 - 17:32:16 (ET)
Table 'Capek III' 9-max Seat #7 is the button
Seat 1: r0br0y78 ($19.05 in chips) 
Seat 2: oppaz ($30.60 in chips) 
Seat 3: progre69 ($25 in chips) 
Seat 4: kubajjk ($24.30 in chips) 
Seat 5: Alameda22 ($26.20 in chips) 
Seat 6: drohne84 ($24.65 in chips) 
Seat 7: Murzik100 ($4.45 in chips) 
Seat 8: Maria_Monti ($22.60 in chips) 
Seat 9: GumboOAFC ($13.10 in chips) 
Maria_Monti: posts small blind $0.10
GumboOAFC: posts big blind $0.25
*** HOLE CARDS ***
Dealt to Alameda22 [Tc 2s]
r0br0y78: calls $0.25
oppaz: folds 
progre69: folds 
kubajjk: folds 
Alameda22: folds 
drohne84: folds 
Murzik100: raises $1 to $1.25
Maria_Monti: folds 
GumboOAFC: folds 
r0br0y78: calls $1
*** FLOP *** [5s Ad 9c]
r0br0y78: checks 
Murzik100: bets $1
r0br0y78: folds 
Uncalled bet ($1) returned to Murzik100
Murzik100 collected $2.75 from pot
Murzik100: doesn't show hand 
*** SUMMARY ***
Total pot $2.85 | Rake $0.10 
Board [5s Ad 9c]
Seat 1: r0br0y78 folded on the Flop
Seat 2: oppaz folded before Flop (didn't bet)
Seat 3: progre69 folded before Flop (didn't bet)
Seat 4: kubajjk folded before Flop (didn't bet)
Seat 5: Alameda22 folded before Flop (didn't bet)
Seat 6: drohne84 folded before Flop (didn't bet)
Seat 7: Murzik100 (button) collected ($2.75)
Seat 8: Maria_Monti (small blind) folded before Flop
Seat 9: GumboOAFC (big blind) folded before Flop



PokerStars Game #19971568638:  Hold'em No Limit ($0.10/$0.25) - 2008/08/28 - 17:33:10 (ET)
Table 'Capek III' 9-max Seat #8 is the button
Seat 1: r0br0y78 ($17.80 in chips) 
Seat 2: oppaz ($30.60 in chips) 
Seat 3: progre69 ($25 in chips) 
Seat 4: kubajjk ($24.30 in chips) 
Seat 5: Alameda22 ($26.20 in chips) 
Seat 6: drohne84 ($24.65 in chips) 
Seat 7: Murzik100 ($5.95 in chips) 
Seat 8: Maria_Monti ($22.50 in chips) 
Seat 9: GumboOAFC ($12.85 in chips) 
GumboOAFC: posts small blind $0.10
r0br0y78: posts big blind $0.25
*** HOLE CARDS ***
Dealt to Alameda22 [4c 8s]
oppaz: folds 
progre69: folds 
kubajjk: folds 
Alameda22: folds 
drohne84: folds 
Murzik100: raises $0.75 to $1
Maria_Monti: folds 
GumboOAFC: calls $0.90
r0br0y78: folds 
*** FLOP *** [Td Qh 8h]
progre69 leaves the table
GumboOAFC: checks 
Murzik100: bets $1.50
GumboOAFC: folds 
Uncalled bet ($1.50) returned to Murzik100
Murzik100 collected $2.15 from pot
Murzik100: doesn't show hand 
*** SUMMARY ***
Total pot $2.25 | Rake $0.10 
Board [Td Qh 8h]
Seat 1: r0br0y78 (big blind) folded before Flop
Seat 2: oppaz folded before Flop (didn't bet)
Seat 3: progre69 folded before Flop (didn't bet)
Seat 4: kubajjk folded before Flop (didn't bet)
Seat 5: Alameda22 folded before Flop (didn't bet)
Seat 6: drohne84 folded before Flop (didn't bet)
Seat 7: Murzik100 collected ($2.15)
Seat 8: Maria_Monti (button) folded before Flop (didn't bet)
Seat 9: GumboOAFC (small blind) folded on the Flop



PokerStars Game #19971586322:  Hold'em No Limit ($0.10/$0.25) - 2008/08/28 - 17:33:53 (ET)
Table 'Capek III' 9-max Seat #9 is the button
Seat 1: r0br0y78 ($17.55 in chips) 
Seat 2: oppaz ($30.60 in chips) 
Seat 4: kubajjk ($24.30 in chips) 
Seat 5: Alameda22 ($26.20 in chips) 
Seat 6: drohne84 ($24.65 in chips) 
Seat 7: Murzik100 ($7.10 in chips) 
Seat 8: Maria_Monti ($22.50 in chips) 
Seat 9: GumboOAFC ($11.85 in chips) 
r0br0y78: posts small blind $0.10
oppaz: posts big blind $0.25
*** HOLE CARDS ***
Dealt to Alameda22 [9h 3s]
detonadora00 joins the table at seat #3 
kubajjk: folds 
detonadora00 leaves the table
Alameda22: folds 
drohne84: folds 
Murzik100: raises $0.75 to $1
Maria_Monti: folds 
GumboOAFC: calls $1
r0br0y78: calls $0.90
oppaz: folds 
*** FLOP *** [2h 5c 7h]
r0br0y78: checks 
Murzik100: bets $2
GumboOAFC: folds 
r0br0y78: folds 
Uncalled bet ($2) returned to Murzik100
r0br0y78 leaves the table
Murzik100 collected $3.10 from pot
Murzik100: doesn't show hand 
*** SUMMARY ***
Total pot $3.25 | Rake $0.15 
Board [2h 5c 7h]
Seat 1: r0br0y78 (small blind) folded on the Flop
Seat 2: oppaz (big blind) folded before Flop
Seat 4: kubajjk folded before Flop (didn't bet)
Seat 5: Alameda22 folded before Flop (didn't bet)
Seat 6: drohne84 folded before Flop (didn't bet)
Seat 7: Murzik100 collected ($3.10)
Seat 8: Maria_Monti folded before Flop (didn't bet)
Seat 9: GumboOAFC (button) folded on the Flop



PokerStars Game #19971624376:  Hold'em No Limit ($0.10/$0.25) - 2008/08/28 - 17:35:26 (ET)
Table 'Capek III' 9-max Seat #2 is the button
Seat 2: oppaz ($30.35 in chips) 
Seat 4: kubajjk ($24.30 in chips) 
Seat 5: Alameda22 ($26.20 in chips) 
Seat 6: drohne84 ($24.65 in chips) 
Seat 7: Murzik100 ($9.20 in chips) 
Seat 8: Maria_Monti ($22.50 in chips) 
Seat 9: GumboOAFC ($10.85 in chips) 
kubajjk: posts small blind $0.10
Alameda22: posts big blind $0.25
*** HOLE CARDS ***
Dealt to Alameda22 [7c 5s]
drohne84: folds 
Murzik100: folds 
Maria_Monti: folds 
GumboOAFC: folds 
oppaz: folds 
kubajjk: folds 
Uncalled bet ($0.15) returned to Alameda22
Alameda22 collected $0.20 from pot
Alameda22: doesn't show hand 
*** SUMMARY ***
Total pot $0.20 | Rake $0 
Seat 2: oppaz (button) folded before Flop (didn't bet)
Seat 4: kubajjk (small blind) folded before Flop
Seat 5: Alameda22 (big blind) collected ($0.20)
Seat 6: drohne84 folded before Flop (didn't bet)
Seat 7: Murzik100 folded before Flop (didn't bet)
Seat 8: Maria_Monti folded before Flop (didn't bet)
Seat 9: GumboOAFC folded before Flop (didn't bet)



PokerStars Game #19971642658:  Hold'em No Limit ($0.10/$0.25) - 2008/08/28 - 17:36:11 (ET)
Table 'Capek III' 9-max Seat #4 is the button
Seat 2: oppaz ($30.35 in chips) 
Seat 4: kubajjk ($24.20 in chips) 
Seat 5: Alameda22 ($26.30 in chips) 
Seat 6: drohne84 ($24.65 in chips) 
Seat 7: Murzik100 ($9.20 in chips) 
Seat 8: Maria_Monti ($22.50 in chips) 
Seat 9: GumboOAFC ($10.85 in chips) 
Alameda22: posts small blind $0.10
drohne84: posts big blind $0.25
*** HOLE CARDS ***
Dealt to Alameda22 [5c 6d]
Murzik100: folds 
Maria_Monti: folds 
GumboOAFC: folds 
oppaz: folds 
kubajjk: raises $1 to $1.25
Alameda22: folds 
drohne84: folds 
Uncalled bet ($1) returned to kubajjk
kubajjk collected $0.60 from pot
kubajjk: doesn't show hand 
*** SUMMARY ***
Total pot $0.60 | Rake $0 
Seat 2: oppaz folded before Flop (didn't bet)
Seat 4: kubajjk (button) collected ($0.60)
Seat 5: Alameda22 (small blind) folded before Flop
Seat 6: drohne84 (big blind) folded before Flop
Seat 7: Murzik100 folded before Flop (didn't bet)
Seat 8: Maria_Monti folded before Flop (didn't bet)
Seat 9: GumboOAFC folded before Flop (didn't bet)



PokerStars Game #19971659563:  Hold'em No Limit ($0.10/$0.25) - 2008/08/28 - 17:36:52 (ET)
Table 'Capek III' 9-max Seat #5 is the button
Seat 2: oppaz ($30.35 in chips) 
Seat 4: kubajjk ($24.55 in chips) 
Seat 5: Alameda22 ($26.20 in chips) 
Seat 6: drohne84 ($24.40 in chips) 
Seat 8: Maria_Monti ($22.50 in chips) 
Seat 9: GumboOAFC ($10.85 in chips) 
drohne84: posts small blind $0.10
Murzik100: is sitting out 
Maria_Monti: posts big blind $0.25
*** HOLE CARDS ***
Dealt to Alameda22 [Jc Kc]
Murzik100 leaves the table
GumboOAFC: folds 
oppaz: folds 
kubajjk: folds 
Alameda22: folds 
drohne84: folds 
Uncalled bet ($0.15) returned to Maria_Monti
Maria_Monti collected $0.20 from pot
Maria_Monti: doesn't show hand 
*** SUMMARY ***
Total pot $0.20 | Rake $0 
Seat 2: oppaz folded before Flop (didn't bet)
Seat 4: kubajjk folded before Flop (didn't bet)
Seat 5: Alameda22 (button) folded before Flop (didn't bet)
Seat 6: drohne84 (small blind) folded before Flop
Seat 8: Maria_Monti (big blind) collected ($0.20)
Seat 9: GumboOAFC folded before Flop (didn't bet)



PokerStars Game #19971679666:  Hold'em No Limit ($0.10/$0.25) - 2008/08/28 - 17:37:41 (ET)
Table 'Capek III' 9-max Seat #6 is the button
Seat 2: oppaz ($30.35 in chips) 
Seat 4: kubajjk ($24.55 in chips) 
Seat 5: Alameda22 ($26.20 in chips) 
Seat 6: drohne84 ($24.90 in chips) 
Seat 8: Maria_Monti ($22.60 in chips) 
Maria_Monti: posts small blind $0.10
GumboOAFC: is sitting out 
oppaz: posts big blind $0.25
*** HOLE CARDS ***
Dealt to Alameda22 [Jd 3s]
kubajjk: folds 
GumboOAFC leaves the table
Alameda22: folds 
drohne84: folds 
Maria_Monti: folds 
Uncalled bet ($0.15) returned to oppaz
oppaz collected $0.20 from pot
oppaz: doesn't show hand 
*** SUMMARY ***
Total pot $0.20 | Rake $0 
Seat 2: oppaz (big blind) collected ($0.20)
Seat 4: kubajjk folded before Flop (didn't bet)
Seat 5: Alameda22 folded before Flop (didn't bet)
Seat 6: drohne84 (button) folded before Flop (didn't bet)
Seat 8: Maria_Monti (small blind) folded before Flop



