PokerStars Game #20082561296:  Hold'em No Limit ($0.10/$0.25) - 2008/09/02 - 00:00:05 (ET)
Table 'Euaimon' 9-max Seat #2 is the button
Seat 1: Phreakish120 ($15 in chips) 
Seat 2: Mecanik84 ($12 in chips) 
Seat 3: joshil3 ($25.10 in chips) 
Seat 4: ladyluck1124 ($69.65 in chips) 
Seat 5: FARPCOL ($32.30 in chips) 
Seat 6: DeadEndKev ($67.50 in chips) 
Seat 7: bender2312 ($20.60 in chips) 
Seat 8: Alameda22 ($24.90 in chips) 
Seat 9: bagnus ($31.50 in chips) 
joshil3: posts small blind $0.10
ladyluck1124: posts big blind $0.25
Phreakish120: posts small blind $0.10
*** HOLE CARDS ***
Dealt to Alameda22 [3d Qh]
FARPCOL: folds 
DeadEndKev: folds 
bender2312: folds 
Alameda22: folds 
bagnus: raises $0.75 to $1
Phreakish120: calls $1
Mecanik84: folds 
joshil3: folds 
ladyluck1124: folds 
*** FLOP *** [7h 8d 2h]
bagnus: bets $1.50
Phreakish120: folds 
Uncalled bet ($1.50) returned to bagnus
bagnus collected $2.35 from pot
bagnus: doesn't show hand 
*** SUMMARY ***
Total pot $2.45 | Rake $0.10 
Board [7h 8d 2h]
Seat 1: Phreakish120 folded on the Flop
Seat 2: Mecanik84 (button) folded before Flop (didn't bet)
Seat 3: joshil3 (small blind) folded before Flop
Seat 4: ladyluck1124 (big blind) folded before Flop
Seat 5: FARPCOL folded before Flop (didn't bet)
Seat 6: DeadEndKev folded before Flop (didn't bet)
Seat 7: bender2312 folded before Flop (didn't bet)
Seat 8: Alameda22 folded before Flop (didn't bet)
Seat 9: bagnus collected ($2.35)



PokerStars Game #20082575529:  Hold'em No Limit ($0.10/$0.25) - 2008/09/02 - 00:00:56 (ET)
Table 'Euaimon' 9-max Seat #3 is the button
Seat 1: Phreakish120 ($13.90 in chips) 
Seat 2: Mecanik84 ($12 in chips) 
Seat 3: joshil3 ($25 in chips) 
Seat 4: ladyluck1124 ($69.40 in chips) 
Seat 5: FARPCOL ($32.30 in chips) 
Seat 6: DeadEndKev ($67.50 in chips) 
Seat 7: bender2312 ($20.60 in chips) 
Seat 8: Alameda22 ($24.90 in chips) 
Seat 9: bagnus ($32.85 in chips) 
ladyluck1124: posts small blind $0.10
FARPCOL: posts big blind $0.25
*** HOLE CARDS ***
Dealt to Alameda22 [4d Ac]
DeadEndKev: folds 
bender2312: calls $0.25
Alameda22: folds 
bagnus: folds 
Phreakish120: calls $0.25
Mecanik84: calls $0.25
joshil3: folds 
ladyluck1124: calls $0.15
FARPCOL: checks 
*** FLOP *** [3d Qs Ad]
ladyluck1124: checks 
FARPCOL: checks 
bender2312: checks 
Phreakish120: bets $0.75
Mecanik84: folds 
ladyluck1124: folds 
FARPCOL: folds 
bender2312: folds 
Uncalled bet ($0.75) returned to Phreakish120
Phreakish120 collected $1.20 from pot
*** SUMMARY ***
Total pot $1.25 | Rake $0.05 
Board [3d Qs Ad]
Seat 1: Phreakish120 collected ($1.20)
Seat 2: Mecanik84 folded on the Flop
Seat 3: joshil3 (button) folded before Flop (didn't bet)
Seat 4: ladyluck1124 (small blind) folded on the Flop
Seat 5: FARPCOL (big blind) folded on the Flop
Seat 6: DeadEndKev folded before Flop (didn't bet)
Seat 7: bender2312 folded on the Flop
Seat 8: Alameda22 folded before Flop (didn't bet)
Seat 9: bagnus folded before Flop (didn't bet)



PokerStars Game #20082607541:  Hold'em No Limit ($0.10/$0.25) - 2008/09/02 - 00:02:50 (ET)
Table 'Euaimon' 9-max Seat #4 is the button
Seat 1: Phreakish120 ($14.85 in chips) 
Seat 2: Mecanik84 ($11.75 in chips) 
Seat 3: joshil3 ($25 in chips) 
Seat 4: ladyluck1124 ($69.15 in chips) 
Seat 5: FARPCOL ($32.05 in chips) 
Seat 6: DeadEndKev ($67.50 in chips) 
Seat 7: bender2312 ($20.35 in chips) 
Seat 8: Alameda22 ($24.90 in chips) 
Seat 9: bagnus ($32.85 in chips) 
FARPCOL: posts small blind $0.10
DeadEndKev: posts big blind $0.25
*** HOLE CARDS ***
Dealt to Alameda22 [4h Th]
bender2312: calls $0.25
Alameda22: folds 
bagnus: folds 
Phreakish120: folds 
Mecanik84: folds 
joshil3: folds 
ladyluck1124: folds 
FARPCOL: folds 
DeadEndKev: checks 
*** FLOP *** [Qs Kh Jd]
DeadEndKev: checks 
bender2312: checks 
*** TURN *** [Qs Kh Jd] [Ac]
DeadEndKev: checks 
bender2312: checks 
*** RIVER *** [Qs Kh Jd Ac] [Qh]
DeadEndKev: checks 
bender2312: checks 
*** SHOW DOWN ***
DeadEndKev: shows [6h 2h] (a pair of Queens)
bender2312: shows [Ad 5d] (two pair, Aces and Queens)
bender2312 collected $0.60 from pot
*** SUMMARY ***
Total pot $0.60 | Rake $0 
Board [Qs Kh Jd Ac Qh]
Seat 1: Phreakish120 folded before Flop (didn't bet)
Seat 2: Mecanik84 folded before Flop (didn't bet)
Seat 3: joshil3 folded before Flop (didn't bet)
Seat 4: ladyluck1124 (button) folded before Flop (didn't bet)
Seat 5: FARPCOL (small blind) folded before Flop
Seat 6: DeadEndKev (big blind) showed [6h 2h] and lost with a pair of Queens
Seat 7: bender2312 showed [Ad 5d] and won ($0.60) with two pair, Aces and Queens
Seat 8: Alameda22 folded before Flop (didn't bet)
Seat 9: bagnus folded before Flop (didn't bet)



PokerStars Game #20082621110:  Hold'em No Limit ($0.10/$0.25) - 2008/09/02 - 00:03:39 (ET)
Table 'Euaimon' 9-max Seat #5 is the button
Seat 1: Phreakish120 ($14.85 in chips) 
Seat 2: Mecanik84 ($11.75 in chips) 
Seat 3: joshil3 ($25 in chips) 
Seat 4: ladyluck1124 ($69.15 in chips) 
Seat 5: FARPCOL ($31.95 in chips) 
Seat 6: DeadEndKev ($67.25 in chips) 
Seat 7: bender2312 ($20.70 in chips) 
Seat 8: Alameda22 ($24.90 in chips) 
Seat 9: bagnus ($32.85 in chips) 
DeadEndKev: posts small blind $0.10
bender2312: posts big blind $0.25
*** HOLE CARDS ***
Dealt to Alameda22 [6c 7d]
Alameda22: folds 
bagnus: folds 
Phreakish120: calls $0.25
Mecanik84: calls $0.25
joshil3: folds 
ladyluck1124: folds 
FARPCOL: folds 
DeadEndKev: folds 
bender2312: checks 
*** FLOP *** [8d Th Ts]
bender2312: bets $0.75
Phreakish120: folds 
Mecanik84: folds 
Uncalled bet ($0.75) returned to bender2312
Phreakish120 leaves the table
bender2312 collected $0.85 from pot
*** SUMMARY ***
Total pot $0.85 | Rake $0 
Board [8d Th Ts]
Seat 1: Phreakish120 folded on the Flop
Seat 2: Mecanik84 folded on the Flop
Seat 3: joshil3 folded before Flop (didn't bet)
Seat 4: ladyluck1124 folded before Flop (didn't bet)
Seat 5: FARPCOL (button) folded before Flop (didn't bet)
Seat 6: DeadEndKev (small blind) folded before Flop
Seat 7: bender2312 (big blind) collected ($0.85)
Seat 8: Alameda22 folded before Flop (didn't bet)
Seat 9: bagnus folded before Flop (didn't bet)



PokerStars Game #20082639622:  Hold'em No Limit ($0.10/$0.25) - 2008/09/02 - 00:04:45 (ET)
Table 'Euaimon' 9-max Seat #6 is the button
Seat 2: Mecanik84 ($11.50 in chips) 
Seat 3: joshil3 ($25 in chips) 
Seat 4: ladyluck1124 ($69.15 in chips) 
Seat 5: FARPCOL ($31.95 in chips) 
Seat 6: DeadEndKev ($67.15 in chips) 
Seat 7: bender2312 ($21.30 in chips) 
Seat 8: Alameda22 ($24.90 in chips) 
Seat 9: bagnus ($32.85 in chips) 
bender2312: posts small blind $0.10
Alameda22: posts big blind $0.25
*** HOLE CARDS ***
Dealt to Alameda22 [2d 2s]
bagnus: folds 
Mecanik84: folds 
joshil3: raises $0.75 to $1
ladyluck1124: folds 
FARPCOL: folds 
DeadEndKev: folds 
bender2312: folds 
Alameda22: folds 
Uncalled bet ($0.75) returned to joshil3
joshil3 collected $0.60 from pot
joshil3: doesn't show hand 
*** SUMMARY ***
Total pot $0.60 | Rake $0 
Seat 2: Mecanik84 folded before Flop (didn't bet)
Seat 3: joshil3 collected ($0.60)
Seat 4: ladyluck1124 folded before Flop (didn't bet)
Seat 5: FARPCOL folded before Flop (didn't bet)
Seat 6: DeadEndKev (button) folded before Flop (didn't bet)
Seat 7: bender2312 (small blind) folded before Flop
Seat 8: Alameda22 (big blind) folded before Flop
Seat 9: bagnus folded before Flop (didn't bet)



PokerStars Game #20082653016:  Hold'em No Limit ($0.10/$0.25) - 2008/09/02 - 00:05:33 (ET)
Table 'Euaimon' 9-max Seat #7 is the button
Seat 2: Mecanik84 ($11.50 in chips) 
Seat 3: joshil3 ($25.35 in chips) 
Seat 4: ladyluck1124 ($69.15 in chips) 
Seat 5: FARPCOL ($31.95 in chips) 
Seat 6: DeadEndKev ($67.15 in chips) 
Seat 7: bender2312 ($21.20 in chips) 
Seat 8: Alameda22 ($24.65 in chips) 
Alameda22: posts small blind $0.10
bagnus: is sitting out 
bagnus leaves the table
Mecanik84: posts big blind $0.25
*** HOLE CARDS ***
Dealt to Alameda22 [8c Ks]
joshil3: folds 
ladyluck1124: folds 
FARPCOL: folds 
DeadEndKev: folds 
bender2312: folds 
Alameda22: folds 
Uncalled bet ($0.15) returned to Mecanik84
Mecanik84 collected $0.20 from pot
Mecanik84: doesn't show hand 
*** SUMMARY ***
Total pot $0.20 | Rake $0 
Seat 2: Mecanik84 (big blind) collected ($0.20)
Seat 3: joshil3 folded before Flop (didn't bet)
Seat 4: ladyluck1124 folded before Flop (didn't bet)
Seat 5: FARPCOL folded before Flop (didn't bet)
Seat 6: DeadEndKev folded before Flop (didn't bet)
Seat 7: bender2312 (button) folded before Flop (didn't bet)
Seat 8: Alameda22 (small blind) folded before Flop



PokerStars Game #20082667294:  Hold'em No Limit ($0.10/$0.25) - 2008/09/02 - 00:06:24 (ET)
Table 'Euaimon' 9-max Seat #8 is the button
Seat 2: Mecanik84 ($11.60 in chips) 
Seat 3: joshil3 ($25.35 in chips) 
Seat 4: ladyluck1124 ($69.15 in chips) 
Seat 5: FARPCOL ($31.95 in chips) 
Seat 6: DeadEndKev ($67.15 in chips) 
Seat 7: bender2312 ($21.20 in chips) 
Seat 8: Alameda22 ($24.55 in chips) 
Mecanik84: posts small blind $0.10
joshil3: posts big blind $0.25
*** HOLE CARDS ***
Dealt to Alameda22 [Jc Ks]
ladyluck1124: folds 
FARPCOL: folds 
DeadEndKev: folds 
bender2312: folds 
Alameda22: folds 
Mecanik84: calls $0.15
joshil3: checks 
*** FLOP *** [6s 7s 9h]
Mecanik84: checks 
joshil3: checks 
*** TURN *** [6s 7s 9h] [Jh]
Mecanik84 said, "hey josh, trying to get closer to my chips"
Mecanik84: checks 
sheets10 joins the table at seat #1 
joshil3: checks 
*** RIVER *** [6s 7s 9h Jh] [3c]
Mecanik84: checks 
joshil3: checks 
*** SHOW DOWN ***
Mecanik84: shows [Qs 8s] (high card Queen)
joshil3: shows [Th 7c] (a pair of Sevens)
joshil3 collected $0.50 from pot
*** SUMMARY ***
Total pot $0.50 | Rake $0 
Board [6s 7s 9h Jh 3c]
Seat 2: Mecanik84 (small blind) showed [Qs 8s] and lost with high card Queen
Seat 3: joshil3 (big blind) showed [Th 7c] and won ($0.50) with a pair of Sevens
Seat 4: ladyluck1124 folded before Flop (didn't bet)
Seat 5: FARPCOL folded before Flop (didn't bet)
Seat 6: DeadEndKev folded before Flop (didn't bet)
Seat 7: bender2312 folded before Flop (didn't bet)
Seat 8: Alameda22 (button) folded before Flop (didn't bet)



PokerStars Game #20082688859:  Hold'em No Limit ($0.10/$0.25) - 2008/09/02 - 00:07:42 (ET)
Table 'Euaimon' 9-max Seat #2 is the button
Seat 1: sheets10 ($7.95 in chips) 
Seat 2: Mecanik84 ($11.35 in chips) 
Seat 3: joshil3 ($25.60 in chips) 
Seat 4: ladyluck1124 ($69.15 in chips) 
Seat 5: FARPCOL ($31.95 in chips) 
Seat 6: DeadEndKev ($67.15 in chips) 
Seat 7: bender2312 ($21.20 in chips) 
Seat 8: Alameda22 ($24.55 in chips) 
joshil3: posts small blind $0.10
ladyluck1124: posts big blind $0.25
Mecanik84 said, "makes it easier for me to give them to you"
sheets10: posts big blind $0.25
*** HOLE CARDS ***
Dealt to Alameda22 [9c 5d]
FARPCOL: folds 
DeadEndKev: folds 
bender2312: folds 
Alameda22: folds 
sheets10: checks 
Mecanik84: raises $0.75 to $1
joshil3: folds 
ladyluck1124: folds 
sheets10: folds 
Uncalled bet ($0.75) returned to Mecanik84
Mecanik84 collected $0.85 from pot
Mecanik84: doesn't show hand 
*** SUMMARY ***
Total pot $0.85 | Rake $0 
Seat 1: sheets10 folded before Flop
Seat 2: Mecanik84 (button) collected ($0.85)
Seat 3: joshil3 (small blind) folded before Flop
Seat 4: ladyluck1124 (big blind) folded before Flop
Seat 5: FARPCOL folded before Flop (didn't bet)
Seat 6: DeadEndKev folded before Flop (didn't bet)
Seat 7: bender2312 folded before Flop (didn't bet)
Seat 8: Alameda22 folded before Flop (didn't bet)



PokerStars Game #20082708212:  Hold'em No Limit ($0.10/$0.25) - 2008/09/02 - 00:08:52 (ET)
Table 'Euaimon' 9-max Seat #3 is the button
Seat 1: sheets10 ($7.70 in chips) 
Seat 2: Mecanik84 ($11.95 in chips) 
Seat 3: joshil3 ($25.50 in chips) 
Seat 4: ladyluck1124 ($68.90 in chips) 
Seat 5: FARPCOL ($31.95 in chips) 
Seat 6: DeadEndKev ($67.15 in chips) 
Seat 7: bender2312 ($21.20 in chips) 
Seat 8: Alameda22 ($24.55 in chips) 
ladyluck1124: posts small blind $0.10
FARPCOL: posts big blind $0.25
*** HOLE CARDS ***
Dealt to Alameda22 [7s 2c]
DeadEndKev: folds 
bender2312: raises $1 to $1.25
Alameda22: folds 
sheets10: folds 
Mecanik84: calls $1.25
joshil3: folds 
ladyluck1124: folds 
FARPCOL: calls $1
*** FLOP *** [9c 3s 5h]
Sask Al joins the table at seat #9 
FARPCOL: checks 
bender2312: checks 
Mecanik84: checks 
*** TURN *** [9c 3s 5h] [6s]
FARPCOL: checks 
bender2312: checks 
Mecanik84: checks 
*** RIVER *** [9c 3s 5h 6s] [Qc]
FARPCOL: checks 
bender2312: checks 
Mecanik84: bets $1
FARPCOL: folds 
bender2312: folds 
Uncalled bet ($1) returned to Mecanik84
Mecanik84 collected $3.70 from pot
Mecanik84: doesn't show hand 
*** SUMMARY ***
Total pot $3.85 | Rake $0.15 
Board [9c 3s 5h 6s Qc]
Seat 1: sheets10 folded before Flop (didn't bet)
Seat 2: Mecanik84 collected ($3.70)
Seat 3: joshil3 (button) folded before Flop (didn't bet)
Seat 4: ladyluck1124 (small blind) folded before Flop
Seat 5: FARPCOL (big blind) folded on the River
Seat 6: DeadEndKev folded before Flop (didn't bet)
Seat 7: bender2312 folded on the River
Seat 8: Alameda22 folded before Flop (didn't bet)



PokerStars Game #20082738073:  Hold'em No Limit ($0.10/$0.25) - 2008/09/02 - 00:10:41 (ET)
Table 'Euaimon' 9-max Seat #4 is the button
Seat 1: sheets10 ($7.70 in chips) 
Seat 2: Mecanik84 ($14.40 in chips) 
Seat 3: joshil3 ($25.50 in chips) 
Seat 4: ladyluck1124 ($68.80 in chips) 
Seat 5: FARPCOL ($30.70 in chips) 
Seat 6: DeadEndKev ($67.15 in chips) 
Seat 7: bender2312 ($19.95 in chips) 
Seat 8: Alameda22 ($24.55 in chips) 
Seat 9: Sask Al ($25 in chips) 
FARPCOL: posts small blind $0.10
DeadEndKev: posts big blind $0.25
Sask Al: posts big blind $0.25
*** HOLE CARDS ***
Dealt to Alameda22 [8h Ts]
bender2312: folds 
Alameda22: folds 
Sask Al: checks 
sheets10: folds 
Mecanik84: folds 
joshil3: folds 
ladyluck1124: folds 
FARPCOL: calls $0.15
DeadEndKev: checks 
*** FLOP *** [7s 3s 5c]
FARPCOL: checks 
DeadEndKev: checks 
Sask Al: checks 
*** TURN *** [7s 3s 5c] [4d]
FARPCOL: checks 
DeadEndKev: checks 
Sask Al: bets $0.50
FARPCOL: folds 
DeadEndKev: folds 
Uncalled bet ($0.50) returned to Sask Al
Sask Al collected $0.75 from pot
Sask Al: doesn't show hand 
*** SUMMARY ***
Total pot $0.75 | Rake $0 
Board [7s 3s 5c 4d]
Seat 1: sheets10 folded before Flop (didn't bet)
Seat 2: Mecanik84 folded before Flop (didn't bet)
Seat 3: joshil3 folded before Flop (didn't bet)
Seat 4: ladyluck1124 (button) folded before Flop (didn't bet)
Seat 5: FARPCOL (small blind) folded on the Turn
Seat 6: DeadEndKev (big blind) folded on the Turn
Seat 7: bender2312 folded before Flop (didn't bet)
Seat 8: Alameda22 folded before Flop (didn't bet)
Seat 9: Sask Al collected ($0.75)



PokerStars Game #20082764677:  Hold'em No Limit ($0.10/$0.25) - 2008/09/02 - 00:12:19 (ET)
Table 'Euaimon' 9-max Seat #5 is the button
Seat 1: sheets10 ($7.70 in chips) 
Seat 2: Mecanik84 ($14.40 in chips) 
Seat 3: joshil3 ($25.50 in chips) 
Seat 4: ladyluck1124 ($68.80 in chips) 
Seat 5: FARPCOL ($30.45 in chips) 
Seat 6: DeadEndKev ($66.90 in chips) 
Seat 7: bender2312 ($19.95 in chips) 
Seat 8: Alameda22 ($24.55 in chips) 
Seat 9: Sask Al ($25.50 in chips) 
DeadEndKev: posts small blind $0.10
bender2312: posts big blind $0.25
*** HOLE CARDS ***
Dealt to Alameda22 [7h Kd]
Alameda22: folds 
Sask Al: calls $0.25
sheets10: folds 
Mecanik84: calls $0.25
joshil3: folds 
ladyluck1124: folds 
FARPCOL: folds 
DeadEndKev: calls $0.15
bender2312: checks 
*** FLOP *** [Ah 3c Js]
DeadEndKev: checks 
bender2312: bets $1
Sask Al: folds 
Mecanik84: folds 
DeadEndKev: folds 
Uncalled bet ($1) returned to bender2312
bender2312 collected $0.95 from pot
bender2312: doesn't show hand 
*** SUMMARY ***
Total pot $1 | Rake $0.05 
Board [Ah 3c Js]
Seat 1: sheets10 folded before Flop (didn't bet)
Seat 2: Mecanik84 folded on the Flop
Seat 3: joshil3 folded before Flop (didn't bet)
Seat 4: ladyluck1124 folded before Flop (didn't bet)
Seat 5: FARPCOL (button) folded before Flop (didn't bet)
Seat 6: DeadEndKev (small blind) folded on the Flop
Seat 7: bender2312 (big blind) collected ($0.95)
Seat 8: Alameda22 folded before Flop (didn't bet)
Seat 9: Sask Al folded on the Flop



PokerStars Game #20082787136:  Hold'em No Limit ($0.10/$0.25) - 2008/09/02 - 00:13:42 (ET)
Table 'Euaimon' 9-max Seat #6 is the button
Seat 1: sheets10 ($7.70 in chips) 
Seat 2: Mecanik84 ($14.15 in chips) 
Seat 3: joshil3 ($25.50 in chips) 
Seat 4: ladyluck1124 ($68.80 in chips) 
Seat 5: FARPCOL ($30.45 in chips) 
Seat 6: DeadEndKev ($66.65 in chips) 
Seat 7: bender2312 ($20.65 in chips) 
Seat 8: Alameda22 ($24.55 in chips) 
Seat 9: Sask Al ($25.25 in chips) 
bender2312: posts small blind $0.10
Alameda22: posts big blind $0.25
*** HOLE CARDS ***
Dealt to Alameda22 [4s 6c]
Sask Al: folds 
sheets10: calls $0.25
Mecanik84: folds 
joshil3: folds 
ladyluck1124: folds 
FARPCOL: folds 
DeadEndKev: folds 
bender2312: folds 
Alameda22: checks 
*** FLOP *** [4d 9h 7d]
Alameda22: checks 
sheets10: bets $0.50
Alameda22: folds 
Uncalled bet ($0.50) returned to sheets10
sheets10 collected $0.60 from pot
sheets10: doesn't show hand 
*** SUMMARY ***
Total pot $0.60 | Rake $0 
Board [4d 9h 7d]
Seat 1: sheets10 collected ($0.60)
Seat 2: Mecanik84 folded before Flop (didn't bet)
Seat 3: joshil3 folded before Flop (didn't bet)
Seat 4: ladyluck1124 folded before Flop (didn't bet)
Seat 5: FARPCOL folded before Flop (didn't bet)
Seat 6: DeadEndKev (button) folded before Flop (didn't bet)
Seat 7: bender2312 (small blind) folded before Flop
Seat 8: Alameda22 (big blind) folded on the Flop
Seat 9: Sask Al folded before Flop (didn't bet)



PokerStars Game #20082804254:  Hold'em No Limit ($0.10/$0.25) - 2008/09/02 - 00:14:46 (ET)
Table 'Euaimon' 9-max Seat #7 is the button
Seat 1: sheets10 ($8.05 in chips) 
Seat 2: Mecanik84 ($14.15 in chips) 
Seat 3: joshil3 ($25.50 in chips) 
Seat 4: ladyluck1124 ($68.80 in chips) 
Seat 5: FARPCOL ($30.45 in chips) 
Seat 6: DeadEndKev ($66.65 in chips) 
Seat 7: bender2312 ($20.55 in chips) 
Seat 8: Alameda22 ($24.30 in chips) 
Seat 9: Sask Al ($25.25 in chips) 
Alameda22: posts small blind $0.10
Sask Al: posts big blind $0.25
*** HOLE CARDS ***
Dealt to Alameda22 [Qh 9h]
sheets10: calls $0.25
Mecanik84: folds 
joshil3: folds 
ladyluck1124: folds 
FARPCOL: raises $1 to $1.25
DeadEndKev: folds 
bender2312: calls $1.25
Alameda22: folds 
Sask Al: folds 
sheets10: folds 
*** FLOP *** [2d Th 3s]
FARPCOL: bets $1.75
bender2312: folds 
Uncalled bet ($1.75) returned to FARPCOL
FARPCOL collected $2.95 from pot
FARPCOL: doesn't show hand 
*** SUMMARY ***
Total pot $3.10 | Rake $0.15 
Board [2d Th 3s]
Seat 1: sheets10 folded before Flop
Seat 2: Mecanik84 folded before Flop (didn't bet)
Seat 3: joshil3 folded before Flop (didn't bet)
Seat 4: ladyluck1124 folded before Flop (didn't bet)
Seat 5: FARPCOL collected ($2.95)
Seat 6: DeadEndKev folded before Flop (didn't bet)
Seat 7: bender2312 (button) folded on the Flop
Seat 8: Alameda22 (small blind) folded before Flop
Seat 9: Sask Al (big blind) folded before Flop



PokerStars Game #20082818236:  Hold'em No Limit ($0.10/$0.25) - 2008/09/02 - 00:15:39 (ET)
Table 'Euaimon' 9-max Seat #8 is the button
Seat 1: sheets10 ($7.80 in chips) 
Seat 2: Mecanik84 ($14.15 in chips) 
Seat 3: joshil3 ($25.50 in chips) 
Seat 4: ladyluck1124 ($68.80 in chips) 
Seat 5: FARPCOL ($32.15 in chips) 
Seat 6: DeadEndKev ($66.65 in chips) 
Seat 7: bender2312 ($19.30 in chips) 
Seat 8: Alameda22 ($24.20 in chips) 
Seat 9: Sask Al ($25 in chips) 
Sask Al: posts small blind $0.10
sheets10: posts big blind $0.25
*** HOLE CARDS ***
Dealt to Alameda22 [Th 3c]
Mecanik84: raises $0.50 to $0.75
joshil3: folds 
ladyluck1124: folds 
FARPCOL: raises $2 to $2.75
DeadEndKev: folds 
bender2312: folds 
Alameda22: folds 
Sask Al: folds 
sheets10: folds 
Mecanik84: calls $2
*** FLOP *** [6s Td 9s]
Mecanik84: checks 
FARPCOL: bets $3
Mecanik84: calls $3
*** TURN *** [6s Td 9s] [8s]
Mecanik84: checks 
FARPCOL: checks 
*** RIVER *** [6s Td 9s 8s] [Ah]
Mecanik84: bets $3.50
FARPCOL: calls $3.50
*** SHOW DOWN ***
Mecanik84: shows [Js As] (a flush, Ace high)
FARPCOL: mucks hand 
Mecanik84 collected $17.95 from pot
*** SUMMARY ***
Total pot $18.85 | Rake $0.90 
Board [6s Td 9s 8s Ah]
Seat 1: sheets10 (big blind) folded before Flop
Seat 2: Mecanik84 showed [Js As] and won ($17.95) with a flush, Ace high
Seat 3: joshil3 folded before Flop (didn't bet)
Seat 4: ladyluck1124 folded before Flop (didn't bet)
Seat 5: FARPCOL mucked [Ad Kc]
Seat 6: DeadEndKev folded before Flop (didn't bet)
Seat 7: bender2312 folded before Flop (didn't bet)
Seat 8: Alameda22 (button) folded before Flop (didn't bet)
Seat 9: Sask Al (small blind) folded before Flop



PokerStars Game #20082842840:  Hold'em No Limit ($0.10/$0.25) - 2008/09/02 - 00:17:12 (ET)
Table 'Euaimon' 9-max Seat #9 is the button
Seat 1: sheets10 ($7.55 in chips) 
Seat 2: Mecanik84 ($22.85 in chips) 
Seat 3: joshil3 ($25.50 in chips) 
Seat 4: ladyluck1124 ($68.80 in chips) 
Seat 5: FARPCOL ($25 in chips) 
Seat 6: DeadEndKev ($66.65 in chips) 
Seat 7: bender2312 ($19.30 in chips) 
Seat 8: Alameda22 ($24.20 in chips) 
Seat 9: Sask Al ($24.90 in chips) 
sheets10: posts small blind $0.10
Mecanik84: posts big blind $0.25
*** HOLE CARDS ***
Dealt to Alameda22 [3s Ks]
joshil3: folds 
ladyluck1124: folds 
FARPCOL: folds 
DeadEndKev: folds 
bender2312: folds 
Alameda22: folds 
Sask Al: calls $0.25
sheets10: calls $0.15
Mecanik84: checks 
*** FLOP *** [6d 8c Jd]
sheets10: bets $0.50
Mecanik84: calls $0.50
Sask Al: calls $0.50
*** TURN *** [6d 8c Jd] [9s]
sheets10: checks 
Mecanik84: bets $1.25
Sask Al: folds 
sheets10: folds 
Uncalled bet ($1.25) returned to Mecanik84
Mecanik84 collected $2.15 from pot
Mecanik84: doesn't show hand 
*** SUMMARY ***
Total pot $2.25 | Rake $0.10 
Board [6d 8c Jd 9s]
Seat 1: sheets10 (small blind) folded on the Turn
Seat 2: Mecanik84 (big blind) collected ($2.15)
Seat 3: joshil3 folded before Flop (didn't bet)
Seat 4: ladyluck1124 folded before Flop (didn't bet)
Seat 5: FARPCOL folded before Flop (didn't bet)
Seat 6: DeadEndKev folded before Flop (didn't bet)
Seat 7: bender2312 folded before Flop (didn't bet)
Seat 8: Alameda22 folded before Flop (didn't bet)
Seat 9: Sask Al (button) folded on the Turn



PokerStars Game #20082861041:  Hold'em No Limit ($0.10/$0.25) - 2008/09/02 - 00:18:20 (ET)
Table 'Euaimon' 9-max Seat #1 is the button
Seat 1: sheets10 ($6.80 in chips) 
Seat 2: Mecanik84 ($24.25 in chips) 
Seat 3: joshil3 ($25.50 in chips) 
Seat 4: ladyluck1124 ($68.80 in chips) 
Seat 5: FARPCOL ($25 in chips) 
Seat 6: DeadEndKev ($66.65 in chips) 
Seat 7: bender2312 ($19.30 in chips) 
Seat 8: Alameda22 ($24.20 in chips) 
Seat 9: Sask Al ($24.15 in chips) 
Mecanik84: posts small blind $0.10
joshil3: posts big blind $0.25
*** HOLE CARDS ***
Dealt to Alameda22 [9h 8h]
ladyluck1124: calls $0.25
FARPCOL: folds 
DeadEndKev: folds 
bender2312: folds 
Alameda22: calls $0.25
Sask Al: calls $0.25
sheets10: calls $0.25
Mecanik84: calls $0.15
joshil3: checks 
*** FLOP *** [Ts 3d 6c]
Mecanik84: checks 
joshil3: checks 
ladyluck1124: checks 
Alameda22: checks 
Sask Al: bets $1
sheets10: folds 
Mecanik84: folds 
joshil3: folds 
ladyluck1124: folds 
Alameda22: folds 
Uncalled bet ($1) returned to Sask Al
Sask Al collected $1.45 from pot
Sask Al: doesn't show hand 
*** SUMMARY ***
Total pot $1.50 | Rake $0.05 
Board [Ts 3d 6c]
Seat 1: sheets10 (button) folded on the Flop
Seat 2: Mecanik84 (small blind) folded on the Flop
Seat 3: joshil3 (big blind) folded on the Flop
Seat 4: ladyluck1124 folded on the Flop
Seat 5: FARPCOL folded before Flop (didn't bet)
Seat 6: DeadEndKev folded before Flop (didn't bet)
Seat 7: bender2312 folded before Flop (didn't bet)
Seat 8: Alameda22 folded on the Flop
Seat 9: Sask Al collected ($1.45)



PokerStars Game #20082887381:  Hold'em No Limit ($0.10/$0.25) - 2008/09/02 - 00:19:59 (ET)
Table 'Euaimon' 9-max Seat #2 is the button
Seat 1: sheets10 ($6.55 in chips) 
Seat 2: Mecanik84 ($24 in chips) 
Seat 3: joshil3 ($25.25 in chips) 
Seat 4: ladyluck1124 ($68.55 in chips) 
Seat 5: FARPCOL ($25 in chips) 
Seat 6: DeadEndKev ($66.65 in chips) 
Seat 7: bender2312 ($19.30 in chips) 
Seat 8: Alameda22 ($23.95 in chips) 
Seat 9: Sask Al ($25.35 in chips) 
joshil3: posts small blind $0.10
ladyluck1124: posts big blind $0.25
*** HOLE CARDS ***
Dealt to Alameda22 [2d Js]
FARPCOL: folds 
DeadEndKev: folds 
bender2312: folds 
Alameda22: folds 
Sask Al: folds 
sheets10: raises $0.25 to $0.50
Mecanik84: calls $0.50
joshil3: raises $2.25 to $2.75
ladyluck1124: folds 
sheets10: calls $2.25
Mecanik84: folds 
*** FLOP *** [3s Tc 7c]
joshil3: bets $4.25
sheets10: calls $3.80 and is all-in
Uncalled bet ($0.45) returned to joshil3
*** TURN *** [3s Tc 7c] [Ad]
*** RIVER *** [3s Tc 7c Ad] [Kh]
*** SHOW DOWN ***
joshil3: shows [Jc Jd] (a pair of Jacks)
sheets10: shows [Ac Qs] (a pair of Aces)
sheets10 collected $13.20 from pot
joshil3 said, "lol"
*** SUMMARY ***
Total pot $13.85 | Rake $0.65 
Board [3s Tc 7c Ad Kh]
Seat 1: sheets10 showed [Ac Qs] and won ($13.20) with a pair of Aces
Seat 2: Mecanik84 (button) folded before Flop
Seat 3: joshil3 (small blind) showed [Jc Jd] and lost with a pair of Jacks
Seat 4: ladyluck1124 (big blind) folded before Flop
Seat 5: FARPCOL folded before Flop (didn't bet)
Seat 6: DeadEndKev folded before Flop (didn't bet)
Seat 7: bender2312 folded before Flop (didn't bet)
Seat 8: Alameda22 folded before Flop (didn't bet)
Seat 9: Sask Al folded before Flop (didn't bet)



PokerStars Game #20082908369:  Hold'em No Limit ($0.10/$0.25) - 2008/09/02 - 00:21:20 (ET)
Table 'Euaimon' 9-max Seat #3 is the button
Seat 1: sheets10 ($13.20 in chips) 
Seat 2: Mecanik84 ($23.50 in chips) 
Seat 3: joshil3 ($18.70 in chips) 
Seat 4: ladyluck1124 ($68.30 in chips) 
Seat 5: FARPCOL ($25 in chips) 
Seat 6: DeadEndKev ($66.65 in chips) 
Seat 7: bender2312 ($19.30 in chips) 
Seat 8: Alameda22 ($23.95 in chips) 
Seat 9: Sask Al ($25.35 in chips) 
ladyluck1124: posts small blind $0.10
FARPCOL: posts big blind $0.25
*** HOLE CARDS ***
Dealt to Alameda22 [9s Ts]
DeadEndKev: calls $0.25
bender2312: folds 
Alameda22: folds 
Sask Al: folds 
sheets10: calls $0.25
Mecanik84: folds 
joshil3: folds 
ladyluck1124: folds 
FARPCOL: checks 
*** FLOP *** [8s Qh Ks]
FARPCOL: checks 
DeadEndKev: checks 
sheets10: checks 
*** TURN *** [8s Qh Ks] [7c]
FARPCOL: checks 
DeadEndKev: checks 
sheets10: bets $0.50
FARPCOL: folds 
DeadEndKev: folds 
Uncalled bet ($0.50) returned to sheets10
sheets10 collected $0.85 from pot
sheets10: doesn't show hand 
*** SUMMARY ***
Total pot $0.85 | Rake $0 
Board [8s Qh Ks 7c]
Seat 1: sheets10 collected ($0.85)
Seat 2: Mecanik84 folded before Flop (didn't bet)
Seat 3: joshil3 (button) folded before Flop (didn't bet)
Seat 4: ladyluck1124 (small blind) folded before Flop
Seat 5: FARPCOL (big blind) folded on the Turn
Seat 6: DeadEndKev folded on the Turn
Seat 7: bender2312 folded before Flop (didn't bet)
Seat 8: Alameda22 folded before Flop (didn't bet)
Seat 9: Sask Al folded before Flop (didn't bet)



PokerStars Game #20082925064:  Hold'em No Limit ($0.10/$0.25) - 2008/09/02 - 00:22:25 (ET)
Table 'Euaimon' 9-max Seat #4 is the button
Seat 1: sheets10 ($13.80 in chips) 
Seat 2: Mecanik84 ($23.50 in chips) 
Seat 3: joshil3 ($25 in chips) 
Seat 4: ladyluck1124 ($68.20 in chips) 
Seat 5: FARPCOL ($24.75 in chips) 
Seat 6: DeadEndKev ($66.40 in chips) 
Seat 7: bender2312 ($19.30 in chips) 
Seat 8: Alameda22 ($23.95 in chips) 
Seat 9: Sask Al ($25.35 in chips) 
FARPCOL: posts small blind $0.10
DeadEndKev: posts big blind $0.25
*** HOLE CARDS ***
Dealt to Alameda22 [Jd 9h]
bender2312: folds 
Alameda22: folds 
Sask Al: calls $0.25
sheets10: raises $0.50 to $0.75
Mecanik84: folds 
joshil3: folds 
ladyluck1124: calls $0.75
FARPCOL: folds 
DeadEndKev: folds 
Sask Al: calls $0.50
*** FLOP *** [7d Qd 2s]
Sask Al: checks 
sheets10: bets $0.75
ladyluck1124: folds 
Sask Al: folds 
Uncalled bet ($0.75) returned to sheets10
sheets10 collected $2.50 from pot
sheets10: doesn't show hand 
*** SUMMARY ***
Total pot $2.60 | Rake $0.10 
Board [7d Qd 2s]
Seat 1: sheets10 collected ($2.50)
Seat 2: Mecanik84 folded before Flop (didn't bet)
Seat 3: joshil3 folded before Flop (didn't bet)
Seat 4: ladyluck1124 (button) folded on the Flop
Seat 5: FARPCOL (small blind) folded before Flop
Seat 6: DeadEndKev (big blind) folded before Flop
Seat 7: bender2312 folded before Flop (didn't bet)
Seat 8: Alameda22 folded before Flop (didn't bet)
Seat 9: Sask Al folded on the Flop



PokerStars Game #20082936706:  Hold'em No Limit ($0.10/$0.25) - 2008/09/02 - 00:23:09 (ET)
Table 'Euaimon' 9-max Seat #5 is the button
Seat 1: sheets10 ($15.55 in chips) 
Seat 2: Mecanik84 ($23.50 in chips) 
Seat 3: joshil3 ($25 in chips) 
Seat 4: ladyluck1124 ($67.45 in chips) 
Seat 5: FARPCOL ($24.65 in chips) 
Seat 6: DeadEndKev ($66.15 in chips) 
Seat 7: bender2312 ($19.30 in chips) 
Seat 8: Alameda22 ($23.95 in chips) 
Seat 9: Sask Al ($24.60 in chips) 
DeadEndKev: posts small blind $0.10
bender2312: posts big blind $0.25
*** HOLE CARDS ***
Dealt to Alameda22 [Jh 2d]
Alameda22: folds 
Sask Al: folds 
sheets10: calls $0.25
Mecanik84: folds 
joshil3: folds 
ladyluck1124: folds 
FARPCOL: folds 
DeadEndKev: calls $0.15
bender2312: checks 
*** FLOP *** [Kd Qh 7h]
DeadEndKev: checks 
bender2312: checks 
sheets10: bets $0.75
DeadEndKev: folds 
bender2312: folds 
Uncalled bet ($0.75) returned to sheets10
sheets10 collected $0.75 from pot
sheets10: doesn't show hand 
*** SUMMARY ***
Total pot $0.75 | Rake $0 
Board [Kd Qh 7h]
Seat 1: sheets10 collected ($0.75)
Seat 2: Mecanik84 folded before Flop (didn't bet)
Seat 3: joshil3 folded before Flop (didn't bet)
Seat 4: ladyluck1124 folded before Flop (didn't bet)
Seat 5: FARPCOL (button) folded before Flop (didn't bet)
Seat 6: DeadEndKev (small blind) folded on the Flop
Seat 7: bender2312 (big blind) folded on the Flop
Seat 8: Alameda22 folded before Flop (didn't bet)
Seat 9: Sask Al folded before Flop (didn't bet)



PokerStars Game #20082963071:  Hold'em No Limit ($0.10/$0.25) - 2008/09/02 - 00:24:50 (ET)
Table 'Euaimon' 9-max Seat #6 is the button
Seat 1: sheets10 ($16.05 in chips) 
Seat 2: Mecanik84 ($23.50 in chips) 
Seat 3: joshil3 ($25 in chips) 
Seat 4: ladyluck1124 ($67.45 in chips) 
Seat 5: FARPCOL ($24.65 in chips) 
Seat 6: DeadEndKev ($65.90 in chips) 
Seat 7: bender2312 ($19.05 in chips) 
Seat 8: Alameda22 ($23.95 in chips) 
Seat 9: Sask Al ($24.60 in chips) 
bender2312: posts small blind $0.10
Alameda22: posts big blind $0.25
*** HOLE CARDS ***
Dealt to Alameda22 [6c 9s]
Sask Al: folds 
sheets10: folds 
Mecanik84: folds 
joshil3: folds 
ladyluck1124: folds 
FARPCOL: folds 
DeadEndKev: folds 
bender2312: folds 
Uncalled bet ($0.15) returned to Alameda22
Alameda22 collected $0.20 from pot
Alameda22: doesn't show hand 
*** SUMMARY ***
Total pot $0.20 | Rake $0 
Seat 1: sheets10 folded before Flop (didn't bet)
Seat 2: Mecanik84 folded before Flop (didn't bet)
Seat 3: joshil3 folded before Flop (didn't bet)
Seat 4: ladyluck1124 folded before Flop (didn't bet)
Seat 5: FARPCOL folded before Flop (didn't bet)
Seat 6: DeadEndKev (button) folded before Flop (didn't bet)
Seat 7: bender2312 (small blind) folded before Flop
Seat 8: Alameda22 (big blind) collected ($0.20)
Seat 9: Sask Al folded before Flop (didn't bet)



PokerStars Game #20082969014:  Hold'em No Limit ($0.10/$0.25) - 2008/09/02 - 00:25:13 (ET)
Table 'Euaimon' 9-max Seat #7 is the button
Seat 1: sheets10 ($16.05 in chips) 
Seat 2: Mecanik84 ($23.50 in chips) 
Seat 3: joshil3 ($25 in chips) 
Seat 4: ladyluck1124 ($67.45 in chips) 
Seat 5: FARPCOL ($24.65 in chips) 
Seat 6: DeadEndKev ($65.90 in chips) 
Seat 7: bender2312 ($18.95 in chips) 
Seat 8: Alameda22 ($24.05 in chips) 
Seat 9: Sask Al ($24.60 in chips) 
Alameda22: posts small blind $0.10
Sask Al: posts big blind $0.25
*** HOLE CARDS ***
Dealt to Alameda22 [4h Kc]
sheets10: folds 
Mecanik84: calls $0.25
joshil3: calls $0.25
ladyluck1124: folds 
FARPCOL: raises $1.25 to $1.50
DeadEndKev: folds 
bender2312: raises $2 to $3.50
Alameda22: folds 
Sask Al: folds 
Mecanik84: folds 
joshil3: folds 
FARPCOL: calls $2
*** FLOP *** [As 5s 2c]
FARPCOL: checks 
bender2312: bets $3.25
FARPCOL: calls $3.25
*** TURN *** [As 5s 2c] [6d]
Mecanik84 leaves the table
FARPCOL: checks 
ladyluck1124 leaves the table
bender2312: checks 
*** RIVER *** [As 5s 2c 6d] [2s]
FARPCOL: bets $2
bender2312: raises $4.50 to $6.50
FARPCOL: calls $4.50
*** SHOW DOWN ***
bender2312: shows [8s 8d] (two pair, Eights and Deuces)
FARPCOL: shows [Js Ks] (a flush, Ace high)
FARPCOL collected $26.05 from pot
*** SUMMARY ***
Total pot $27.35 | Rake $1.30 
Board [As 5s 2c 6d 2s]
Seat 1: sheets10 folded before Flop (didn't bet)
Seat 2: Mecanik84 folded before Flop
Seat 3: joshil3 folded before Flop
Seat 4: ladyluck1124 folded before Flop (didn't bet)
Seat 5: FARPCOL showed [Js Ks] and won ($26.05) with a flush, Ace high
Seat 6: DeadEndKev folded before Flop (didn't bet)
Seat 7: bender2312 (button) showed [8s 8d] and lost with two pair, Eights and Deuces
Seat 8: Alameda22 (small blind) folded before Flop
Seat 9: Sask Al (big blind) folded before Flop



PokerStars Game #20082996696:  Hold'em No Limit ($0.10/$0.25) - 2008/09/02 - 00:26:59 (ET)
Table 'Euaimon' 9-max Seat #8 is the button
Seat 1: sheets10 ($16.05 in chips) 
Seat 3: joshil3 ($24.75 in chips) 
Seat 5: FARPCOL ($37.45 in chips) 
Seat 6: DeadEndKev ($65.90 in chips) 
Seat 7: bender2312 ($5.70 in chips) 
Seat 8: Alameda22 ($23.95 in chips) 
Seat 9: Sask Al ($24.35 in chips) 
Sask Al: posts small blind $0.10
sheets10: posts big blind $0.25
*** HOLE CARDS ***
Dealt to Alameda22 [3s Qc]
joshil3: folds 
FARPCOL: folds 
DeadEndKev: raises $0.75 to $1
bender2312: folds 
treyofspades joins the table at seat #2 
Alameda22: folds 
Sask Al: folds 
sheets10: folds 
Uncalled bet ($0.75) returned to DeadEndKev
DeadEndKev collected $0.60 from pot
*** SUMMARY ***
Total pot $0.60 | Rake $0 
Seat 1: sheets10 (big blind) folded before Flop
Seat 3: joshil3 folded before Flop (didn't bet)
Seat 5: FARPCOL folded before Flop (didn't bet)
Seat 6: DeadEndKev collected ($0.60)
Seat 7: bender2312 folded before Flop (didn't bet)
Seat 8: Alameda22 (button) folded before Flop (didn't bet)
Seat 9: Sask Al (small blind) folded before Flop



PokerStars Game #20083003852:  Hold'em No Limit ($0.10/$0.25) - 2008/09/02 - 00:27:26 (ET)
Table 'Euaimon' 9-max Seat #9 is the button
Seat 1: sheets10 ($15.80 in chips) 
Seat 2: treyofspades ($8 in chips) 
Seat 3: joshil3 ($24.75 in chips) 
Seat 5: FARPCOL ($37.45 in chips) 
Seat 6: DeadEndKev ($66.25 in chips) 
Seat 7: bender2312 ($5.70 in chips) 
Seat 8: Alameda22 ($23.95 in chips) 
Seat 9: Sask Al ($24.25 in chips) 
sheets10: posts small blind $0.10
treyofspades: posts big blind $0.25
*** HOLE CARDS ***
Dealt to Alameda22 [Kd 3s]
joshil3: folds 
FARPCOL: raises $0.75 to $1
DeadEndKev: folds 
bender2312: folds 
Alameda22: folds 
Sask Al: folds 
sheets10: folds 
treyofspades: calls $0.75
*** FLOP *** [2d Td 9h]
treyofspades: checks 
FARPCOL: bets $2.25
treyofspades: folds 
Uncalled bet ($2.25) returned to FARPCOL
FARPCOL collected $2 from pot
*** SUMMARY ***
Total pot $2.10 | Rake $0.10 
Board [2d Td 9h]
Seat 1: sheets10 (small blind) folded before Flop
Seat 2: treyofspades (big blind) folded on the Flop
Seat 3: joshil3 folded before Flop (didn't bet)
Seat 5: FARPCOL collected ($2)
Seat 6: DeadEndKev folded before Flop (didn't bet)
Seat 7: bender2312 folded before Flop (didn't bet)
Seat 8: Alameda22 folded before Flop (didn't bet)
Seat 9: Sask Al (button) folded before Flop (didn't bet)



PokerStars Game #20083014200:  Hold'em No Limit ($0.10/$0.25) - 2008/09/02 - 00:28:07 (ET)
Table 'Euaimon' 9-max Seat #1 is the button
Seat 1: sheets10 ($15.70 in chips) 
Seat 2: treyofspades ($7 in chips) 
Seat 3: joshil3 ($24.75 in chips) 
Seat 5: FARPCOL ($38.45 in chips) 
Seat 6: DeadEndKev ($66.25 in chips) 
Seat 7: bender2312 ($5.70 in chips) 
Seat 8: Alameda22 ($23.95 in chips) 
Seat 9: Sask Al ($24.25 in chips) 
treyofspades: posts small blind $0.10
joshil3: posts big blind $0.25
*** HOLE CARDS ***
Dealt to Alameda22 [4d 3c]
FARPCOL: raises $0.75 to $1
DeadEndKev: folds 
JimmyMac1952 joins the table at seat #4 
bender2312: folds 
Alameda22: folds 
Sask Al: folds 
sheets10: folds 
treyofspades: folds 
joshil3: folds 
Uncalled bet ($0.75) returned to FARPCOL
FARPCOL collected $0.60 from pot
FARPCOL: doesn't show hand 
*** SUMMARY ***
Total pot $0.60 | Rake $0 
Seat 1: sheets10 (button) folded before Flop (didn't bet)
Seat 2: treyofspades (small blind) folded before Flop
Seat 3: joshil3 (big blind) folded before Flop
Seat 5: FARPCOL collected ($0.60)
Seat 6: DeadEndKev folded before Flop (didn't bet)
Seat 7: bender2312 folded before Flop (didn't bet)
Seat 8: Alameda22 folded before Flop (didn't bet)
Seat 9: Sask Al folded before Flop (didn't bet)



PokerStars Game #20083022052:  Hold'em No Limit ($0.10/$0.25) - 2008/09/02 - 00:28:37 (ET)
Table 'Euaimon' 9-max Seat #2 is the button
Seat 1: sheets10 ($15.70 in chips) 
Seat 2: treyofspades ($6.90 in chips) 
Seat 3: joshil3 ($24.50 in chips) 
Seat 4: JimmyMac1952 ($15 in chips) 
Seat 5: FARPCOL ($38.80 in chips) 
Seat 6: DeadEndKev ($66.25 in chips) 
Seat 7: bender2312 ($5.70 in chips) 
Seat 8: Alameda22 ($23.95 in chips) 
Seat 9: Sask Al ($24.25 in chips) 
joshil3: posts small blind $0.10
JimmyMac1952: posts big blind $0.25
*** HOLE CARDS ***
Dealt to Alameda22 [Th Kh]
FARPCOL: folds 
DeadEndKev: folds 
bender2312: folds 
Alameda22: folds 
Sask Al: calls $0.25
sheets10: folds 
treyofspades: folds 
joshil3: folds 
JimmyMac1952: checks 
*** FLOP *** [As 7h 4d]
JimmyMac1952: checks 
Sask Al: bets $0.50
JimmyMac1952: folds 
Uncalled bet ($0.50) returned to Sask Al
Sask Al collected $0.60 from pot
Sask Al: doesn't show hand 
*** SUMMARY ***
Total pot $0.60 | Rake $0 
Board [As 7h 4d]
Seat 1: sheets10 folded before Flop (didn't bet)
Seat 2: treyofspades (button) folded before Flop (didn't bet)
Seat 3: joshil3 (small blind) folded before Flop
Seat 4: JimmyMac1952 (big blind) folded on the Flop
Seat 5: FARPCOL folded before Flop (didn't bet)
Seat 6: DeadEndKev folded before Flop (didn't bet)
Seat 7: bender2312 folded before Flop (didn't bet)
Seat 8: Alameda22 folded before Flop (didn't bet)
Seat 9: Sask Al collected ($0.60)



PokerStars Game #20083036653:  Hold'em No Limit ($0.10/$0.25) - 2008/09/02 - 00:29:34 (ET)
Table 'Euaimon' 9-max Seat #3 is the button
Seat 1: sheets10 ($15.70 in chips) 
Seat 2: treyofspades ($6.90 in chips) 
Seat 3: joshil3 ($24.40 in chips) 
Seat 4: JimmyMac1952 ($14.75 in chips) 
Seat 5: FARPCOL ($38.80 in chips) 
Seat 6: DeadEndKev ($66.25 in chips) 
Seat 7: bender2312 ($5.70 in chips) 
Seat 8: Alameda22 ($23.95 in chips) 
Seat 9: Sask Al ($24.60 in chips) 
JimmyMac1952: posts small blind $0.10
FARPCOL: posts big blind $0.25
*** HOLE CARDS ***
Dealt to Alameda22 [Qh 9d]
DeadEndKev: folds 
bender2312: calls $0.25
Alameda22: folds 
Sask Al: folds 
sheets10: calls $0.25
treyofspades: folds 
joshil3: folds 
JimmyMac1952: folds 
FARPCOL: checks 
*** FLOP *** [3d Js Jh]
FARPCOL: checks 
bender2312: checks 
sheets10: bets $0.50
FARPCOL: folds 
bender2312: folds 
Uncalled bet ($0.50) returned to sheets10
sheets10 collected $0.85 from pot
sheets10: doesn't show hand 
*** SUMMARY ***
Total pot $0.85 | Rake $0 
Board [3d Js Jh]
Seat 1: sheets10 collected ($0.85)
Seat 2: treyofspades folded before Flop (didn't bet)
Seat 3: joshil3 (button) folded before Flop (didn't bet)
Seat 4: JimmyMac1952 (small blind) folded before Flop
Seat 5: FARPCOL (big blind) folded on the Flop
Seat 6: DeadEndKev folded before Flop (didn't bet)
Seat 7: bender2312 folded on the Flop
Seat 8: Alameda22 folded before Flop (didn't bet)
Seat 9: Sask Al folded before Flop (didn't bet)



PokerStars Game #20083056613:  Hold'em No Limit ($0.10/$0.25) - 2008/09/02 - 00:30:53 (ET)
Table 'Euaimon' 9-max Seat #4 is the button
Seat 1: sheets10 ($16.30 in chips) 
Seat 2: treyofspades ($6.90 in chips) 
Seat 3: joshil3 ($24.40 in chips) 
Seat 4: JimmyMac1952 ($14.65 in chips) 
Seat 5: FARPCOL ($38.55 in chips) 
Seat 6: DeadEndKev ($66.25 in chips) 
Seat 7: bender2312 ($5.45 in chips) 
Seat 8: Alameda22 ($23.95 in chips) 
Seat 9: Sask Al ($24.60 in chips) 
FARPCOL: posts small blind $0.10
DeadEndKev: posts big blind $0.25
*** HOLE CARDS ***
Dealt to Alameda22 [4s 7d]
bender2312: calls $0.25
Alameda22: folds 
Sask Al: folds 
sheets10: calls $0.25
treyofspades: raises $1 to $1.25
joshil3: folds 
JimmyMac1952: calls $1.25
FARPCOL: folds 
DeadEndKev: folds 
bender2312: calls $1
sheets10: folds 
*** FLOP *** [5s 5d Kd]
bender2312: checks 
treyofspades: bets $1.50
JimmyMac1952: raises $5.50 to $7
bender2312: folds 
treyofspades: folds 
Uncalled bet ($5.50) returned to JimmyMac1952
JimmyMac1952 collected $7 from pot
JimmyMac1952: doesn't show hand 
*** SUMMARY ***
Total pot $7.35 | Rake $0.35 
Board [5s 5d Kd]
Seat 1: sheets10 folded before Flop
Seat 2: treyofspades folded on the Flop
Seat 3: joshil3 folded before Flop (didn't bet)
Seat 4: JimmyMac1952 (button) collected ($7)
Seat 5: FARPCOL (small blind) folded before Flop
Seat 6: DeadEndKev (big blind) folded before Flop
Seat 7: bender2312 folded on the Flop
Seat 8: Alameda22 folded before Flop (didn't bet)
Seat 9: Sask Al folded before Flop (didn't bet)



PokerStars Game #20083089352:  Hold'em No Limit ($0.10/$0.25) - 2008/09/02 - 00:32:50 (ET)
Table 'Euaimon' 9-max Seat #5 is the button
Seat 1: sheets10 ($16.05 in chips) 
Seat 2: treyofspades ($4.15 in chips) 
Seat 3: joshil3 ($24.40 in chips) 
Seat 4: JimmyMac1952 ($18.90 in chips) 
Seat 5: FARPCOL ($38.45 in chips) 
Seat 6: DeadEndKev ($66 in chips) 
Seat 7: bender2312 ($4.20 in chips) 
Seat 8: Alameda22 ($23.95 in chips) 
Seat 9: Sask Al ($24.60 in chips) 
DeadEndKev: posts small blind $0.10
bender2312: posts big blind $0.25
*** HOLE CARDS ***
Dealt to Alameda22 [6d 4h]
Alameda22: folds 
JimmyMac1952 said, "u play bluff ok"
Sask Al: folds 
sheets10: folds 
treyofspades: raises $1 to $1.25
joshil3: folds 
JimmyMac1952 said, "out numbered though"
JimmyMac1952: folds 
FARPCOL: folds 
treyofspades said, "what?"
DeadEndKev: folds 
bender2312: raises $2.95 to $4.20 and is all-in
JimmyMac1952 said, "folded 3s"
treyofspades: calls $2.90 and is all-in
Uncalled bet ($0.05) returned to bender2312
*** FLOP *** [4c Jc 2h]
*** TURN *** [4c Jc 2h] [Qc]
*** RIVER *** [4c Jc 2h Qc] [7d]
*** SHOW DOWN ***
bender2312: shows [Kh Kd] (a pair of Kings)
treyofspades: shows [Jh Jd] (three of a kind, Jacks)
treyofspades collected $8 from pot
*** SUMMARY ***
Total pot $8.40 | Rake $0.40 
Board [4c Jc 2h Qc 7d]
Seat 1: sheets10 folded before Flop (didn't bet)
Seat 2: treyofspades showed [Jh Jd] and won ($8) with three of a kind, Jacks
Seat 3: joshil3 folded before Flop (didn't bet)
Seat 4: JimmyMac1952 folded before Flop (didn't bet)
Seat 5: FARPCOL (button) folded before Flop (didn't bet)
Seat 6: DeadEndKev (small blind) folded before Flop
Seat 7: bender2312 (big blind) showed [Kh Kd] and lost with a pair of Kings
Seat 8: Alameda22 folded before Flop (didn't bet)
Seat 9: Sask Al folded before Flop (didn't bet)



PokerStars Game #20083110829:  Hold'em No Limit ($0.10/$0.25) - 2008/09/02 - 00:34:09 (ET)
Table 'Euaimon' 9-max Seat #6 is the button
Seat 1: sheets10 ($16.05 in chips) 
Seat 2: treyofspades ($8 in chips) 
Seat 3: joshil3 ($24.40 in chips) 
Seat 4: JimmyMac1952 ($18.90 in chips) 
Seat 5: FARPCOL ($38.45 in chips) 
Seat 6: DeadEndKev ($65.90 in chips) 
Seat 8: Alameda22 ($23.95 in chips) 
Seat 9: Sask Al ($24.60 in chips) 
Alameda22: posts small blind $0.10
Sask Al: posts big blind $0.25
*** HOLE CARDS ***
Dealt to Alameda22 [3s Kc]
bender2312 leaves the table
sheets10: folds 
JimmyMac1952 said, "lucky boyo"
treyofspades: calls $0.25
joshil3: folds 
JimmyMac1952: calls $0.25
FARPCOL: folds 
DeadEndKev: calls $0.25
Alameda22: folds 
Sask Al: checks 
*** FLOP *** [8d Jd Ks]
Sask Al: checks 
treyofspades: checks 
JimmyMac1952: bets $1.25
DeadEndKev: folds 
Sask Al: folds 
treyofspades: folds 
Uncalled bet ($1.25) returned to JimmyMac1952
JimmyMac1952 collected $1.05 from pot
JimmyMac1952: doesn't show hand 
*** SUMMARY ***
Total pot $1.10 | Rake $0.05 
Board [8d Jd Ks]
Seat 1: sheets10 folded before Flop (didn't bet)
Seat 2: treyofspades folded on the Flop
Seat 3: joshil3 folded before Flop (didn't bet)
Seat 4: JimmyMac1952 collected ($1.05)
Seat 5: FARPCOL folded before Flop (didn't bet)
Seat 6: DeadEndKev (button) folded on the Flop
Seat 8: Alameda22 (small blind) folded before Flop
Seat 9: Sask Al (big blind) folded on the Flop



PokerStars Game #20083125546:  Hold'em No Limit ($0.10/$0.25) - 2008/09/02 - 00:35:04 (ET)
Table 'Euaimon' 9-max Seat #8 is the button
Seat 1: sheets10 ($16.05 in chips) 
Seat 2: treyofspades ($7.75 in chips) 
Seat 3: joshil3 ($24.40 in chips) 
Seat 4: JimmyMac1952 ($19.70 in chips) 
Seat 5: FARPCOL ($38.45 in chips) 
Seat 6: DeadEndKev ($65.65 in chips) 
Seat 8: Alameda22 ($23.85 in chips) 
Seat 9: Sask Al ($24.35 in chips) 
Sask Al: posts small blind $0.10
sheets10: posts big blind $0.25
*** HOLE CARDS ***
Dealt to Alameda22 [9d 8s]
treyofspades: folds 
joshil3: raises $0.75 to $1
JimmyMac1952: calls $1
FARPCOL: folds 
DeadEndKev: calls $1
Alameda22: folds 
Sask Al: folds 
sheets10: folds 
*** FLOP *** [4s Jd 4d]
joshil3: checks 
JimmyMac1952: bets $2.75
DeadEndKev: folds 
joshil3: folds 
Uncalled bet ($2.75) returned to JimmyMac1952
JimmyMac1952 collected $3.20 from pot
JimmyMac1952: doesn't show hand 
*** SUMMARY ***
Total pot $3.35 | Rake $0.15 
Board [4s Jd 4d]
Seat 1: sheets10 (big blind) folded before Flop
Seat 2: treyofspades folded before Flop (didn't bet)
Seat 3: joshil3 folded on the Flop
Seat 4: JimmyMac1952 collected ($3.20)
Seat 5: FARPCOL folded before Flop (didn't bet)
Seat 6: DeadEndKev folded on the Flop
Seat 8: Alameda22 (button) folded before Flop (didn't bet)
Seat 9: Sask Al (small blind) folded before Flop



PokerStars Game #20083140701:  Hold'em No Limit ($0.10/$0.25) - 2008/09/02 - 00:36:00 (ET)
Table 'Euaimon' 9-max Seat #9 is the button
Seat 1: sheets10 ($15.80 in chips) 
Seat 2: treyofspades ($7.75 in chips) 
Seat 3: joshil3 ($23.40 in chips) 
Seat 4: JimmyMac1952 ($21.90 in chips) 
Seat 5: FARPCOL ($38.45 in chips) 
Seat 6: DeadEndKev ($64.65 in chips) 
Seat 8: Alameda22 ($23.85 in chips) 
Seat 9: Sask Al ($24.25 in chips) 
sheets10: posts small blind $0.10
treyofspades: posts big blind $0.25
*** HOLE CARDS ***
Dealt to Alameda22 [4h 6d]
joshil3: folds 
JimmyMac1952: calls $0.25
FARPCOL: folds 
DeadEndKev: raises $1.25 to $1.50
Alameda22: folds 
Sask Al: folds 
sheets10: folds 
treyofspades: folds 
JimmyMac1952: calls $1.25
*** FLOP *** [Qh 2s 8h]
JimmyMac1952: checks 
DeadEndKev: bets $2
JimmyMac1952: calls $2
*** TURN *** [Qh 2s 8h] [6h]
JimmyMac1952: bets $2.25
DeadEndKev: folds 
Uncalled bet ($2.25) returned to JimmyMac1952
JimmyMac1952 collected $7 from pot
JimmyMac1952: doesn't show hand 
*** SUMMARY ***
Total pot $7.35 | Rake $0.35 
Board [Qh 2s 8h 6h]
Seat 1: sheets10 (small blind) folded before Flop
Seat 2: treyofspades (big blind) folded before Flop
Seat 3: joshil3 folded before Flop (didn't bet)
Seat 4: JimmyMac1952 collected ($7)
Seat 5: FARPCOL folded before Flop (didn't bet)
Seat 6: DeadEndKev folded on the Turn
Seat 8: Alameda22 folded before Flop (didn't bet)
Seat 9: Sask Al (button) folded before Flop (didn't bet)



PokerStars Game #20083160223:  Hold'em No Limit ($0.10/$0.25) - 2008/09/02 - 00:37:12 (ET)
Table 'Euaimon' 9-max Seat #1 is the button
Seat 1: sheets10 ($15.70 in chips) 
Seat 2: treyofspades ($7.50 in chips) 
Seat 3: joshil3 ($23.40 in chips) 
Seat 4: JimmyMac1952 ($25.40 in chips) 
Seat 5: FARPCOL ($38.45 in chips) 
Seat 6: DeadEndKev ($61.15 in chips) 
Seat 8: Alameda22 ($23.85 in chips) 
Seat 9: Sask Al ($24.25 in chips) 
treyofspades: posts small blind $0.10
joshil3: posts big blind $0.25
*** HOLE CARDS ***
Dealt to Alameda22 [3d Qc]
JimmyMac1952: folds 
FARPCOL: folds 
DeadEndKev: folds 
jstrev222 joins the table at seat #7 
Alameda22: folds 
Sask Al: calls $0.25
JimmyMac1952 said, "what a run couldnt lose"
sheets10: raises $0.25 to $0.50
treyofspades: folds 
joshil3: folds 
JimmyMac1952 said, "everythink hit"
Sask Al: calls $0.25
*** FLOP *** [3s Qs Ah]
Sask Al: checks 
sheets10: bets $0.75
Sask Al: folds 
Uncalled bet ($0.75) returned to sheets10
sheets10 collected $1.30 from pot
sheets10: doesn't show hand 
JimmyMac1952 said, "thing"
*** SUMMARY ***
Total pot $1.35 | Rake $0.05 
Board [3s Qs Ah]
Seat 1: sheets10 (button) collected ($1.30)
Seat 2: treyofspades (small blind) folded before Flop
Seat 3: joshil3 (big blind) folded before Flop
Seat 4: JimmyMac1952 folded before Flop (didn't bet)
Seat 5: FARPCOL folded before Flop (didn't bet)
Seat 6: DeadEndKev folded before Flop (didn't bet)
Seat 8: Alameda22 folded before Flop (didn't bet)
Seat 9: Sask Al folded on the Flop



PokerStars Game #20083178067:  Hold'em No Limit ($0.10/$0.25) - 2008/09/02 - 00:38:18 (ET)
Table 'Euaimon' 9-max Seat #2 is the button
Seat 1: sheets10 ($16.50 in chips) 
Seat 2: treyofspades ($7.40 in chips) 
Seat 3: joshil3 ($23.15 in chips) 
Seat 4: JimmyMac1952 ($25.40 in chips) 
Seat 5: FARPCOL ($38.45 in chips) 
Seat 6: DeadEndKev ($61.15 in chips) 
Seat 8: Alameda22 ($23.85 in chips) 
Seat 9: Sask Al ($23.75 in chips) 
joshil3: posts small blind $0.10
JimmyMac1952: posts big blind $0.25
jstrev222: sits out 
*** HOLE CARDS ***
Dealt to Alameda22 [Ks Ah]
FARPCOL: folds 
DeadEndKev: folds 
Alameda22: raises $0.75 to $1
Sask Al: folds 
JimmyMac1952 said, "or natbe think no pun"
sheets10: folds 
treyofspades: folds 
joshil3: folds 
JimmyMac1952: folds 
Uncalled bet ($0.75) returned to Alameda22
Alameda22 collected $0.60 from pot
Alameda22: doesn't show hand 
*** SUMMARY ***
Total pot $0.60 | Rake $0 
Seat 1: sheets10 folded before Flop (didn't bet)
Seat 2: treyofspades (button) folded before Flop (didn't bet)
Seat 3: joshil3 (small blind) folded before Flop
Seat 4: JimmyMac1952 (big blind) folded before Flop
Seat 5: FARPCOL folded before Flop (didn't bet)
Seat 6: DeadEndKev folded before Flop (didn't bet)
Seat 8: Alameda22 collected ($0.60)
Seat 9: Sask Al folded before Flop (didn't bet)



PokerStars Game #20083188187:  Hold'em No Limit ($0.10/$0.25) - 2008/09/02 - 00:38:56 (ET)
Table 'Euaimon' 9-max Seat #3 is the button
Seat 1: sheets10 ($16.50 in chips) 
Seat 2: treyofspades ($7.40 in chips) 
Seat 3: joshil3 ($23.05 in chips) 
Seat 4: JimmyMac1952 ($25.15 in chips) 
Seat 5: FARPCOL ($38.45 in chips) 
Seat 6: DeadEndKev ($61.15 in chips) 
Seat 8: Alameda22 ($24.20 in chips) 
Seat 9: Sask Al ($23.75 in chips) 
JimmyMac1952 said, "mybe"
JimmyMac1952: posts small blind $0.10
FARPCOL: posts big blind $0.25
jstrev222: sits out 
*** HOLE CARDS ***
Dealt to Alameda22 [6c 8h]
DeadEndKev: folds 
Alameda22: folds 
Sask Al: folds 
sheets10: raises $0.25 to $0.50
treyofspades: calls $0.50
joshil3: folds 
JimmyMac1952: calls $0.40
FARPCOL: calls $0.25
*** FLOP *** [9c 5d 8s]
JimmyMac1952: bets $1
FARPCOL: folds 
sheets10: folds 
treyofspades: folds 
Uncalled bet ($1) returned to JimmyMac1952
JimmyMac1952 collected $1.90 from pot
JimmyMac1952: doesn't show hand 
*** SUMMARY ***
Total pot $2 | Rake $0.10 
Board [9c 5d 8s]
Seat 1: sheets10 folded on the Flop
Seat 2: treyofspades folded on the Flop
Seat 3: joshil3 (button) folded before Flop (didn't bet)
Seat 4: JimmyMac1952 (small blind) collected ($1.90)
Seat 5: FARPCOL (big blind) folded on the Flop
Seat 6: DeadEndKev folded before Flop (didn't bet)
Seat 8: Alameda22 folded before Flop (didn't bet)
Seat 9: Sask Al folded before Flop (didn't bet)



