PokerStars Game #20024056326:  Hold'em No Limit ($0.10/$0.25) - 2008/08/30 - 19:36:32 (ET)
Table 'Gyas II' 9-max Seat #9 is the button
Seat 1: Ahlenn ($14.75 in chips) 
Seat 2: Alameda22 ($25 in chips) 
Seat 4: DumpTruck21 ($3.25 in chips) 
Seat 5: Farva500 ($22.10 in chips) 
Seat 7: brain31 ($24.30 in chips) 
Seat 8: LePaKKoKyNsi ($25.25 in chips) 
Seat 9: griszka ($41.70 in chips) 
Ahlenn: posts small blind $0.10
$Bamb85i$ joins the table at seat #3 
Alameda22: posts big blind $0.25
*** HOLE CARDS ***
Dealt to Alameda22 [2c 9h]
DumpTruck21: calls $0.25
Farva500: folds 
brain31: folds 
LePaKKoKyNsi: folds 
griszka: calls $0.25
Ahlenn: folds 
Alameda22: checks 
*** FLOP *** [Ad 4h 5s]
Alameda22: checks 
DumpTruck21: bets $0.25
griszka: calls $0.25
Alameda22: folds 
*** TURN *** [Ad 4h 5s] [Js]
DumpTruck21: bets $0.50
griszka: folds 
Uncalled bet ($0.50) returned to DumpTruck21
DumpTruck21 collected $1.30 from pot
DumpTruck21: doesn't show hand 
The_LateShow leaves the table
*** SUMMARY ***
Total pot $1.35 | Rake $0.05 
Board [Ad 4h 5s Js]
Seat 1: Ahlenn (small blind) folded before Flop
Seat 2: Alameda22 (big blind) folded on the Flop
Seat 4: DumpTruck21 collected ($1.30)
Seat 5: Farva500 folded before Flop (didn't bet)
Seat 7: brain31 folded before Flop (didn't bet)
Seat 8: LePaKKoKyNsi folded before Flop (didn't bet)
Seat 9: griszka (button) folded on the Turn



PokerStars Game #20024086549:  Hold'em No Limit ($0.10/$0.25) - 2008/08/30 - 19:38:00 (ET)
Table 'Gyas II' 9-max Seat #1 is the button
Seat 1: Ahlenn ($14.65 in chips) 
Seat 2: Alameda22 ($24.75 in chips) 
Seat 3: $Bamb85i$ ($5 in chips) 
Seat 4: DumpTruck21 ($4.05 in chips) 
Seat 5: Farva500 ($22.10 in chips) 
Seat 7: brain31 ($24.30 in chips) 
Seat 8: LePaKKoKyNsi ($25.25 in chips) 
Seat 9: griszka ($41.20 in chips) 
Alameda22: posts small blind $0.10
$Bamb85i$: posts big blind $0.25
*** HOLE CARDS ***
Dealt to Alameda22 [8h 9s]
DumpTruck21: folds 
Farva500: folds 
brain31: folds 
LePaKKoKyNsi: folds 
griszka: folds 
Ahlenn: folds 
Alameda22: folds 
Uncalled bet ($0.15) returned to $Bamb85i$
$Bamb85i$ collected $0.20 from pot
$Bamb85i$: doesn't show hand 
*** SUMMARY ***
Total pot $0.20 | Rake $0 
Seat 1: Ahlenn (button) folded before Flop (didn't bet)
Seat 2: Alameda22 (small blind) folded before Flop
Seat 3: $Bamb85i$ (big blind) collected ($0.20)
Seat 4: DumpTruck21 folded before Flop (didn't bet)
Seat 5: Farva500 folded before Flop (didn't bet)
Seat 7: brain31 folded before Flop (didn't bet)
Seat 8: LePaKKoKyNsi folded before Flop (didn't bet)
Seat 9: griszka folded before Flop (didn't bet)



PokerStars Game #20024098374:  Hold'em No Limit ($0.10/$0.25) - 2008/08/30 - 19:38:34 (ET)
Table 'Gyas II' 9-max Seat #2 is the button
Seat 1: Ahlenn ($14.65 in chips) 
Seat 2: Alameda22 ($24.65 in chips) 
Seat 3: $Bamb85i$ ($5.10 in chips) 
Seat 4: DumpTruck21 ($4.05 in chips) 
Seat 5: Farva500 ($22.10 in chips) 
Seat 7: brain31 ($24.30 in chips) 
Seat 8: LePaKKoKyNsi ($25.25 in chips) 
Seat 9: griszka ($41.20 in chips) 
$Bamb85i$: posts small blind $0.10
DumpTruck21: posts big blind $0.25
*** HOLE CARDS ***
Dealt to Alameda22 [Qc 7c]
Farva500: folds 
brain31: folds 
LePaKKoKyNsi: folds 
griszka: calls $0.25
Ahlenn: folds 
Alameda22: folds 
$Bamb85i$: folds 
DumpTruck21: raises $0.25 to $0.50
griszka: calls $0.25
*** FLOP *** [6h 9c Kc]
DumpTruck21: bets $0.25
griszka: calls $0.25
*** TURN *** [6h 9c Kc] [Th]
DumpTruck21: bets $0.50
griszka: calls $0.50
*** RIVER *** [6h 9c Kc Th] [4s]
DumpTruck21: bets $0.75
griszka: calls $0.75
*** SHOW DOWN ***
DumpTruck21: shows [Ad Ks] (a pair of Kings)
griszka: mucks hand 
DumpTruck21 collected $3.90 from pot
*** SUMMARY ***
Total pot $4.10 | Rake $0.20 
Board [6h 9c Kc Th 4s]
Seat 1: Ahlenn folded before Flop (didn't bet)
Seat 2: Alameda22 (button) folded before Flop (didn't bet)
Seat 3: $Bamb85i$ (small blind) folded before Flop
Seat 4: DumpTruck21 (big blind) showed [Ad Ks] and won ($3.90) with a pair of Kings
Seat 5: Farva500 folded before Flop (didn't bet)
Seat 7: brain31 folded before Flop (didn't bet)
Seat 8: LePaKKoKyNsi folded before Flop (didn't bet)
Seat 9: griszka mucked [8c 4c]



PokerStars Game #20024118978:  Hold'em No Limit ($0.10/$0.25) - 2008/08/30 - 19:39:35 (ET)
Table 'Gyas II' 9-max Seat #3 is the button
Seat 1: Ahlenn ($14.65 in chips) 
Seat 2: Alameda22 ($24.65 in chips) 
Seat 3: $Bamb85i$ ($5 in chips) 
Seat 4: DumpTruck21 ($5.95 in chips) 
Seat 5: Farva500 ($22.10 in chips) 
Seat 7: brain31 ($24.30 in chips) 
Seat 8: LePaKKoKyNsi ($25.25 in chips) 
Seat 9: griszka ($39.20 in chips) 
DumpTruck21: posts small blind $0.10
Farva500: posts big blind $0.25
*** HOLE CARDS ***
Dealt to Alameda22 [Jd 5h]
brain31: folds 
LePaKKoKyNsi: folds 
griszka: calls $0.25
Ahlenn: folds 
Alameda22: folds 
$Bamb85i$: raises $1 to $1.25
DumpTruck21: raises $1 to $2.25
Farva500: folds 
griszka: calls $2
DumpTruck21 said, "cmon"
$Bamb85i$: folds 
*** FLOP *** [9s Ac 5d]
DumpTruck21: bets $3.70 and is all-in
griszka: calls $3.70
*** TURN *** [9s Ac 5d] [3h]
*** RIVER *** [9s Ac 5d 3h] [Ts]
*** SHOW DOWN ***
DumpTruck21: shows [6c 6d] (a pair of Sixes)
griszka: shows [7d 7h] (a pair of Sevens)
griszka collected $12.75 from pot
*** SUMMARY ***
Total pot $13.40 | Rake $0.65 
Board [9s Ac 5d 3h Ts]
Seat 1: Ahlenn folded before Flop (didn't bet)
Seat 2: Alameda22 folded before Flop (didn't bet)
Seat 3: $Bamb85i$ (button) folded before Flop
Seat 4: DumpTruck21 (small blind) showed [6c 6d] and lost with a pair of Sixes
Seat 5: Farva500 (big blind) folded before Flop
Seat 7: brain31 folded before Flop (didn't bet)
Seat 8: LePaKKoKyNsi folded before Flop (didn't bet)
Seat 9: griszka showed [7d 7h] and won ($12.75) with a pair of Sevens



PokerStars Game #20024148072:  Hold'em No Limit ($0.10/$0.25) - 2008/08/30 - 19:40:59 (ET)
Table 'Gyas II' 9-max Seat #5 is the button
Seat 1: Ahlenn ($14.65 in chips) 
Seat 2: Alameda22 ($24.65 in chips) 
Seat 3: $Bamb85i$ ($3.75 in chips) 
Seat 5: Farva500 ($21.85 in chips) 
Seat 7: brain31 ($24.30 in chips) 
Seat 8: LePaKKoKyNsi ($25.25 in chips) 
Seat 9: griszka ($46 in chips) 
brain31: posts small blind $0.10
LePaKKoKyNsi: posts big blind $0.25
*** HOLE CARDS ***
Dealt to Alameda22 [Ts Ad]
DumpTruck21 leaves the table
griszka: folds 
Ahlenn: folds 
Alameda22: folds 
$Bamb85i$: folds 
Farva500: folds 
brain31: raises $0.75 to $1
LePaKKoKyNsi: folds 
Uncalled bet ($0.75) returned to brain31
brain31 collected $0.50 from pot
brain31: doesn't show hand 
*** SUMMARY ***
Total pot $0.50 | Rake $0 
Seat 1: Ahlenn folded before Flop (didn't bet)
Seat 2: Alameda22 folded before Flop (didn't bet)
Seat 3: $Bamb85i$ folded before Flop (didn't bet)
Seat 5: Farva500 (button) folded before Flop (didn't bet)
Seat 7: brain31 (small blind) collected ($0.50)
Seat 8: LePaKKoKyNsi (big blind) folded before Flop
Seat 9: griszka folded before Flop (didn't bet)



PokerStars Game #20024163413:  Hold'em No Limit ($0.10/$0.25) - 2008/08/30 - 19:41:44 (ET)
Table 'Gyas II' 9-max Seat #7 is the button
Seat 1: Ahlenn ($14.65 in chips) 
Seat 2: Alameda22 ($24.65 in chips) 
Seat 3: $Bamb85i$ ($5 in chips) 
Seat 5: Farva500 ($21.85 in chips) 
Seat 7: brain31 ($24.55 in chips) 
Seat 8: LePaKKoKyNsi ($25 in chips) 
Seat 9: griszka ($46 in chips) 
LePaKKoKyNsi: posts small blind $0.10
griszka: posts big blind $0.25
*** HOLE CARDS ***
Dealt to Alameda22 [Kc 8c]
Ahlenn: folds 
Alameda22: folds 
MickyoFFM joins the table at seat #4 
$Bamb85i$: folds 
Farva500: folds 
brain31: folds 
LePaKKoKyNsi: folds 
Uncalled bet ($0.15) returned to griszka
griszka collected $0.20 from pot
*** SUMMARY ***
Total pot $0.20 | Rake $0 
Seat 1: Ahlenn folded before Flop (didn't bet)
Seat 2: Alameda22 folded before Flop (didn't bet)
Seat 3: $Bamb85i$ folded before Flop (didn't bet)
Seat 5: Farva500 folded before Flop (didn't bet)
Seat 7: brain31 (button) folded before Flop (didn't bet)
Seat 8: LePaKKoKyNsi (small blind) folded before Flop
Seat 9: griszka (big blind) collected ($0.20)



PokerStars Game #20024178652:  Hold'em No Limit ($0.10/$0.25) - 2008/08/30 - 19:42:28 (ET)
Table 'Gyas II' 9-max Seat #8 is the button
Seat 1: Ahlenn ($14.65 in chips) 
Seat 2: Alameda22 ($24.65 in chips) 
Seat 3: $Bamb85i$ ($5 in chips) 
Seat 5: Farva500 ($21.85 in chips) 
Seat 7: brain31 ($24.55 in chips) 
Seat 8: LePaKKoKyNsi ($24.90 in chips) 
Seat 9: griszka ($46.10 in chips) 
griszka: posts small blind $0.10
Ahlenn: posts big blind $0.25
MickyoFFM: sits out 
*** HOLE CARDS ***
Dealt to Alameda22 [4s 4h]
Alameda22: folds 
$Bamb85i$: folds 
Farva500: raises $0.75 to $1
brain31: folds 
Fradley joins the table at seat #6 
LePaKKoKyNsi: folds 
griszka: folds 
Ahlenn: folds 
Uncalled bet ($0.75) returned to Farva500
Farva500 collected $0.60 from pot
*** SUMMARY ***
Total pot $0.60 | Rake $0 
Seat 1: Ahlenn (big blind) folded before Flop
Seat 2: Alameda22 folded before Flop (didn't bet)
Seat 3: $Bamb85i$ folded before Flop (didn't bet)
Seat 5: Farva500 collected ($0.60)
Seat 7: brain31 folded before Flop (didn't bet)
Seat 8: LePaKKoKyNsi (button) folded before Flop (didn't bet)
Seat 9: griszka (small blind) folded before Flop



PokerStars Game #20024190227:  Hold'em No Limit ($0.10/$0.25) - 2008/08/30 - 19:43:03 (ET)
Table 'Gyas II' 9-max Seat #9 is the button
Seat 1: Ahlenn ($14.40 in chips) 
Seat 2: Alameda22 ($24.65 in chips) 
Seat 3: $Bamb85i$ ($5 in chips) 
Seat 5: Farva500 ($22.20 in chips) 
Seat 7: brain31 ($24.55 in chips) 
Seat 8: LePaKKoKyNsi ($24.90 in chips) 
Seat 9: griszka ($46 in chips) 
Ahlenn: posts small blind $0.10
Alameda22: posts big blind $0.25
MickyoFFM: sits out 
Fradley: sits out 
*** HOLE CARDS ***
Dealt to Alameda22 [4s 3h]
$Bamb85i$: folds 
Farva500: folds 
brain31: folds 
LePaKKoKyNsi: folds 
griszka: calls $0.25
Ahlenn: folds 
Alameda22: checks 
*** FLOP *** [Kd Qs 5s]
Alameda22: checks 
griszka: bets $0.50
Ahlenn leaves the table
Alameda22: folds 
Uncalled bet ($0.50) returned to griszka
griszka collected $0.60 from pot
griszka: doesn't show hand 
*** SUMMARY ***
Total pot $0.60 | Rake $0 
Board [Kd Qs 5s]
Seat 1: Ahlenn (small blind) folded before Flop
Seat 2: Alameda22 (big blind) folded on the Flop
Seat 3: $Bamb85i$ folded before Flop (didn't bet)
Seat 5: Farva500 folded before Flop (didn't bet)
Seat 7: brain31 folded before Flop (didn't bet)
Seat 8: LePaKKoKyNsi folded before Flop (didn't bet)
Seat 9: griszka (button) collected ($0.60)



PokerStars Game #20024215972:  Hold'em No Limit ($0.10/$0.25) - 2008/08/30 - 19:44:19 (ET)
Table 'Gyas II' 9-max Seat #2 is the button
Seat 2: Alameda22 ($24.40 in chips) 
Seat 3: $Bamb85i$ ($5 in chips) 
Seat 4: MickyoFFM ($5 in chips) 
Seat 5: Farva500 ($22.20 in chips) 
Seat 7: brain31 ($24.55 in chips) 
Seat 8: LePaKKoKyNsi ($24.90 in chips) 
Seat 9: griszka ($46.35 in chips) 
$Bamb85i$: posts small blind $0.10
MickyoFFM: posts big blind $0.25
Fradley: sits out 
*** HOLE CARDS ***
Dealt to Alameda22 [9c 7c]
Farva500: calls $0.25
brain31: raises $1.25 to $1.50
LePaKKoKyNsi: folds 
griszka: calls $1.50
Alameda22: folds 
$Bamb85i$: folds 
MickyoFFM: folds 
Farva500: folds 
*** FLOP *** [Qc 6s 3c]
brain31: bets $2.75
griszka: calls $2.75
*** TURN *** [Qc 6s 3c] [6c]
brain31: checks 
griszka: checks 
*** RIVER *** [Qc 6s 3c 6c] [4h]
brain31: checks 
griszka: bets $1.50
brain31: calls $1.50
*** SHOW DOWN ***
griszka: shows [Ts Qs] (two pair, Queens and Sixes)
brain31: shows [Kd Ks] (two pair, Kings and Sixes)
brain31 collected $11.55 from pot
*** SUMMARY ***
Total pot $12.10 | Rake $0.55 
Board [Qc 6s 3c 6c 4h]
Seat 2: Alameda22 (button) folded before Flop (didn't bet)
Seat 3: $Bamb85i$ (small blind) folded before Flop
Seat 4: MickyoFFM (big blind) folded before Flop
Seat 5: Farva500 folded before Flop
Seat 7: brain31 showed [Kd Ks] and won ($11.55) with two pair, Kings and Sixes
Seat 8: LePaKKoKyNsi folded before Flop (didn't bet)
Seat 9: griszka showed [Ts Qs] and lost with two pair, Queens and Sixes



PokerStars Game #20024237701:  Hold'em No Limit ($0.10/$0.25) - 2008/08/30 - 19:45:23 (ET)
Table 'Gyas II' 9-max Seat #3 is the button
Seat 2: Alameda22 ($24.40 in chips) 
Seat 3: $Bamb85i$ ($4.90 in chips) 
Seat 4: MickyoFFM ($4.75 in chips) 
Seat 5: Farva500 ($21.95 in chips) 
Seat 7: brain31 ($30.35 in chips) 
Seat 8: LePaKKoKyNsi ($24.90 in chips) 
Seat 9: griszka ($40.60 in chips) 
MickyoFFM: posts small blind $0.10
Farva500: posts big blind $0.25
Fradley: sits out 
*** HOLE CARDS ***
Dealt to Alameda22 [9d 2h]
brain31: folds 
LePaKKoKyNsi: calls $0.25
griszka: calls $0.25
Alameda22: folds 
$Bamb85i$: folds 
MickyoFFM: calls $0.15
Farva500: checks 
*** FLOP *** [2d 6h 5s]
MickyoFFM: checks 
Farva500: checks 
LePaKKoKyNsi: bets $0.75
griszka: folds 
MickyoFFM: folds 
Farva500: folds 
Uncalled bet ($0.75) returned to LePaKKoKyNsi
LePaKKoKyNsi collected $0.95 from pot
LePaKKoKyNsi: doesn't show hand 
*** SUMMARY ***
Total pot $1 | Rake $0.05 
Board [2d 6h 5s]
Seat 2: Alameda22 folded before Flop (didn't bet)
Seat 3: $Bamb85i$ (button) folded before Flop (didn't bet)
Seat 4: MickyoFFM (small blind) folded on the Flop
Seat 5: Farva500 (big blind) folded on the Flop
Seat 7: brain31 folded before Flop (didn't bet)
Seat 8: LePaKKoKyNsi collected ($0.95)
Seat 9: griszka folded on the Flop



PokerStars Game #20024253348:  Hold'em No Limit ($0.10/$0.25) - 2008/08/30 - 19:46:09 (ET)
Table 'Gyas II' 9-max Seat #4 is the button
Seat 2: Alameda22 ($24.40 in chips) 
Seat 3: $Bamb85i$ ($4.90 in chips) 
Seat 4: MickyoFFM ($4.50 in chips) 
Seat 5: Farva500 ($21.70 in chips) 
Seat 6: Fradley ($15 in chips) 
Seat 7: brain31 ($30.35 in chips) 
Seat 8: LePaKKoKyNsi ($25.60 in chips) 
Seat 9: griszka ($40.35 in chips) 
Farva500: posts small blind $0.10
Fradley: posts big blind $0.25
*** HOLE CARDS ***
Dealt to Alameda22 [7s 5h]
brain31: folds 
LePaKKoKyNsi: folds 
griszka: calls $0.25
Alameda22: folds 
$Bamb85i$: raises $1 to $1.25
MickyoFFM: folds 
Farva500: folds 
Fradley: folds 
griszka: calls $1
*** FLOP *** [8c 8d 8s]
griszka: checks 
$Bamb85i$: bets $2
griszka: raises $2 to $4
$Bamb85i$: calls $1.65 and is all-in
Uncalled bet ($0.35) returned to griszka
*** TURN *** [8c 8d 8s] [Jd]
*** RIVER *** [8c 8d 8s Jd] [7d]
*** SHOW DOWN ***
griszka: shows [Jh 8h] (four of a kind, Eights)
$Bamb85i$: mucks hand 
griszka collected $9.65 from pot
*** SUMMARY ***
Total pot $10.15 | Rake $0.50 
Board [8c 8d 8s Jd 7d]
Seat 2: Alameda22 folded before Flop (didn't bet)
Seat 3: $Bamb85i$ mucked [Ah Qc]
Seat 4: MickyoFFM (button) folded before Flop (didn't bet)
Seat 5: Farva500 (small blind) folded before Flop
Seat 6: Fradley (big blind) folded before Flop
Seat 7: brain31 folded before Flop (didn't bet)
Seat 8: LePaKKoKyNsi folded before Flop (didn't bet)
Seat 9: griszka showed [Jh 8h] and won ($9.65) with four of a kind, Eights



PokerStars Game #20024271755:  Hold'em No Limit ($0.10/$0.25) - 2008/08/30 - 19:47:03 (ET)
Table 'Gyas II' 9-max Seat #5 is the button
Seat 2: Alameda22 ($24.40 in chips) 
Seat 4: MickyoFFM ($4.50 in chips) 
Seat 5: Farva500 ($21.60 in chips) 
Seat 6: Fradley ($14.75 in chips) 
Seat 7: brain31 ($30.35 in chips) 
Seat 8: LePaKKoKyNsi ($25.60 in chips) 
Seat 9: griszka ($45.10 in chips) 
Fradley: posts small blind $0.10
brain31: posts big blind $0.25
*** HOLE CARDS ***
Dealt to Alameda22 [2c 9d]
LePaKKoKyNsi: folds 
griszka: folds 
Alameda22: folds 
MickyoFFM: folds 
Farva500: folds 
$Bamb85i$ has returned
Fradley: calls $0.15
brain31: checks 
*** FLOP *** [9c 6d 4s]
Fradley: checks 
brain31: checks 
*** TURN *** [9c 6d 4s] [Jh]
Fradley: checks 
brain31: checks 
*** RIVER *** [9c 6d 4s Jh] [Qd]
Fradley: checks 
brain31: checks 
*** SHOW DOWN ***
Fradley: shows [8d Ad] (high card Ace)
brain31: mucks hand 
Fradley collected $0.50 from pot
*** SUMMARY ***
Total pot $0.50 | Rake $0 
Board [9c 6d 4s Jh Qd]
Seat 2: Alameda22 folded before Flop (didn't bet)
Seat 4: MickyoFFM folded before Flop (didn't bet)
Seat 5: Farva500 (button) folded before Flop (didn't bet)
Seat 6: Fradley (small blind) showed [8d Ad] and won ($0.50) with high card Ace
Seat 7: brain31 (big blind) mucked [5d Ac]
Seat 8: LePaKKoKyNsi folded before Flop (didn't bet)
Seat 9: griszka folded before Flop (didn't bet)



PokerStars Game #20024287604:  Hold'em No Limit ($0.10/$0.25) - 2008/08/30 - 19:47:50 (ET)
Table 'Gyas II' 9-max Seat #6 is the button
Seat 2: Alameda22 ($24.40 in chips) 
Seat 3: $Bamb85i$ ($5 in chips) 
Seat 4: MickyoFFM ($4.50 in chips) 
Seat 5: Farva500 ($21.60 in chips) 
Seat 6: Fradley ($15 in chips) 
Seat 7: brain31 ($30.10 in chips) 
Seat 8: LePaKKoKyNsi ($25.60 in chips) 
Seat 9: griszka ($45.10 in chips) 
brain31: posts small blind $0.10
LePaKKoKyNsi: posts big blind $0.25
*** HOLE CARDS ***
Dealt to Alameda22 [8h 4s]
griszka: calls $0.25
Alameda22: folds 
$Bamb85i$: folds 
MickyoFFM: folds 
Farva500: folds 
Fradley: folds 
brain31: raises $1 to $1.25
LePaKKoKyNsi: folds 
griszka: calls $1
*** FLOP *** [8c 8s Ac]
brain31: checks 
griszka: bets $1
brain31: folds 
Uncalled bet ($1) returned to griszka
griszka collected $2.65 from pot
griszka: doesn't show hand 
*** SUMMARY ***
Total pot $2.75 | Rake $0.10 
Board [8c 8s Ac]
Seat 2: Alameda22 folded before Flop (didn't bet)
Seat 3: $Bamb85i$ folded before Flop (didn't bet)
Seat 4: MickyoFFM folded before Flop (didn't bet)
Seat 5: Farva500 folded before Flop (didn't bet)
Seat 6: Fradley (button) folded before Flop (didn't bet)
Seat 7: brain31 (small blind) folded on the Flop
Seat 8: LePaKKoKyNsi (big blind) folded before Flop
Seat 9: griszka collected ($2.65)



PokerStars Game #20024305028:  Hold'em No Limit ($0.10/$0.25) - 2008/08/30 - 19:48:42 (ET)
Table 'Gyas II' 9-max Seat #7 is the button
Seat 2: Alameda22 ($24.40 in chips) 
Seat 3: $Bamb85i$ ($5 in chips) 
Seat 4: MickyoFFM ($4.50 in chips) 
Seat 5: Farva500 ($21.60 in chips) 
Seat 6: Fradley ($15 in chips) 
Seat 7: brain31 ($28.85 in chips) 
Seat 8: LePaKKoKyNsi ($25.35 in chips) 
Seat 9: griszka ($46.50 in chips) 
LePaKKoKyNsi: posts small blind $0.10
griszka: posts big blind $0.25
*** HOLE CARDS ***
Dealt to Alameda22 [8s 5h]
Alameda22: folds 
$Bamb85i$: folds 
MickyoFFM: folds 
Farva500: folds 
Fradley: calls $0.25
brain31: folds 
LePaKKoKyNsi: folds 
griszka: checks 
*** FLOP *** [8d 3c 5c]
griszka: checks 
Fradley: checks 
*** TURN *** [8d 3c 5c] [Ts]
griszka: checks 
Fradley: checks 
*** RIVER *** [8d 3c 5c Ts] [4d]
griszka: bets $1.25
Fradley: folds 
Uncalled bet ($1.25) returned to griszka
griszka collected $0.60 from pot
griszka: doesn't show hand 
jordyun joins the table at seat #1 
*** SUMMARY ***
Total pot $0.60 | Rake $0 
Board [8d 3c 5c Ts 4d]
Seat 2: Alameda22 folded before Flop (didn't bet)
Seat 3: $Bamb85i$ folded before Flop (didn't bet)
Seat 4: MickyoFFM folded before Flop (didn't bet)
Seat 5: Farva500 folded before Flop (didn't bet)
Seat 6: Fradley folded on the River
Seat 7: brain31 (button) folded before Flop (didn't bet)
Seat 8: LePaKKoKyNsi (small blind) folded before Flop
Seat 9: griszka (big blind) collected ($0.60)



PokerStars Game #20024321053:  Hold'em No Limit ($0.10/$0.25) - 2008/08/30 - 19:49:29 (ET)
Table 'Gyas II' 9-max Seat #8 is the button
Seat 1: jordyun ($25 in chips) 
Seat 2: Alameda22 ($24.40 in chips) 
Seat 3: $Bamb85i$ ($5 in chips) 
Seat 4: MickyoFFM ($4.50 in chips) 
Seat 5: Farva500 ($21.60 in chips) 
Seat 6: Fradley ($14.75 in chips) 
Seat 7: brain31 ($28.85 in chips) 
Seat 8: LePaKKoKyNsi ($25.25 in chips) 
Seat 9: griszka ($46.85 in chips) 
griszka: posts small blind $0.10
jordyun: posts big blind $0.25
*** HOLE CARDS ***
Dealt to Alameda22 [4d 7h]
Alameda22: folds 
$Bamb85i$: folds 
MickyoFFM: calls $0.25
Farva500: calls $0.25
Fradley: folds 
brain31: folds 
LePaKKoKyNsi: folds 
griszka: folds 
jordyun: checks 
*** FLOP *** [8d 6h 4c]
jordyun: checks 
MickyoFFM: checks 
Farva500: checks 
*** TURN *** [8d 6h 4c] [3s]
jordyun: checks 
MickyoFFM: checks 
Farva500: checks 
*** RIVER *** [8d 6h 4c 3s] [Qs]
jordyun: checks 
MickyoFFM: checks 
Farva500: checks 
*** SHOW DOWN ***
jordyun: shows [Ad 5d] (high card Ace)
MickyoFFM: shows [3h Ah] (a pair of Threes)
Farva500: mucks hand 
MickyoFFM collected $0.85 from pot
*** SUMMARY ***
Total pot $0.85 | Rake $0 
Board [8d 6h 4c 3s Qs]
Seat 1: jordyun (big blind) showed [Ad 5d] and lost with high card Ace
Seat 2: Alameda22 folded before Flop (didn't bet)
Seat 3: $Bamb85i$ folded before Flop (didn't bet)
Seat 4: MickyoFFM showed [3h Ah] and won ($0.85) with a pair of Threes
Seat 5: Farva500 mucked [Js Ts]
Seat 6: Fradley folded before Flop (didn't bet)
Seat 7: brain31 folded before Flop (didn't bet)
Seat 8: LePaKKoKyNsi (button) folded before Flop (didn't bet)
Seat 9: griszka (small blind) folded before Flop



PokerStars Game #20024342396:  Hold'em No Limit ($0.10/$0.25) - 2008/08/30 - 19:50:32 (ET)
Table 'Gyas II' 9-max Seat #9 is the button
Seat 1: jordyun ($24.75 in chips) 
Seat 2: Alameda22 ($24.40 in chips) 
Seat 3: $Bamb85i$ ($5 in chips) 
Seat 4: MickyoFFM ($5.10 in chips) 
Seat 5: Farva500 ($21.35 in chips) 
Seat 6: Fradley ($14.75 in chips) 
Seat 7: brain31 ($28.85 in chips) 
Seat 8: LePaKKoKyNsi ($25.25 in chips) 
Seat 9: griszka ($46.75 in chips) 
jordyun: posts small blind $0.10
Alameda22: posts big blind $0.25
*** HOLE CARDS ***
Dealt to Alameda22 [As 6h]
$Bamb85i$: raises $0.75 to $1
MickyoFFM: folds 
Farva500: folds 
Fradley: folds 
brain31: folds 
LePaKKoKyNsi: folds 
griszka: folds 
jordyun: folds 
Alameda22: folds 
Uncalled bet ($0.75) returned to $Bamb85i$
$Bamb85i$ collected $0.60 from pot
$Bamb85i$: doesn't show hand 
*** SUMMARY ***
Total pot $0.60 | Rake $0 
Seat 1: jordyun (small blind) folded before Flop
Seat 2: Alameda22 (big blind) folded before Flop
Seat 3: $Bamb85i$ collected ($0.60)
Seat 4: MickyoFFM folded before Flop (didn't bet)
Seat 5: Farva500 folded before Flop (didn't bet)
Seat 6: Fradley folded before Flop (didn't bet)
Seat 7: brain31 folded before Flop (didn't bet)
Seat 8: LePaKKoKyNsi folded before Flop (didn't bet)
Seat 9: griszka (button) folded before Flop (didn't bet)



PokerStars Game #20024354008:  Hold'em No Limit ($0.10/$0.25) - 2008/08/30 - 19:51:06 (ET)
Table 'Gyas II' 9-max Seat #1 is the button
Seat 1: jordyun ($24.65 in chips) 
Seat 2: Alameda22 ($24.15 in chips) 
Seat 3: $Bamb85i$ ($5.35 in chips) 
Seat 4: MickyoFFM ($5.10 in chips) 
Seat 5: Farva500 ($21.35 in chips) 
Seat 6: Fradley ($14.75 in chips) 
Seat 7: brain31 ($28.85 in chips) 
Seat 8: LePaKKoKyNsi ($25.25 in chips) 
Seat 9: griszka ($46.75 in chips) 
Alameda22: posts small blind $0.10
$Bamb85i$: posts big blind $0.25
*** HOLE CARDS ***
Dealt to Alameda22 [Js 9s]
MickyoFFM: folds 
Farva500: raises $0.75 to $1
Fradley: folds 
brain31: folds 
LePaKKoKyNsi: folds 
griszka: folds 
jordyun: folds 
Alameda22: folds 
$Bamb85i$: folds 
Uncalled bet ($0.75) returned to Farva500
Farva500 collected $0.60 from pot
*** SUMMARY ***
Total pot $0.60 | Rake $0 
Seat 1: jordyun (button) folded before Flop (didn't bet)
Seat 2: Alameda22 (small blind) folded before Flop
Seat 3: $Bamb85i$ (big blind) folded before Flop
Seat 4: MickyoFFM folded before Flop (didn't bet)
Seat 5: Farva500 collected ($0.60)
Seat 6: Fradley folded before Flop (didn't bet)
Seat 7: brain31 folded before Flop (didn't bet)
Seat 8: LePaKKoKyNsi folded before Flop (didn't bet)
Seat 9: griszka folded before Flop (didn't bet)



PokerStars Game #20024366324:  Hold'em No Limit ($0.10/$0.25) - 2008/08/30 - 19:51:44 (ET)
Table 'Gyas II' 9-max Seat #2 is the button
Seat 1: jordyun ($24.65 in chips) 
Seat 2: Alameda22 ($24.05 in chips) 
Seat 3: $Bamb85i$ ($5.10 in chips) 
Seat 4: MickyoFFM ($5.10 in chips) 
Seat 5: Farva500 ($21.70 in chips) 
Seat 6: Fradley ($14.75 in chips) 
Seat 7: brain31 ($28.85 in chips) 
Seat 8: LePaKKoKyNsi ($25.25 in chips) 
Seat 9: griszka ($46.75 in chips) 
$Bamb85i$: posts small blind $0.10
MickyoFFM: posts big blind $0.25
*** HOLE CARDS ***
Dealt to Alameda22 [Kc 8s]
Farva500: folds 
Fradley: folds 
brain31: folds 
LePaKKoKyNsi: folds 
griszka: calls $0.25
jordyun: folds 
Alameda22: folds 
$Bamb85i$: folds 
MickyoFFM: raises $0.50 to $0.75
griszka: calls $0.50
*** FLOP *** [8c 5h 4h]
MickyoFFM: bets $0.75
griszka: calls $0.75
*** TURN *** [8c 5h 4h] [Kd]
MickyoFFM: bets $1
griszka: calls $1
*** RIVER *** [8c 5h 4h Kd] [9s]
MickyoFFM: bets $1.50
griszka: folds 
Uncalled bet ($1.50) returned to MickyoFFM
MickyoFFM collected $4.90 from pot
MickyoFFM: doesn't show hand 
*** SUMMARY ***
Total pot $5.10 | Rake $0.20 
Board [8c 5h 4h Kd 9s]
Seat 1: jordyun folded before Flop (didn't bet)
Seat 2: Alameda22 (button) folded before Flop (didn't bet)
Seat 3: $Bamb85i$ (small blind) folded before Flop
Seat 4: MickyoFFM (big blind) collected ($4.90)
Seat 5: Farva500 folded before Flop (didn't bet)
Seat 6: Fradley folded before Flop (didn't bet)
Seat 7: brain31 folded before Flop (didn't bet)
Seat 8: LePaKKoKyNsi folded before Flop (didn't bet)
Seat 9: griszka folded on the River



PokerStars Game #20024390145:  Hold'em No Limit ($0.10/$0.25) - 2008/08/30 - 19:52:55 (ET)
Table 'Gyas II' 9-max Seat #3 is the button
Seat 1: jordyun ($24.65 in chips) 
Seat 2: Alameda22 ($24.05 in chips) 
Seat 3: $Bamb85i$ ($5 in chips) 
Seat 4: MickyoFFM ($7.50 in chips) 
Seat 5: Farva500 ($21.70 in chips) 
Seat 6: Fradley ($14.75 in chips) 
Seat 7: brain31 ($28.85 in chips) 
Seat 8: LePaKKoKyNsi ($25.25 in chips) 
Seat 9: griszka ($44.25 in chips) 
MickyoFFM: posts small blind $0.10
Farva500: posts big blind $0.25
*** HOLE CARDS ***
Dealt to Alameda22 [9h Tc]
Fradley: folds 
brain31: folds 
LePaKKoKyNsi: folds 
griszka: folds 
jordyun: folds 
griszka leaves the table
Alameda22: folds 
$Bamb85i$: raises $0.75 to $1
MickyoFFM: folds 
Farva500: folds 
Uncalled bet ($0.75) returned to $Bamb85i$
$Bamb85i$ collected $0.60 from pot
$Bamb85i$: doesn't show hand 
*** SUMMARY ***
Total pot $0.60 | Rake $0 
Seat 1: jordyun folded before Flop (didn't bet)
Seat 2: Alameda22 folded before Flop (didn't bet)
Seat 3: $Bamb85i$ (button) collected ($0.60)
Seat 4: MickyoFFM (small blind) folded before Flop
Seat 5: Farva500 (big blind) folded before Flop
Seat 6: Fradley folded before Flop (didn't bet)
Seat 7: brain31 folded before Flop (didn't bet)
Seat 8: LePaKKoKyNsi folded before Flop (didn't bet)
Seat 9: griszka folded before Flop (didn't bet)



PokerStars Game #20024403485:  Hold'em No Limit ($0.10/$0.25) - 2008/08/30 - 19:53:35 (ET)
Table 'Gyas II' 9-max Seat #4 is the button
Seat 1: jordyun ($24.65 in chips) 
Seat 2: Alameda22 ($24.05 in chips) 
Seat 3: $Bamb85i$ ($5.35 in chips) 
Seat 4: MickyoFFM ($7.40 in chips) 
Seat 5: Farva500 ($21.45 in chips) 
Seat 6: Fradley ($14.75 in chips) 
Seat 7: brain31 ($28.85 in chips) 
Seat 8: LePaKKoKyNsi ($25.25 in chips) 
Farva500: posts small blind $0.10
Fradley: posts big blind $0.25
*** HOLE CARDS ***
Dealt to Alameda22 [Ac 5d]
brain31: folds 
LePaKKoKyNsi: calls $0.25
jordyun: folds 
Alameda22: folds 
$Bamb85i$: folds 
MickyoFFM: calls $0.25
Farva500: calls $0.15
Fradley: checks 
*** FLOP *** [9h Ks 3c]
Farva500: checks 
Fradley: checks 
LePaKKoKyNsi: checks 
MickyoFFM: checks 
*** TURN *** [9h Ks 3c] [6c]
Farva500: checks 
Fradley: checks 
LePaKKoKyNsi: checks 
MickyoFFM: checks 
*** RIVER *** [9h Ks 3c 6c] [Kh]
Farva500: checks 
Fradley: checks 
LePaKKoKyNsi: bets $0.50
MickyoFFM: calls $0.50
Farva500: folds 
Fradley: folds 
*** SHOW DOWN ***
LePaKKoKyNsi: shows [9s Ts] (two pair, Kings and Nines)
MickyoFFM: mucks hand 
LePaKKoKyNsi collected $1.95 from pot
*** SUMMARY ***
Total pot $2 | Rake $0.05 
Board [9h Ks 3c 6c Kh]
Seat 1: jordyun folded before Flop (didn't bet)
Seat 2: Alameda22 folded before Flop (didn't bet)
Seat 3: $Bamb85i$ folded before Flop (didn't bet)
Seat 4: MickyoFFM (button) mucked [7h 7d]
Seat 5: Farva500 (small blind) folded on the River
Seat 6: Fradley (big blind) folded on the River
Seat 7: brain31 folded before Flop (didn't bet)
Seat 8: LePaKKoKyNsi showed [9s Ts] and won ($1.95) with two pair, Kings and Nines



PokerStars Game #20024424025:  Hold'em No Limit ($0.10/$0.25) - 2008/08/30 - 19:54:36 (ET)
Table 'Gyas II' 9-max Seat #5 is the button
Seat 1: jordyun ($25 in chips) 
Seat 2: Alameda22 ($24.05 in chips) 
Seat 3: $Bamb85i$ ($5.35 in chips) 
Seat 4: MickyoFFM ($6.65 in chips) 
Seat 5: Farva500 ($21.20 in chips) 
Seat 6: Fradley ($14.50 in chips) 
Seat 7: brain31 ($28.85 in chips) 
Seat 8: LePaKKoKyNsi ($26.45 in chips) 
Fradley: posts small blind $0.10
brain31: posts big blind $0.25
*** HOLE CARDS ***
Dealt to Alameda22 [4d 6c]
LePaKKoKyNsi: folds 
jordyun: folds 
linda260 joins the table at seat #9 
Alameda22: folds 
$Bamb85i$: folds 
MickyoFFM: calls $0.25
Farva500: folds 
Fradley: calls $0.15
brain31: checks 
*** FLOP *** [Ks Ts 4h]
Fradley: checks 
brain31: checks 
MickyoFFM: checks 
*** TURN *** [Ks Ts 4h] [Qc]
Fradley: checks 
brain31: checks 
MickyoFFM: checks 
*** RIVER *** [Ks Ts 4h Qc] [7s]
Fradley: checks 
brain31: checks 
MickyoFFM: checks 
*** SHOW DOWN ***
Fradley: shows [Tc Qh] (two pair, Queens and Tens)
brain31: mucks hand 
MickyoFFM: mucks hand 
Fradley collected $0.75 from pot
*** SUMMARY ***
Total pot $0.75 | Rake $0 
Board [Ks Ts 4h Qc 7s]
Seat 1: jordyun folded before Flop (didn't bet)
Seat 2: Alameda22 folded before Flop (didn't bet)
Seat 3: $Bamb85i$ folded before Flop (didn't bet)
Seat 4: MickyoFFM mucked [6d 5d]
Seat 5: Farva500 (button) folded before Flop (didn't bet)
Seat 6: Fradley (small blind) showed [Tc Qh] and won ($0.75) with two pair, Queens and Tens
Seat 7: brain31 (big blind) mucked [8h 9d]
Seat 8: LePaKKoKyNsi folded before Flop (didn't bet)



PokerStars Game #20024450071:  Hold'em No Limit ($0.10/$0.25) - 2008/08/30 - 19:55:55 (ET)
Table 'Gyas II' 9-max Seat #6 is the button
Seat 1: jordyun ($25 in chips) 
Seat 2: Alameda22 ($24.05 in chips) 
Seat 3: $Bamb85i$ ($5.35 in chips) 
Seat 4: MickyoFFM ($6.40 in chips) 
Seat 5: Farva500 ($21.20 in chips) 
Seat 6: Fradley ($15 in chips) 
Seat 7: brain31 ($28.60 in chips) 
Seat 8: LePaKKoKyNsi ($26.45 in chips) 
brain31: posts small blind $0.10
LePaKKoKyNsi: posts big blind $0.25
linda260: sits out 
*** HOLE CARDS ***
Dealt to Alameda22 [2h 4d]
jordyun: folds 
Alameda22: folds 
$Bamb85i$: folds 
MickyoFFM: raises $0.50 to $0.75
Farva500: folds 
Fradley: folds 
brain31: folds 
LePaKKoKyNsi: folds 
Uncalled bet ($0.50) returned to MickyoFFM
MickyoFFM collected $0.60 from pot
MickyoFFM: doesn't show hand 
brain31 leaves the table
*** SUMMARY ***
Total pot $0.60 | Rake $0 
Seat 1: jordyun folded before Flop (didn't bet)
Seat 2: Alameda22 folded before Flop (didn't bet)
Seat 3: $Bamb85i$ folded before Flop (didn't bet)
Seat 4: MickyoFFM collected ($0.60)
Seat 5: Farva500 folded before Flop (didn't bet)
Seat 6: Fradley (button) folded before Flop (didn't bet)
Seat 7: brain31 (small blind) folded before Flop
Seat 8: LePaKKoKyNsi (big blind) folded before Flop



PokerStars Game #20024467278:  Hold'em No Limit ($0.10/$0.25) - 2008/08/30 - 19:56:47 (ET)
Table 'Gyas II' 9-max Seat #8 is the button
Seat 1: jordyun ($25 in chips) 
Seat 2: Alameda22 ($24.05 in chips) 
Seat 3: $Bamb85i$ ($5.35 in chips) 
Seat 4: MickyoFFM ($6.75 in chips) 
Seat 5: Farva500 ($21.20 in chips) 
Seat 6: Fradley ($15 in chips) 
Seat 8: LePaKKoKyNsi ($26.20 in chips) 
linda260 will be allowed to play after the button
jordyun: posts small blind $0.10
Alameda22: posts big blind $0.25
*** HOLE CARDS ***
Dealt to Alameda22 [6s Jc]
$Bamb85i$: folds 
MickyoFFM: folds 
Farva500: folds 
Fradley: folds 
LePaKKoKyNsi: folds 
jordyun: folds 
Uncalled bet ($0.15) returned to Alameda22
Alameda22 collected $0.20 from pot
Alameda22: doesn't show hand 
*** SUMMARY ***
Total pot $0.20 | Rake $0 
Seat 1: jordyun (small blind) folded before Flop
Seat 2: Alameda22 (big blind) collected ($0.20)
Seat 3: $Bamb85i$ folded before Flop (didn't bet)
Seat 4: MickyoFFM folded before Flop (didn't bet)
Seat 5: Farva500 folded before Flop (didn't bet)
Seat 6: Fradley folded before Flop (didn't bet)
Seat 8: LePaKKoKyNsi (button) folded before Flop (didn't bet)



PokerStars Game #20024473875:  Hold'em No Limit ($0.10/$0.25) - 2008/08/30 - 19:57:07 (ET)
Table 'Gyas II' 9-max Seat #1 is the button
Seat 1: jordyun ($24.90 in chips) 
Seat 2: Alameda22 ($24.15 in chips) 
Seat 3: $Bamb85i$ ($5.35 in chips) 
Seat 4: MickyoFFM ($6.75 in chips) 
Seat 5: Farva500 ($21.20 in chips) 
Seat 6: Fradley ($15 in chips) 
Seat 8: LePaKKoKyNsi ($26.20 in chips) 
Seat 9: linda260 ($15 in chips) 
Alameda22: posts small blind $0.10
$Bamb85i$: posts big blind $0.25
linda260: posts big blind $0.25
*** HOLE CARDS ***
Dealt to Alameda22 [Tc Qc]
MickyoFFM: calls $0.25
Farva500: calls $0.25
Fradley: calls $0.25
LePaKKoKyNsi: folds 
linda260: checks 
jordyun: raises $1.25 to $1.50
Alameda22: folds 
$Bamb85i$: folds 
MickyoFFM: folds 
Farva500: folds 
Fradley: folds 
linda260: folds 
Uncalled bet ($1.25) returned to jordyun
jordyun collected $1.60 from pot
jordyun: doesn't show hand 
*** SUMMARY ***
Total pot $1.60 | Rake $0 
Seat 1: jordyun (button) collected ($1.60)
Seat 2: Alameda22 (small blind) folded before Flop
Seat 3: $Bamb85i$ (big blind) folded before Flop
Seat 4: MickyoFFM folded before Flop
Seat 5: Farva500 folded before Flop
Seat 6: Fradley folded before Flop
Seat 8: LePaKKoKyNsi folded before Flop (didn't bet)
Seat 9: linda260 folded before Flop



PokerStars Game #20024492226:  Hold'em No Limit ($0.10/$0.25) - 2008/08/30 - 19:58:03 (ET)
Table 'Gyas II' 9-max Seat #2 is the button
Seat 1: jordyun ($26.25 in chips) 
Seat 2: Alameda22 ($24.05 in chips) 
Seat 3: $Bamb85i$ ($5.10 in chips) 
Seat 5: Farva500 ($20.95 in chips) 
Seat 6: Fradley ($14.75 in chips) 
Seat 8: LePaKKoKyNsi ($26.20 in chips) 
Seat 9: linda260 ($14.75 in chips) 
$Bamb85i$: posts small blind $0.10
MickyoFFM: is sitting out 
Farva500: posts big blind $0.25
*** HOLE CARDS ***
Dealt to Alameda22 [5d Ac]
Fradley: folds 
MickyoFFM leaves the table
LePaKKoKyNsi: folds 
linda260: folds 
jordyun: folds 
Alameda22: folds 
$Bamb85i$: folds 
Uncalled bet ($0.15) returned to Farva500
Farva500 collected $0.20 from pot
*** SUMMARY ***
Total pot $0.20 | Rake $0 
Seat 1: jordyun folded before Flop (didn't bet)
Seat 2: Alameda22 (button) folded before Flop (didn't bet)
Seat 3: $Bamb85i$ (small blind) folded before Flop
Seat 5: Farva500 (big blind) collected ($0.20)
Seat 6: Fradley folded before Flop (didn't bet)
Seat 8: LePaKKoKyNsi folded before Flop (didn't bet)
Seat 9: linda260 folded before Flop (didn't bet)



PokerStars Game #20024502665:  Hold'em No Limit ($0.10/$0.25) - 2008/08/30 - 19:58:35 (ET)
Table 'Gyas II' 9-max Seat #3 is the button
Seat 1: jordyun ($26.25 in chips) 
Seat 2: Alameda22 ($24.05 in chips) 
Seat 3: $Bamb85i$ ($5 in chips) 
Seat 5: Farva500 ($21.05 in chips) 
Seat 6: Fradley ($14.75 in chips) 
Seat 8: LePaKKoKyNsi ($26.20 in chips) 
Seat 9: linda260 ($14.75 in chips) 
Farva500: posts small blind $0.10
Fradley: posts big blind $0.25
*** HOLE CARDS ***
Dealt to Alameda22 [Ad Ks]
LePaKKoKyNsi: folds 
linda260: folds 
jordyun: folds 
Alameda22: raises $0.75 to $1
$Bamb85i$: folds 
Farva500: folds 
Fradley: folds 
Uncalled bet ($0.75) returned to Alameda22
Alameda22 collected $0.60 from pot
Alameda22: doesn't show hand 
*** SUMMARY ***
Total pot $0.60 | Rake $0 
Seat 1: jordyun folded before Flop (didn't bet)
Seat 2: Alameda22 collected ($0.60)
Seat 3: $Bamb85i$ (button) folded before Flop (didn't bet)
Seat 5: Farva500 (small blind) folded before Flop
Seat 6: Fradley (big blind) folded before Flop
Seat 8: LePaKKoKyNsi folded before Flop (didn't bet)
Seat 9: linda260 folded before Flop (didn't bet)



PokerStars Game #20024513901:  Hold'em No Limit ($0.10/$0.25) - 2008/08/30 - 19:59:09 (ET)
Table 'Gyas II' 9-max Seat #5 is the button
Seat 1: jordyun ($26.25 in chips) 
Seat 2: Alameda22 ($24.40 in chips) 
Seat 3: $Bamb85i$ ($5 in chips) 
Seat 5: Farva500 ($20.95 in chips) 
Seat 6: Fradley ($14.50 in chips) 
Seat 8: LePaKKoKyNsi ($26.20 in chips) 
Seat 9: linda260 ($14.75 in chips) 
Fradley: posts small blind $0.10
LePaKKoKyNsi: posts big blind $0.25
*** HOLE CARDS ***
Dealt to Alameda22 [4c Kh]
linda260: folds 
jordyun: folds 
Alameda22: folds 
$Bamb85i$: folds 
Farva500: raises $0.50 to $0.75
Fradley: folds 
LePaKKoKyNsi: folds 
Uncalled bet ($0.50) returned to Farva500
Farva500 collected $0.60 from pot
*** SUMMARY ***
Total pot $0.60 | Rake $0 
Seat 1: jordyun folded before Flop (didn't bet)
Seat 2: Alameda22 folded before Flop (didn't bet)
Seat 3: $Bamb85i$ folded before Flop (didn't bet)
Seat 5: Farva500 (button) collected ($0.60)
Seat 6: Fradley (small blind) folded before Flop
Seat 8: LePaKKoKyNsi (big blind) folded before Flop
Seat 9: linda260 folded before Flop (didn't bet)



PokerStars Game #20024525891:  Hold'em No Limit ($0.10/$0.25) - 2008/08/30 - 19:59:46 (ET)
Table 'Gyas II' 9-max Seat #6 is the button
Seat 1: jordyun ($26.25 in chips) 
Seat 2: Alameda22 ($24.40 in chips) 
Seat 3: $Bamb85i$ ($5 in chips) 
Seat 5: Farva500 ($21.30 in chips) 
Seat 6: Fradley ($14.40 in chips) 
Seat 8: LePaKKoKyNsi ($25.95 in chips) 
Seat 9: linda260 ($14.75 in chips) 
LePaKKoKyNsi: posts small blind $0.10
linda260: posts big blind $0.25
*** HOLE CARDS ***
Dealt to Alameda22 [2h 6d]
jordyun: folds 
Alameda22: folds 
$Bamb85i$: folds 
Farva500: raises $0.50 to $0.75
Fradley: calls $0.75
LePaKKoKyNsi: folds 
linda260: folds 
*** FLOP *** [Ad 2d 7d]
Farva500: checks 
Fradley: bets $1
Farva500: folds 
Uncalled bet ($1) returned to Fradley
Fradley collected $1.80 from pot
Fradley: doesn't show hand 
*** SUMMARY ***
Total pot $1.85 | Rake $0.05 
Board [Ad 2d 7d]
Seat 1: jordyun folded before Flop (didn't bet)
Seat 2: Alameda22 folded before Flop (didn't bet)
Seat 3: $Bamb85i$ folded before Flop (didn't bet)
Seat 5: Farva500 folded on the Flop
Seat 6: Fradley (button) collected ($1.80)
Seat 8: LePaKKoKyNsi (small blind) folded before Flop
Seat 9: linda260 (big blind) folded before Flop



PokerStars Game #20024539491:  Hold'em No Limit ($0.10/$0.25) - 2008/08/30 - 20:00:25 (ET)
Table 'Gyas II' 9-max Seat #8 is the button
Seat 1: jordyun ($26.25 in chips) 
Seat 2: Alameda22 ($24.40 in chips) 
Seat 3: $Bamb85i$ ($5 in chips) 
Seat 5: Farva500 ($20.55 in chips) 
Seat 6: Fradley ($15.45 in chips) 
Seat 8: LePaKKoKyNsi ($25.85 in chips) 
Seat 9: linda260 ($14.50 in chips) 
linda260: posts small blind $0.10
jordyun: posts big blind $0.25
*** HOLE CARDS ***
Dealt to Alameda22 [6h Js]
Alameda22: folds 
$Bamb85i$: folds 
Farva500: raises $0.50 to $0.75
Fradley: calls $0.75
LePaKKoKyNsi: folds 
linda260: folds 
jordyun: calls $0.50
*** FLOP *** [4d 6c 5d]
jordyun: bets $1.25
Farva500: calls $1.25
Fradley: folds 
*** TURN *** [4d 6c 5d] [4h]
jordyun: bets $3
Farva500: calls $3
*** RIVER *** [4d 6c 5d 4h] [9c]
jordyun: bets $8
Farva500: folds 
Uncalled bet ($8) returned to jordyun
jordyun collected $10.35 from pot
jordyun: doesn't show hand 
*** SUMMARY ***
Total pot $10.85 | Rake $0.50 
Board [4d 6c 5d 4h 9c]
Seat 1: jordyun (big blind) collected ($10.35)
Seat 2: Alameda22 folded before Flop (didn't bet)
Seat 3: $Bamb85i$ folded before Flop (didn't bet)
Seat 5: Farva500 folded on the River
Seat 6: Fradley folded on the Flop
Seat 8: LePaKKoKyNsi (button) folded before Flop (didn't bet)
Seat 9: linda260 (small blind) folded before Flop



PokerStars Game #20024568505:  Hold'em No Limit ($0.10/$0.25) - 2008/08/30 - 20:01:51 (ET)
Table 'Gyas II' 9-max Seat #9 is the button
Seat 1: jordyun ($31.60 in chips) 
Seat 2: Alameda22 ($24.40 in chips) 
Seat 3: $Bamb85i$ ($5 in chips) 
Seat 5: Farva500 ($20.55 in chips) 
Seat 6: Fradley ($14.70 in chips) 
Seat 8: LePaKKoKyNsi ($25.85 in chips) 
Seat 9: linda260 ($14.40 in chips) 
jordyun: posts small blind $0.10
Alameda22: posts big blind $0.25
*** HOLE CARDS ***
Dealt to Alameda22 [7s Ah]
$Bamb85i$: folds 
Farva500: folds 
Fradley: folds 
LePaKKoKyNsi: folds 
linda260: folds 
jordyun: folds 
Uncalled bet ($0.15) returned to Alameda22
Alameda22 collected $0.20 from pot
Alameda22: doesn't show hand 
*** SUMMARY ***
Total pot $0.20 | Rake $0 
Seat 1: jordyun (small blind) folded before Flop
Seat 2: Alameda22 (big blind) collected ($0.20)
Seat 3: $Bamb85i$ folded before Flop (didn't bet)
Seat 5: Farva500 folded before Flop (didn't bet)
Seat 6: Fradley folded before Flop (didn't bet)
Seat 8: LePaKKoKyNsi folded before Flop (didn't bet)
Seat 9: linda260 (button) folded before Flop (didn't bet)



PokerStars Game #20024579995:  Hold'em No Limit ($0.10/$0.25) - 2008/08/30 - 20:02:25 (ET)
Table 'Gyas II' 9-max Seat #1 is the button
Seat 1: jordyun ($31.50 in chips) 
Seat 2: Alameda22 ($24.50 in chips) 
Seat 5: Farva500 ($20.55 in chips) 
Seat 6: Fradley ($14.70 in chips) 
Seat 8: LePaKKoKyNsi ($25.85 in chips) 
Seat 9: linda260 ($14.40 in chips) 
Alameda22: posts small blind $0.10
$Bamb85i$: is sitting out 
Farva500: posts big blind $0.25
*** HOLE CARDS ***
Dealt to Alameda22 [Jd Qd]
$Bamb85i$ leaves the table
Fradley: folds 
LePaKKoKyNsi: folds 
linda260: calls $0.25
jordyun: calls $0.25
Alameda22: folds 
Farva500: checks 
*** FLOP *** [2h 3c 5s]
Farva500: checks 
linda260: bets $0.75
jordyun: calls $0.75
Farva500: folds 
*** TURN *** [2h 3c 5s] [Ac]
linda260: checks 
jordyun: checks 
*** RIVER *** [2h 3c 5s Ac] [As]
linda260: checks 
jordyun: checks 
*** SHOW DOWN ***
linda260: shows [7s 7c] (two pair, Aces and Sevens)
jordyun: mucks hand 
linda260 collected $2.25 from pot
*** SUMMARY ***
Total pot $2.35 | Rake $0.10 
Board [2h 3c 5s Ac As]
Seat 1: jordyun (button) mucked [5d 7d]
Seat 2: Alameda22 (small blind) folded before Flop
Seat 5: Farva500 (big blind) folded on the Flop
Seat 6: Fradley folded before Flop (didn't bet)
Seat 8: LePaKKoKyNsi folded before Flop (didn't bet)
Seat 9: linda260 showed [7s 7c] and won ($2.25) with two pair, Aces and Sevens



PokerStars Game #20024602128:  Hold'em No Limit ($0.10/$0.25) - 2008/08/30 - 20:03:31 (ET)
Table 'Gyas II' 9-max Seat #2 is the button
Seat 1: jordyun ($30.50 in chips) 
Seat 2: Alameda22 ($24.40 in chips) 
Seat 5: Farva500 ($20.30 in chips) 
Seat 6: Fradley ($14.70 in chips) 
Seat 8: LePaKKoKyNsi ($25.85 in chips) 
Seat 9: linda260 ($15.65 in chips) 
Farva500: posts small blind $0.10
Fradley: posts big blind $0.25
*** HOLE CARDS ***
Dealt to Alameda22 [4s Ad]
LePaKKoKyNsi: folds 
linda260: folds 
jordyun: folds 
Alameda22: folds 
Farva500: raises $0.50 to $0.75
Fradley: folds 
Uncalled bet ($0.50) returned to Farva500
Farva500 collected $0.50 from pot
*** SUMMARY ***
Total pot $0.50 | Rake $0 
Seat 1: jordyun folded before Flop (didn't bet)
Seat 2: Alameda22 (button) folded before Flop (didn't bet)
Seat 5: Farva500 (small blind) collected ($0.50)
Seat 6: Fradley (big blind) folded before Flop
Seat 8: LePaKKoKyNsi folded before Flop (didn't bet)
Seat 9: linda260 folded before Flop (didn't bet)



PokerStars Game #20024614217:  Hold'em No Limit ($0.10/$0.25) - 2008/08/30 - 20:04:07 (ET)
Table 'Gyas II' 9-max Seat #5 is the button
Seat 1: jordyun ($30.50 in chips) 
Seat 2: Alameda22 ($24.40 in chips) 
Seat 5: Farva500 ($20.55 in chips) 
Seat 6: Fradley ($14.45 in chips) 
Fradley: posts small blind $0.10
LePaKKoKyNsi: is sitting out 
LePaKKoKyNsi leaves the table
linda260: is sitting out 
jordyun: posts big blind $0.25
*** HOLE CARDS ***
Dealt to Alameda22 [2c As]
Alameda22: folds 
Farva500: folds 
Fradley: calls $0.15
Farva500 leaves the table
jordyun: checks 
*** FLOP *** [8c 8s 4d]
Fradley: checks 
jordyun: bets $0.25
Fradley: folds 
Uncalled bet ($0.25) returned to jordyun
Fradley is sitting out
jordyun collected $0.50 from pot
Fradley leaves the table
jordyun: doesn't show hand 
*** SUMMARY ***
Total pot $0.50 | Rake $0 
Board [8c 8s 4d]
Seat 1: jordyun (big blind) collected ($0.50)
Seat 2: Alameda22 folded before Flop (didn't bet)
Seat 5: Farva500 (button) folded before Flop (didn't bet)
Seat 6: Fradley (small blind) folded on the Flop



PokerStars Game #20024706559:  Hold'em No Limit ($0.10/$0.25) - 2008/08/30 - 20:08:38 (ET)
Table 'Gyas II' 9-max Seat #2 is the button
Seat 2: Alameda22 ($24.40 in chips) 
Seat 3: cicci@fold ($5.35 in chips) 
Seat 5: AcesxHigh ($15 in chips) 
cicci@fold: posts small blind $0.10
AcesxHigh: posts big blind $0.25
*** HOLE CARDS ***
Dealt to Alameda22 [3s Qh]
jofaro55 joins the table at seat #8 
Alameda22: folds 
cicci@fold: calls $0.15
AcesxHigh: raises $0.75 to $1
cicci@fold: calls $0.75
*** FLOP *** [7s 4s 6c]
cicci@fold: checks 
AcesxHigh: checks 
*** TURN *** [7s 4s 6c] [Ad]
cicci@fold: checks 
AcesxHigh: bets $1
cicci@fold: calls $1
*** RIVER *** [7s 4s 6c Ad] [8s]
cicci@fold: checks 
AcesxHigh: bets $1.50
cicci@fold: raises $1.85 to $3.35 and is all-in
AcesxHigh: calls $1.85
*** SHOW DOWN ***
cicci@fold: shows [9c 5c] (a straight, Five to Nine)
AcesxHigh: mucks hand 
cicci@fold collected $10.20 from pot
*** SUMMARY ***
Total pot $10.70 | Rake $0.50 
Board [7s 4s 6c Ad 8s]
Seat 2: Alameda22 (button) folded before Flop (didn't bet)
Seat 3: cicci@fold (small blind) showed [9c 5c] and won ($10.20) with a straight, Five to Nine
Seat 5: AcesxHigh (big blind) mucked [Kd Ac]



PokerStars Game #20024727348:  Hold'em No Limit ($0.10/$0.25) - 2008/08/30 - 20:09:40 (ET)
Table 'Gyas II' 9-max Seat #3 is the button
Seat 2: Alameda22 ($24.40 in chips) 
Seat 3: cicci@fold ($10.20 in chips) 
Seat 5: AcesxHigh ($9.65 in chips) 
Seat 8: jofaro55 ($15 in chips) 
AcesxHigh: posts small blind $0.10
jofaro55: posts big blind $0.25
*** HOLE CARDS ***
Dealt to Alameda22 [4d Ac]
Alameda22: folds 
cicci@fold: calls $0.25
AcesxHigh: calls $0.15
jofaro55: checks 
*** FLOP *** [3h 8c 9c]
AcesxHigh: checks 
jofaro55: checks 
cicci@fold: checks 
*** TURN *** [3h 8c 9c] [Qc]
AcesxHigh: checks 
jofaro55: bets $0.25
cicci@fold: raises $0.75 to $1
AcesxHigh: folds 
jofaro55: calls $0.75
*** RIVER *** [3h 8c 9c Qc] [6h]
jofaro55: bets $0.25
cicci@fold: raises $0.75 to $1
jofaro55: calls $0.75
*** SHOW DOWN ***
cicci@fold: shows [7d Qh] (a pair of Queens)
jofaro55: shows [Qd 3s] (two pair, Queens and Threes)
jofaro55 collected $4.55 from pot
*** SUMMARY ***
Total pot $4.75 | Rake $0.20 
Board [3h 8c 9c Qc 6h]
Seat 2: Alameda22 folded before Flop (didn't bet)
Seat 3: cicci@fold (button) showed [7d Qh] and lost with a pair of Queens
Seat 5: AcesxHigh (small blind) folded on the Turn
Seat 8: jofaro55 (big blind) showed [Qd 3s] and won ($4.55) with two pair, Queens and Threes



