PokerStars Game #19897914569:  Hold'em No Limit ($0.10/$0.25) - 2008/08/25 - 19:39:27 (ET)
Table 'Hippokoon IV' 9-max Seat #4 is the button
Seat 1: Valezius ($6.10 in chips) 
Seat 2: temmikongi ($24.15 in chips) 
Seat 3: Sammy2212 ($6.10 in chips) 
Seat 4: QLCSAM ($5 in chips) 
Seat 5: SirMolle ($25.85 in chips) 
Seat 6: Alameda22 ($25 in chips) 
Seat 7: Landersp ($24.70 in chips) 
Seat 8: Kukoc69 ($31.30 in chips) 
SirMolle: posts small blind $0.10
Alameda22: posts big blind $0.25
gaelic12: sits out 
*** HOLE CARDS ***
Dealt to Alameda22 [5h 2s]
Landersp: raises $0.50 to $0.75
Kukoc69: folds 
Valezius: folds 
temmikongi: folds 
Sammy2212: folds 
QLCSAM: folds 
SirMolle: folds 
Alameda22: folds 
Uncalled bet ($0.50) returned to Landersp
Landersp collected $0.60 from pot
Landersp: doesn't show hand 
*** SUMMARY ***
Total pot $0.60 | Rake $0 
Seat 1: Valezius folded before Flop (didn't bet)
Seat 2: temmikongi folded before Flop (didn't bet)
Seat 3: Sammy2212 folded before Flop (didn't bet)
Seat 4: QLCSAM (button) folded before Flop (didn't bet)
Seat 5: SirMolle (small blind) folded before Flop
Seat 6: Alameda22 (big blind) folded before Flop
Seat 7: Landersp collected ($0.60)
Seat 8: Kukoc69 folded before Flop (didn't bet)



PokerStars Game #19897935948:  Hold'em No Limit ($0.10/$0.25) - 2008/08/25 - 19:40:22 (ET)
Table 'Hippokoon IV' 9-max Seat #5 is the button
Seat 1: Valezius ($6.10 in chips) 
Seat 2: temmikongi ($24.15 in chips) 
Seat 3: Sammy2212 ($6.10 in chips) 
Seat 4: QLCSAM ($5 in chips) 
Seat 5: SirMolle ($25.75 in chips) 
Seat 6: Alameda22 ($24.75 in chips) 
Seat 7: Landersp ($25.05 in chips) 
Seat 8: Kukoc69 ($31.30 in chips) 
Alameda22: posts small blind $0.10
Landersp: posts big blind $0.25
gaelic12: sits out 
*** HOLE CARDS ***
Dealt to Alameda22 [Qs 6s]
Kukoc69: raises $0.75 to $1
Valezius: folds 
temmikongi: folds 
Sammy2212: folds 
QLCSAM: folds 
SirMolle: calls $1
Alameda22: folds 
Landersp: folds 
*** FLOP *** [Ac Td Ts]
Kukoc69: bets $1.50
SirMolle: raises $2.50 to $4
Kukoc69: calls $2.50
*** TURN *** [Ac Td Ts] [Th]
Kukoc69: checks 
SirMolle: bets $3.50
Kukoc69: calls $3.50
*** RIVER *** [Ac Td Ts Th] [7c]
Kukoc69: checks 
SirMolle: checks 
*** SHOW DOWN ***
Kukoc69: shows [Ad Kd] (a full house, Tens full of Aces)
SirMolle: shows [Kh As] (a full house, Tens full of Aces)
Kukoc69 collected $8.30 from pot
SirMolle collected $8.25 from pot
*** SUMMARY ***
Total pot $17.35 | Rake $0.80 
Board [Ac Td Ts Th 7c]
Seat 1: Valezius folded before Flop (didn't bet)
Seat 2: temmikongi folded before Flop (didn't bet)
Seat 3: Sammy2212 folded before Flop (didn't bet)
Seat 4: QLCSAM folded before Flop (didn't bet)
Seat 5: SirMolle (button) showed [Kh As] and won ($8.25) with a full house, Tens full of Aces
Seat 6: Alameda22 (small blind) folded before Flop
Seat 7: Landersp (big blind) folded before Flop
Seat 8: Kukoc69 showed [Ad Kd] and won ($8.30) with a full house, Tens full of Aces



PokerStars Game #19897988666:  Hold'em No Limit ($0.10/$0.25) - 2008/08/25 - 19:42:38 (ET)
Table 'Hippokoon IV' 9-max Seat #6 is the button
Seat 1: Valezius ($6.10 in chips) 
Seat 2: temmikongi ($24.15 in chips) 
Seat 3: Sammy2212 ($6.10 in chips) 
Seat 4: QLCSAM ($5 in chips) 
Seat 5: SirMolle ($25.50 in chips) 
Seat 6: Alameda22 ($24.65 in chips) 
Seat 7: Landersp ($24.80 in chips) 
Seat 8: Kukoc69 ($31.10 in chips) 
Landersp: posts small blind $0.10
Kukoc69: posts big blind $0.25
gaelic12: sits out 
*** HOLE CARDS ***
Dealt to Alameda22 [Qc Ac]
Valezius: folds 
temmikongi: folds 
Sammy2212: folds 
QLCSAM: calls $0.25
SirMolle: folds 
Alameda22: raises $0.75 to $1
Landersp: folds 
Kukoc69: folds 
QLCSAM: calls $0.75
*** FLOP *** [7c Jd 4s]
QLCSAM: checks 
Alameda22: bets $1.50
QLCSAM: folds 
Uncalled bet ($1.50) returned to Alameda22
Alameda22 collected $2.25 from pot
Alameda22: doesn't show hand 
*** SUMMARY ***
Total pot $2.35 | Rake $0.10 
Board [7c Jd 4s]
Seat 1: Valezius folded before Flop (didn't bet)
Seat 2: temmikongi folded before Flop (didn't bet)
Seat 3: Sammy2212 folded before Flop (didn't bet)
Seat 4: QLCSAM folded on the Flop
Seat 5: SirMolle folded before Flop (didn't bet)
Seat 6: Alameda22 (button) collected ($2.25)
Seat 7: Landersp (small blind) folded before Flop
Seat 8: Kukoc69 (big blind) folded before Flop



PokerStars Game #19898012527:  Hold'em No Limit ($0.10/$0.25) - 2008/08/25 - 19:43:40 (ET)
Table 'Hippokoon IV' 9-max Seat #7 is the button
Seat 1: Valezius ($6.10 in chips) 
Seat 2: temmikongi ($24.15 in chips) 
Seat 3: Sammy2212 ($6.10 in chips) 
Seat 4: QLCSAM ($4 in chips) 
Seat 5: SirMolle ($25.50 in chips) 
Seat 6: Alameda22 ($25.90 in chips) 
Seat 7: Landersp ($24.70 in chips) 
Seat 8: Kukoc69 ($30.85 in chips) 
Seat 9: gaelic12 ($15 in chips) 
Kukoc69: posts small blind $0.10
gaelic12: posts big blind $0.25
*** HOLE CARDS ***
Dealt to Alameda22 [7h Kd]
Valezius: folds 
temmikongi: folds 
Sammy2212: folds 
QLCSAM: calls $0.25
SirMolle: folds 
Alameda22: folds 
Landersp: folds 
Kukoc69: folds 
gaelic12: checks 
*** FLOP *** [6c Jd 9d]
gaelic12: checks 
QLCSAM: checks 
*** TURN *** [6c Jd 9d] [Qs]
gaelic12: checks 
QLCSAM: checks 
*** RIVER *** [6c Jd 9d Qs] [8s]
gaelic12: bets $0.25
QLCSAM: calls $0.25
*** SHOW DOWN ***
gaelic12: shows [8d 4c] (a pair of Eights)
QLCSAM: shows [Ac 8h] (a pair of Eights - Ace kicker)
QLCSAM collected $1.05 from pot
*** SUMMARY ***
Total pot $1.10 | Rake $0.05 
Board [6c Jd 9d Qs 8s]
Seat 1: Valezius folded before Flop (didn't bet)
Seat 2: temmikongi folded before Flop (didn't bet)
Seat 3: Sammy2212 folded before Flop (didn't bet)
Seat 4: QLCSAM showed [Ac 8h] and won ($1.05) with a pair of Eights
Seat 5: SirMolle folded before Flop (didn't bet)
Seat 6: Alameda22 folded before Flop (didn't bet)
Seat 7: Landersp (button) folded before Flop (didn't bet)
Seat 8: Kukoc69 (small blind) folded before Flop
Seat 9: gaelic12 (big blind) showed [8d 4c] and lost with a pair of Eights



PokerStars Game #19898047014:  Hold'em No Limit ($0.10/$0.25) - 2008/08/25 - 19:45:11 (ET)
Table 'Hippokoon IV' 9-max Seat #8 is the button
Seat 2: temmikongi ($24.15 in chips) 
Seat 3: Sammy2212 ($6.10 in chips) 
Seat 4: QLCSAM ($4.55 in chips) 
Seat 5: SirMolle ($25.50 in chips) 
Seat 6: Alameda22 ($25.90 in chips) 
Seat 7: Landersp ($24.70 in chips) 
Seat 8: Kukoc69 ($30.75 in chips) 
Seat 9: gaelic12 ($14.50 in chips) 
gaelic12: posts small blind $0.10
Valezius: is sitting out 
Valezius leaves the table
temmikongi: posts big blind $0.25
*** HOLE CARDS ***
Dealt to Alameda22 [3c Th]
Sammy2212: calls $0.25
QLCSAM: folds 
SirMolle: raises $1 to $1.25
Alameda22: folds 
Landersp: folds 
supersteezy joins the table at seat #1 
Kukoc69: folds 
gaelic12: folds 
temmikongi: folds 
Sammy2212: folds 
Uncalled bet ($1) returned to SirMolle
SirMolle collected $0.85 from pot
SirMolle: doesn't show hand 
*** SUMMARY ***
Total pot $0.85 | Rake $0 
Seat 2: temmikongi (big blind) folded before Flop
Seat 3: Sammy2212 folded before Flop
Seat 4: QLCSAM folded before Flop (didn't bet)
Seat 5: SirMolle collected ($0.85)
Seat 6: Alameda22 folded before Flop (didn't bet)
Seat 7: Landersp folded before Flop (didn't bet)
Seat 8: Kukoc69 (button) folded before Flop (didn't bet)
Seat 9: gaelic12 (small blind) folded before Flop



PokerStars Game #19898070205:  Hold'em No Limit ($0.10/$0.25) - 2008/08/25 - 19:46:11 (ET)
Table 'Hippokoon IV' 9-max Seat #9 is the button
Seat 2: temmikongi ($25 in chips) 
Seat 3: Sammy2212 ($5.85 in chips) 
Seat 4: QLCSAM ($4.55 in chips) 
Seat 5: SirMolle ($26.10 in chips) 
Seat 6: Alameda22 ($25.90 in chips) 
Seat 7: Landersp ($24.70 in chips) 
Seat 8: Kukoc69 ($30.75 in chips) 
Seat 9: gaelic12 ($14.40 in chips) 
supersteezy will be allowed to play after the button
temmikongi: posts small blind $0.10
Sammy2212: posts big blind $0.25
*** HOLE CARDS ***
Dealt to Alameda22 [Th Td]
QLCSAM: folds 
SirMolle: folds 
QLCSAM leaves the table
Alameda22: raises $0.50 to $0.75
Landersp: folds 
Kukoc69: folds 
gaelic12: folds 
temmikongi: folds 
Sammy2212: folds 
Uncalled bet ($0.50) returned to Alameda22
Alameda22 collected $0.60 from pot
Alameda22: doesn't show hand 
*** SUMMARY ***
Total pot $0.60 | Rake $0 
Seat 2: temmikongi (small blind) folded before Flop
Seat 3: Sammy2212 (big blind) folded before Flop
Seat 4: QLCSAM folded before Flop (didn't bet)
Seat 5: SirMolle folded before Flop (didn't bet)
Seat 6: Alameda22 collected ($0.60)
Seat 7: Landersp folded before Flop (didn't bet)
Seat 8: Kukoc69 folded before Flop (didn't bet)
Seat 9: gaelic12 (button) folded before Flop (didn't bet)



PokerStars Game #19898094859:  Hold'em No Limit ($0.10/$0.25) - 2008/08/25 - 19:47:15 (ET)
Table 'Hippokoon IV' 9-max Seat #2 is the button
Seat 1: supersteezy ($25 in chips) 
Seat 2: temmikongi ($24.90 in chips) 
Seat 3: Sammy2212 ($5.60 in chips) 
Seat 5: SirMolle ($26.10 in chips) 
Seat 6: Alameda22 ($26.25 in chips) 
Seat 7: Landersp ($24.70 in chips) 
Seat 8: Kukoc69 ($30.75 in chips) 
Seat 9: gaelic12 ($14.40 in chips) 
Landersp is disconnected 
Sammy2212: posts small blind $0.10
SirMolle: posts big blind $0.25
supersteezy: posts big blind $0.25
*** HOLE CARDS ***
Dealt to Alameda22 [8s 6c]
Alameda22: folds 
Landersp is connected 
Landersp: folds 
dexbomb joins the table at seat #4 
Kukoc69: folds 
gaelic12: folds 
supersteezy: checks 
temmikongi: calls $0.25
Sammy2212: folds 
SirMolle: checks 
*** FLOP *** [Qd As Ac]
SirMolle: checks 
supersteezy: checks 
temmikongi: checks 
*** TURN *** [Qd As Ac] [Kh]
SirMolle: checks 
supersteezy: checks 
temmikongi: checks 
*** RIVER *** [Qd As Ac Kh] [Kd]
SirMolle: checks 
supersteezy: checks 
temmikongi: checks 
*** SHOW DOWN ***
SirMolle: shows [Ts 3d] (two pair, Aces and Kings)
supersteezy: shows [2d 4s] (two pair, Aces and Kings)
temmikongi: shows [7c 5c] (two pair, Aces and Kings)
SirMolle collected $0.30 from pot
supersteezy collected $0.30 from pot
temmikongi collected $0.25 from pot
*** SUMMARY ***
Total pot $0.85 | Rake $0 
Board [Qd As Ac Kh Kd]
Seat 1: supersteezy showed [2d 4s] and won ($0.30) with two pair, Aces and Kings
Seat 2: temmikongi (button) showed [7c 5c] and won ($0.25) with two pair, Aces and Kings
Seat 3: Sammy2212 (small blind) folded before Flop
Seat 5: SirMolle (big blind) showed [Ts 3d] and won ($0.30) with two pair, Aces and Kings
Seat 6: Alameda22 folded before Flop (didn't bet)
Seat 7: Landersp folded before Flop (didn't bet)
Seat 8: Kukoc69 folded before Flop (didn't bet)
Seat 9: gaelic12 folded before Flop (didn't bet)



PokerStars Game #19898133435:  Hold'em No Limit ($0.10/$0.25) - 2008/08/25 - 19:48:56 (ET)
Table 'Hippokoon IV' 9-max Seat #3 is the button
Seat 1: supersteezy ($25.05 in chips) 
Seat 2: temmikongi ($24.90 in chips) 
Seat 3: Sammy2212 ($5.50 in chips) 
Seat 5: SirMolle ($26.15 in chips) 
Seat 6: Alameda22 ($26.25 in chips) 
Seat 7: Landersp ($24.70 in chips) 
Seat 8: Kukoc69 ($30.75 in chips) 
Seat 9: gaelic12 ($14.40 in chips) 
dexbomb will be allowed to play after the button
SirMolle: posts small blind $0.10
Alameda22: posts big blind $0.25
*** HOLE CARDS ***
Dealt to Alameda22 [4d 7s]
Landersp: folds 
Kukoc69: raises $0.75 to $1
gaelic12: folds 
supersteezy: folds 
temmikongi: folds 
Sammy2212: folds 
SirMolle: folds 
Alameda22: folds 
Uncalled bet ($0.75) returned to Kukoc69
Kukoc69 collected $0.60 from pot
Kukoc69: doesn't show hand 
*** SUMMARY ***
Total pot $0.60 | Rake $0 
Seat 1: supersteezy folded before Flop (didn't bet)
Seat 2: temmikongi folded before Flop (didn't bet)
Seat 3: Sammy2212 (button) folded before Flop (didn't bet)
Seat 5: SirMolle (small blind) folded before Flop
Seat 6: Alameda22 (big blind) folded before Flop
Seat 7: Landersp folded before Flop (didn't bet)
Seat 8: Kukoc69 collected ($0.60)
Seat 9: gaelic12 folded before Flop (didn't bet)



PokerStars Game #19898154276:  Hold'em No Limit ($0.10/$0.25) - 2008/08/25 - 19:49:51 (ET)
Table 'Hippokoon IV' 9-max Seat #5 is the button
Seat 1: supersteezy ($25.05 in chips) 
Seat 2: temmikongi ($24.90 in chips) 
Seat 3: Sammy2212 ($5.50 in chips) 
Seat 4: dexbomb ($15 in chips) 
Seat 5: SirMolle ($26.05 in chips) 
Seat 6: Alameda22 ($26 in chips) 
Seat 7: Landersp ($24.70 in chips) 
Seat 8: Kukoc69 ($31.10 in chips) 
Seat 9: gaelic12 ($14.40 in chips) 
Alameda22: posts small blind $0.10
Landersp: posts big blind $0.25
dexbomb: posts big blind $0.25
*** HOLE CARDS ***
Dealt to Alameda22 [6c 8h]
Kukoc69: folds 
gaelic12: calls $0.25
supersteezy: folds 
temmikongi: folds 
Sammy2212: folds 
dexbomb: checks 
SirMolle: folds 
Alameda22: folds 
Landersp: checks 
*** FLOP *** [Ac Jh Ks]
Landersp: checks 
gaelic12: checks 
dexbomb: checks 
*** TURN *** [Ac Jh Ks] [Ad]
Landersp: checks 
gaelic12: checks 
dexbomb: checks 
*** RIVER *** [Ac Jh Ks Ad] [Ah]
Landersp: checks 
gaelic12: checks 
dexbomb: checks 
*** SHOW DOWN ***
Landersp: shows [5h 5s] (a full house, Aces full of Fives)
gaelic12: mucks hand 
dexbomb: mucks hand 
Landersp collected $0.85 from pot
*** SUMMARY ***
Total pot $0.85 | Rake $0 
Board [Ac Jh Ks Ad Ah]
Seat 1: supersteezy folded before Flop (didn't bet)
Seat 2: temmikongi folded before Flop (didn't bet)
Seat 3: Sammy2212 folded before Flop (didn't bet)
Seat 4: dexbomb mucked [9d 6s]
Seat 5: SirMolle (button) folded before Flop (didn't bet)
Seat 6: Alameda22 (small blind) folded before Flop
Seat 7: Landersp (big blind) showed [5h 5s] and won ($0.85) with a full house, Aces full of Fives
Seat 8: Kukoc69 folded before Flop (didn't bet)
Seat 9: gaelic12 mucked [9s 8s]



PokerStars Game #19898181282:  Hold'em No Limit ($0.10/$0.25) - 2008/08/25 - 19:51:01 (ET)
Table 'Hippokoon IV' 9-max Seat #6 is the button
Seat 1: supersteezy ($25.05 in chips) 
Seat 2: temmikongi ($24.90 in chips) 
Seat 3: Sammy2212 ($5.50 in chips) 
Seat 4: dexbomb ($14.75 in chips) 
Seat 5: SirMolle ($26.05 in chips) 
Seat 6: Alameda22 ($25.90 in chips) 
Seat 7: Landersp ($25.30 in chips) 
Seat 8: Kukoc69 ($31.10 in chips) 
Seat 9: gaelic12 ($14.15 in chips) 
Landersp: posts small blind $0.10
Kukoc69: posts big blind $0.25
*** HOLE CARDS ***
Dealt to Alameda22 [5d 5s]
gaelic12: folds 
supersteezy: folds 
temmikongi: folds 
Sammy2212 has timed out
Sammy2212: folds 
Sammy2212 is sitting out
dexbomb: calls $0.25
SirMolle: folds 
Alameda22: calls $0.25
Landersp is disconnected 
Landersp has timed out while disconnected
Landersp: folds 
Landersp is sitting out
Landersp is connected 
Kukoc69: checks 
*** FLOP *** [7h 7s Ad]
Landersp has returned
Kukoc69: folds 
dexbomb: checks 
Alameda22: bets $0.50
dexbomb: folds 
Uncalled bet ($0.50) returned to Alameda22
Alameda22 collected $0.85 from pot
Alameda22: doesn't show hand 
*** SUMMARY ***
Total pot $0.85 | Rake $0 
Board [7h 7s Ad]
Seat 1: supersteezy folded before Flop (didn't bet)
Seat 2: temmikongi folded before Flop (didn't bet)
Seat 3: Sammy2212 folded before Flop (didn't bet)
Seat 4: dexbomb folded on the Flop
Seat 5: SirMolle folded before Flop (didn't bet)
Seat 6: Alameda22 (button) collected ($0.85)
Seat 7: Landersp (small blind) folded before Flop
Seat 8: Kukoc69 (big blind) folded on the Flop
Seat 9: gaelic12 folded before Flop (didn't bet)



PokerStars Game #19898226765:  Hold'em No Limit ($0.10/$0.25) - 2008/08/25 - 19:53:01 (ET)
Table 'Hippokoon IV' 9-max Seat #7 is the button
Seat 1: supersteezy ($25.05 in chips) 
Seat 2: temmikongi ($24.90 in chips) 
Seat 4: dexbomb ($14.50 in chips) 
Seat 5: SirMolle ($26.05 in chips) 
Seat 6: Alameda22 ($26.50 in chips) 
Seat 7: Landersp ($25.20 in chips) 
Seat 8: Kukoc69 ($30.85 in chips) 
Seat 9: gaelic12 ($14.15 in chips) 
Kukoc69: posts small blind $0.10
gaelic12: posts big blind $0.25
*** HOLE CARDS ***
Dealt to Alameda22 [2h 7c]
supersteezy: folds 
temmikongi: folds 
dexbomb: folds 
dexbomb leaves the table
SirMolle: folds 
Alameda22: folds 
Landersp: calls $0.25
Kukoc69: raises $1 to $1.25
gaelic12: folds 
Landersp: calls $1
*** FLOP *** [3s Kd 7s]
Kukoc69: bets $1.75
Landersp: folds 
Uncalled bet ($1.75) returned to Kukoc69
Kukoc69 collected $2.65 from pot
Kukoc69: doesn't show hand 
*** SUMMARY ***
Total pot $2.75 | Rake $0.10 
Board [3s Kd 7s]
Seat 1: supersteezy folded before Flop (didn't bet)
Seat 2: temmikongi folded before Flop (didn't bet)
Seat 4: dexbomb folded before Flop (didn't bet)
Seat 5: SirMolle folded before Flop (didn't bet)
Seat 6: Alameda22 folded before Flop (didn't bet)
Seat 7: Landersp (button) folded on the Flop
Seat 8: Kukoc69 (small blind) collected ($2.65)
Seat 9: gaelic12 (big blind) folded before Flop



PokerStars Game #19898259332:  Hold'em No Limit ($0.10/$0.25) - 2008/08/25 - 19:54:27 (ET)
Table 'Hippokoon IV' 9-max Seat #8 is the button
Seat 1: supersteezy ($25.05 in chips) 
Seat 2: temmikongi ($24.90 in chips) 
Seat 5: SirMolle ($26.05 in chips) 
Seat 6: Alameda22 ($26.50 in chips) 
Seat 7: Landersp ($23.95 in chips) 
Seat 8: Kukoc69 ($32.25 in chips) 
Seat 9: gaelic12 ($13.90 in chips) 
gaelic12: posts small blind $0.10
supersteezy: posts big blind $0.25
*** HOLE CARDS ***
Dealt to Alameda22 [Jc Jh]
temmikongi: folds 
SirMolle: folds 
Alameda22: raises $0.50 to $0.75
Landersp is disconnected 
Landersp is connected 
Landersp: folds 
Kukoc69: folds 
gaelic12: folds 
Bocky 7 joins the table at seat #4 
supersteezy: folds 
Uncalled bet ($0.50) returned to Alameda22
Alameda22 collected $0.60 from pot
Alameda22: doesn't show hand 
*** SUMMARY ***
Total pot $0.60 | Rake $0 
Seat 1: supersteezy (big blind) folded before Flop
Seat 2: temmikongi folded before Flop (didn't bet)
Seat 5: SirMolle folded before Flop (didn't bet)
Seat 6: Alameda22 collected ($0.60)
Seat 7: Landersp folded before Flop (didn't bet)
Seat 8: Kukoc69 (button) folded before Flop (didn't bet)
Seat 9: gaelic12 (small blind) folded before Flop



PokerStars Game #19898296120:  Hold'em No Limit ($0.10/$0.25) - 2008/08/25 - 19:56:05 (ET)
Table 'Hippokoon IV' 9-max Seat #9 is the button
Seat 1: supersteezy ($24.80 in chips) 
Seat 2: temmikongi ($24.90 in chips) 
Seat 5: SirMolle ($26.05 in chips) 
Seat 6: Alameda22 ($26.85 in chips) 
Seat 7: Landersp ($23.95 in chips) 
Seat 8: Kukoc69 ($32.25 in chips) 
Seat 9: gaelic12 ($13.80 in chips) 
supersteezy: posts small blind $0.10
temmikongi: posts big blind $0.25
Bocky 7: sits out 
*** HOLE CARDS ***
Dealt to Alameda22 [Ac 4d]
SirMolle: folds 
Alameda22: folds 
Landersp: folds 
Kukoc69: folds 
gaelic12: raises $0.50 to $0.75
supersteezy: folds 
temmikongi: folds 
Uncalled bet ($0.50) returned to gaelic12
gaelic12 collected $0.60 from pot
gaelic12: doesn't show hand 
*** SUMMARY ***
Total pot $0.60 | Rake $0 
Seat 1: supersteezy (small blind) folded before Flop
Seat 2: temmikongi (big blind) folded before Flop
Seat 5: SirMolle folded before Flop (didn't bet)
Seat 6: Alameda22 folded before Flop (didn't bet)
Seat 7: Landersp folded before Flop (didn't bet)
Seat 8: Kukoc69 folded before Flop (didn't bet)
Seat 9: gaelic12 (button) collected ($0.60)



PokerStars Game #19898311392:  Hold'em No Limit ($0.10/$0.25) - 2008/08/25 - 19:56:46 (ET)
Table 'Hippokoon IV' 9-max Seat #1 is the button
Seat 1: supersteezy ($24.70 in chips) 
Seat 2: temmikongi ($24.65 in chips) 
Seat 4: Bocky 7 ($15 in chips) 
Seat 5: SirMolle ($26.05 in chips) 
Seat 6: Alameda22 ($26.85 in chips) 
Seat 7: Landersp ($23.95 in chips) 
Seat 8: Kukoc69 ($32.25 in chips) 
Seat 9: gaelic12 ($14.15 in chips) 
temmikongi: posts small blind $0.10
Bocky 7: posts big blind $0.25
*** HOLE CARDS ***
Dealt to Alameda22 [7d 8s]
SirMolle: folds 
Alameda22: folds 
Landersp: raises $0.50 to $0.75
Kukoc69: folds 
gaelic12: folds 
supersteezy: calls $0.75
temmikongi: folds 
Bocky 7: folds 
*** FLOP *** [2c Kh As]
Landersp: checks 
supersteezy: checks 
*** TURN *** [2c Kh As] [3d]
Landersp: bets $0.75
supersteezy: raises $1.75 to $2.50
Landersp: calls $1.75
*** RIVER *** [2c Kh As 3d] [5d]
Landersp: checks 
supersteezy: checks 
*** SHOW DOWN ***
Landersp: shows [Jd Ad] (a pair of Aces)
supersteezy: mucks hand 
Landersp collected $6.55 from pot
*** SUMMARY ***
Total pot $6.85 | Rake $0.30 
Board [2c Kh As 3d 5d]
Seat 1: supersteezy (button) mucked [Ac Ts]
Seat 2: temmikongi (small blind) folded before Flop
Seat 4: Bocky 7 (big blind) folded before Flop
Seat 5: SirMolle folded before Flop (didn't bet)
Seat 6: Alameda22 folded before Flop (didn't bet)
Seat 7: Landersp showed [Jd Ad] and won ($6.55) with a pair of Aces
Seat 8: Kukoc69 folded before Flop (didn't bet)
Seat 9: gaelic12 folded before Flop (didn't bet)



PokerStars Game #19898342062:  Hold'em No Limit ($0.10/$0.25) - 2008/08/25 - 19:58:09 (ET)
Table 'Hippokoon IV' 9-max Seat #2 is the button
Seat 1: supersteezy ($21.45 in chips) 
Seat 2: temmikongi ($24.55 in chips) 
Seat 4: Bocky 7 ($14.75 in chips) 
Seat 5: SirMolle ($26.05 in chips) 
Seat 6: Alameda22 ($26.85 in chips) 
Seat 7: Landersp ($27.25 in chips) 
Seat 8: Kukoc69 ($32.25 in chips) 
Seat 9: gaelic12 ($14.15 in chips) 
Bocky 7: posts small blind $0.10
SirMolle: posts big blind $0.25
*** HOLE CARDS ***
Dealt to Alameda22 [Jd 9c]
Alameda22: folds 
Landersp: folds 
Kukoc69: folds 
gaelic12: folds 
supersteezy: folds 
temmikongi: folds 
Bocky 7: calls $0.15
SirMolle: raises $0.75 to $1
Bocky 7: calls $0.75
*** FLOP *** [Ks Kh 4h]
Bocky 7: checks 
SirMolle: bets $1
Bocky 7: calls $1
*** TURN *** [Ks Kh 4h] [Ah]
Bocky 7: bets $1
SirMolle: folds 
Uncalled bet ($1) returned to Bocky 7
Bocky 7 collected $3.85 from pot
*** SUMMARY ***
Total pot $4 | Rake $0.15 
Board [Ks Kh 4h Ah]
Seat 1: supersteezy folded before Flop (didn't bet)
Seat 2: temmikongi (button) folded before Flop (didn't bet)
Seat 4: Bocky 7 (small blind) collected ($3.85)
Seat 5: SirMolle (big blind) folded on the Turn
Seat 6: Alameda22 folded before Flop (didn't bet)
Seat 7: Landersp folded before Flop (didn't bet)
Seat 8: Kukoc69 folded before Flop (didn't bet)
Seat 9: gaelic12 folded before Flop (didn't bet)



PokerStars Game #19898372322:  Hold'em No Limit ($0.10/$0.25) - 2008/08/25 - 19:59:30 (ET)
Table 'Hippokoon IV' 9-max Seat #4 is the button
Seat 1: supersteezy ($21.45 in chips) 
Seat 2: temmikongi ($24.55 in chips) 
Seat 4: Bocky 7 ($16.60 in chips) 
Seat 5: SirMolle ($24.05 in chips) 
Seat 6: Alameda22 ($26.85 in chips) 
Seat 7: Landersp ($27.25 in chips) 
Seat 8: Kukoc69 ($32.25 in chips) 
Seat 9: gaelic12 ($14.15 in chips) 
SirMolle: posts small blind $0.10
Alameda22: posts big blind $0.25
*** HOLE CARDS ***
Dealt to Alameda22 [Jd 3s]
Landersp is connected 
Landersp: folds 
Kukoc69: folds 
gaelic12: folds 
supersteezy: raises $0.75 to $1
temmikongi: folds 
Landersp leaves the table
Bocky 7: folds 
SirMolle: folds 
Alameda22: folds 
Uncalled bet ($0.75) returned to supersteezy
supersteezy collected $0.60 from pot
supersteezy: doesn't show hand 
*** SUMMARY ***
Total pot $0.60 | Rake $0 
Seat 1: supersteezy collected ($0.60)
Seat 2: temmikongi folded before Flop (didn't bet)
Seat 4: Bocky 7 (button) folded before Flop (didn't bet)
Seat 5: SirMolle (small blind) folded before Flop
Seat 6: Alameda22 (big blind) folded before Flop
Seat 7: Landersp folded before Flop (didn't bet)
Seat 8: Kukoc69 folded before Flop (didn't bet)
Seat 9: gaelic12 folded before Flop (didn't bet)



PokerStars Game #19898391967:  Hold'em No Limit ($0.10/$0.25) - 2008/08/25 - 20:00:20 (ET)
Table 'Hippokoon IV' 9-max Seat #5 is the button
Seat 1: supersteezy ($21.80 in chips) 
Seat 2: temmikongi ($24.55 in chips) 
Seat 4: Bocky 7 ($16.60 in chips) 
Seat 5: SirMolle ($23.95 in chips) 
Seat 6: Alameda22 ($26.60 in chips) 
Seat 8: Kukoc69 ($32.25 in chips) 
Seat 9: gaelic12 ($14.15 in chips) 
Alameda22: posts small blind $0.10
Kukoc69: posts big blind $0.25
*** HOLE CARDS ***
Dealt to Alameda22 [9h As]
gaelic12: folds 
supersteezy: folds 
temmikongi: folds 
Bocky 7: folds 
SirMolle: raises $0.75 to $1
Alameda22: folds 
Kukoc69: folds 
Uncalled bet ($0.75) returned to SirMolle
SirMolle collected $0.60 from pot
SirMolle: doesn't show hand 
*** SUMMARY ***
Total pot $0.60 | Rake $0 
Seat 1: supersteezy folded before Flop (didn't bet)
Seat 2: temmikongi folded before Flop (didn't bet)
Seat 4: Bocky 7 folded before Flop (didn't bet)
Seat 5: SirMolle (button) collected ($0.60)
Seat 6: Alameda22 (small blind) folded before Flop
Seat 8: Kukoc69 (big blind) folded before Flop
Seat 9: gaelic12 folded before Flop (didn't bet)



PokerStars Game #19898403476:  Hold'em No Limit ($0.10/$0.25) - 2008/08/25 - 20:00:51 (ET)
Table 'Hippokoon IV' 9-max Seat #6 is the button
Seat 1: supersteezy ($21.80 in chips) 
Seat 2: temmikongi ($24.55 in chips) 
Seat 4: Bocky 7 ($16.60 in chips) 
Seat 5: SirMolle ($24.30 in chips) 
Seat 6: Alameda22 ($26.50 in chips) 
Seat 8: Kukoc69 ($32 in chips) 
Seat 9: gaelic12 ($14.15 in chips) 
Kukoc69: posts small blind $0.10
gaelic12: posts big blind $0.25
*** HOLE CARDS ***
Dealt to Alameda22 [Qd 7d]
supersteezy: folds 
temmikongi: folds 
Bocky 7: folds 
SirMolle: folds 
Alameda22: folds 
Kukoc69: raises $0.50 to $0.75
gaelic12: folds 
Uncalled bet ($0.50) returned to Kukoc69
Kukoc69 collected $0.50 from pot
Kukoc69: doesn't show hand 
*** SUMMARY ***
Total pot $0.50 | Rake $0 
Seat 1: supersteezy folded before Flop (didn't bet)
Seat 2: temmikongi folded before Flop (didn't bet)
Seat 4: Bocky 7 folded before Flop (didn't bet)
Seat 5: SirMolle folded before Flop (didn't bet)
Seat 6: Alameda22 (button) folded before Flop (didn't bet)
Seat 8: Kukoc69 (small blind) collected ($0.50)
Seat 9: gaelic12 (big blind) folded before Flop



PokerStars Game #19898417663:  Hold'em No Limit ($0.10/$0.25) - 2008/08/25 - 20:01:28 (ET)
Table 'Hippokoon IV' 9-max Seat #8 is the button
Seat 1: supersteezy ($21.80 in chips) 
Seat 2: temmikongi ($24.55 in chips) 
Seat 4: Bocky 7 ($16.60 in chips) 
Seat 5: SirMolle ($24.30 in chips) 
Seat 6: Alameda22 ($26.50 in chips) 
Seat 8: Kukoc69 ($32.25 in chips) 
Seat 9: gaelic12 ($13.90 in chips) 
gaelic12: posts small blind $0.10
supersteezy: posts big blind $0.25
*** HOLE CARDS ***
Dealt to Alameda22 [5s Qd]
temmikongi: folds 
Bocky 7: folds 
SirMolle: folds 
Alameda22: folds 
Kukoc69: folds 
gaelic12: calls $0.15
supersteezy: checks 
*** FLOP *** [Js 6s 3s]
gaelic12: checks 
supersteezy: checks 
*** TURN *** [Js 6s 3s] [9h]
gaelic12: checks 
supersteezy: checks 
*** RIVER *** [Js 6s 3s 9h] [2c]
gaelic12: checks 
supersteezy: checks 
*** SHOW DOWN ***
gaelic12: shows [Ad 4s] (high card Ace)
supersteezy: shows [8h 8c] (a pair of Eights)
supersteezy collected $0.50 from pot
*** SUMMARY ***
Total pot $0.50 | Rake $0 
Board [Js 6s 3s 9h 2c]
Seat 1: supersteezy (big blind) showed [8h 8c] and won ($0.50) with a pair of Eights
Seat 2: temmikongi folded before Flop (didn't bet)
Seat 4: Bocky 7 folded before Flop (didn't bet)
Seat 5: SirMolle folded before Flop (didn't bet)
Seat 6: Alameda22 folded before Flop (didn't bet)
Seat 8: Kukoc69 (button) folded before Flop (didn't bet)
Seat 9: gaelic12 (small blind) showed [Ad 4s] and lost with high card Ace



PokerStars Game #19898454318:  Hold'em No Limit ($0.10/$0.25) - 2008/08/25 - 20:03:03 (ET)
Table 'Hippokoon IV' 9-max Seat #9 is the button
Seat 1: supersteezy ($22.05 in chips) 
Seat 2: temmikongi ($24.55 in chips) 
Seat 4: Bocky 7 ($16.60 in chips) 
Seat 5: SirMolle ($24.30 in chips) 
Seat 6: Alameda22 ($26.50 in chips) 
Seat 8: Kukoc69 ($32.25 in chips) 
Seat 9: gaelic12 ($13.65 in chips) 
supersteezy: posts small blind $0.10
temmikongi: posts big blind $0.25
*** HOLE CARDS ***
Dealt to Alameda22 [4h 3h]
Bocky 7: raises $0.25 to $0.50
SirMolle: folds 
Alameda22: folds 
Kukoc69: folds 
gaelic12: folds 
supersteezy: calls $0.40
temmikongi: folds 
*** FLOP *** [6c 4d 6h]
supersteezy: checks 
Bocky 7: bets $0.75
supersteezy: calls $0.75
*** TURN *** [6c 4d 6h] [As]
supersteezy: checks 
Bocky 7: bets $1
supersteezy: folds 
Uncalled bet ($1) returned to Bocky 7
Bocky 7 collected $2.65 from pot
Bocky 7: doesn't show hand 
*** SUMMARY ***
Total pot $2.75 | Rake $0.10 
Board [6c 4d 6h As]
Seat 1: supersteezy (small blind) folded on the Turn
Seat 2: temmikongi (big blind) folded before Flop
Seat 4: Bocky 7 collected ($2.65)
Seat 5: SirMolle folded before Flop (didn't bet)
Seat 6: Alameda22 folded before Flop (didn't bet)
Seat 8: Kukoc69 folded before Flop (didn't bet)
Seat 9: gaelic12 (button) folded before Flop (didn't bet)



PokerStars Game #19898490016:  Hold'em No Limit ($0.10/$0.25) - 2008/08/25 - 20:04:36 (ET)
Table 'Hippokoon IV' 9-max Seat #1 is the button
Seat 1: supersteezy ($20.80 in chips) 
Seat 2: temmikongi ($24.30 in chips) 
Seat 4: Bocky 7 ($18 in chips) 
Seat 5: SirMolle ($24.30 in chips) 
Seat 6: Alameda22 ($26.50 in chips) 
Seat 8: Kukoc69 ($32.25 in chips) 
Seat 9: gaelic12 ($13.65 in chips) 
temmikongi: posts small blind $0.10
Bocky 7: posts big blind $0.25
*** HOLE CARDS ***
Dealt to Alameda22 [Th Tc]
SirMolle: folds 
Alameda22: raises $0.50 to $0.75
Kukoc69: folds 
gaelic12: folds 
supersteezy: calls $0.75
temmikongi: folds 
Bocky 7: folds 
*** FLOP *** [2d Td 3h]
betojch joins the table at seat #7 
Alameda22: bets $1.25
supersteezy: folds 
Uncalled bet ($1.25) returned to Alameda22
Alameda22 collected $1.80 from pot
Alameda22: doesn't show hand 
*** SUMMARY ***
Total pot $1.85 | Rake $0.05 
Board [2d Td 3h]
Seat 1: supersteezy (button) folded on the Flop
Seat 2: temmikongi (small blind) folded before Flop
Seat 4: Bocky 7 (big blind) folded before Flop
Seat 5: SirMolle folded before Flop (didn't bet)
Seat 6: Alameda22 collected ($1.80)
Seat 8: Kukoc69 folded before Flop (didn't bet)
Seat 9: gaelic12 folded before Flop (didn't bet)



PokerStars Game #19898512507:  Hold'em No Limit ($0.10/$0.25) - 2008/08/25 - 20:05:35 (ET)
Table 'Hippokoon IV' 9-max Seat #2 is the button
Seat 1: supersteezy ($20.05 in chips) 
Seat 2: temmikongi ($24.20 in chips) 
Seat 4: Bocky 7 ($17.75 in chips) 
Seat 5: SirMolle ($24.30 in chips) 
Seat 6: Alameda22 ($27.55 in chips) 
Seat 7: betojch ($25 in chips) 
Seat 8: Kukoc69 ($32.25 in chips) 
Seat 9: gaelic12 ($13.65 in chips) 
Bocky 7: posts small blind $0.10
SirMolle: posts big blind $0.25
betojch: posts big blind $0.25
*** HOLE CARDS ***
Dealt to Alameda22 [Ts 9s]
Alameda22: folds 
betojch: checks 
Kukoc69: folds 
gaelic12: folds 
supersteezy: calls $0.25
temmikongi: folds 
Bocky 7: raises $0.75 to $1
SirMolle: folds 
betojch: folds 
supersteezy: calls $0.75
*** FLOP *** [Jh Qs 2h]
Bocky 7: bets $1
supersteezy: folds 
Uncalled bet ($1) returned to Bocky 7
Bocky 7 collected $2.40 from pot
Bocky 7: doesn't show hand 
*** SUMMARY ***
Total pot $2.50 | Rake $0.10 
Board [Jh Qs 2h]
Seat 1: supersteezy folded on the Flop
Seat 2: temmikongi (button) folded before Flop (didn't bet)
Seat 4: Bocky 7 (small blind) collected ($2.40)
Seat 5: SirMolle (big blind) folded before Flop
Seat 6: Alameda22 folded before Flop (didn't bet)
Seat 7: betojch folded before Flop
Seat 8: Kukoc69 folded before Flop (didn't bet)
Seat 9: gaelic12 folded before Flop (didn't bet)



PokerStars Game #19898549482:  Hold'em No Limit ($0.10/$0.25) - 2008/08/25 - 20:07:12 (ET)
Table 'Hippokoon IV' 9-max Seat #4 is the button
Seat 1: supersteezy ($19.05 in chips) 
Seat 2: temmikongi ($24.20 in chips) 
Seat 4: Bocky 7 ($19.15 in chips) 
Seat 5: SirMolle ($24.05 in chips) 
Seat 6: Alameda22 ($27.55 in chips) 
Seat 7: betojch ($24.75 in chips) 
Seat 8: Kukoc69 ($32.25 in chips) 
Seat 9: gaelic12 ($13.65 in chips) 
SirMolle: posts small blind $0.10
Alameda22: posts big blind $0.25
*** HOLE CARDS ***
Dealt to Alameda22 [3h 8h]
betojch: folds 
Kukoc69: folds 
gaelic12: folds 
supersteezy: folds 
temmikongi: folds 
Bocky 7: raises $0.25 to $0.50
SirMolle: folds 
Alameda22: folds 
Uncalled bet ($0.25) returned to Bocky 7
Bocky 7 collected $0.60 from pot
*** SUMMARY ***
Total pot $0.60 | Rake $0 
Seat 1: supersteezy folded before Flop (didn't bet)
Seat 2: temmikongi folded before Flop (didn't bet)
Seat 4: Bocky 7 (button) collected ($0.60)
Seat 5: SirMolle (small blind) folded before Flop
Seat 6: Alameda22 (big blind) folded before Flop
Seat 7: betojch folded before Flop (didn't bet)
Seat 8: Kukoc69 folded before Flop (didn't bet)
Seat 9: gaelic12 folded before Flop (didn't bet)



PokerStars Game #19898567677:  Hold'em No Limit ($0.10/$0.25) - 2008/08/25 - 20:07:59 (ET)
Table 'Hippokoon IV' 9-max Seat #5 is the button
Seat 1: supersteezy ($19.05 in chips) 
Seat 2: temmikongi ($24.20 in chips) 
Seat 4: Bocky 7 ($19.50 in chips) 
Seat 5: SirMolle ($23.95 in chips) 
Seat 6: Alameda22 ($27.30 in chips) 
Seat 7: betojch ($24.75 in chips) 
Seat 8: Kukoc69 ($32.25 in chips) 
Seat 9: gaelic12 ($13.65 in chips) 
Alameda22: posts small blind $0.10
betojch: posts big blind $0.25
*** HOLE CARDS ***
Dealt to Alameda22 [3h 7h]
Kukoc69: folds 
gaelic12: folds 
supersteezy: calls $0.25
temmikongi: folds 
Bocky 7: raises $0.50 to $0.75
SirMolle: calls $0.75
Alameda22: folds 
betojch: folds 
supersteezy: calls $0.50
*** FLOP *** [Jc 5c 4h]
supersteezy: checks 
Bocky 7: bets $1
SirMolle: folds 
supersteezy: folds 
Uncalled bet ($1) returned to Bocky 7
Bocky 7 collected $2.50 from pot
Bocky 7: doesn't show hand 
*** SUMMARY ***
Total pot $2.60 | Rake $0.10 
Board [Jc 5c 4h]
Seat 1: supersteezy folded on the Flop
Seat 2: temmikongi folded before Flop (didn't bet)
Seat 4: Bocky 7 collected ($2.50)
Seat 5: SirMolle (button) folded on the Flop
Seat 6: Alameda22 (small blind) folded before Flop
Seat 7: betojch (big blind) folded before Flop
Seat 8: Kukoc69 folded before Flop (didn't bet)
Seat 9: gaelic12 folded before Flop (didn't bet)



PokerStars Game #19898592343:  Hold'em No Limit ($0.10/$0.25) - 2008/08/25 - 20:09:03 (ET)
Table 'Hippokoon IV' 9-max Seat #6 is the button
Seat 1: supersteezy ($18.30 in chips) 
Seat 2: temmikongi ($24.20 in chips) 
Seat 4: Bocky 7 ($21.25 in chips) 
Seat 5: SirMolle ($23.20 in chips) 
Seat 6: Alameda22 ($27.20 in chips) 
Seat 7: betojch ($24.50 in chips) 
Seat 8: Kukoc69 ($32.25 in chips) 
Seat 9: gaelic12 ($13.65 in chips) 
betojch: posts small blind $0.10
Kukoc69: posts big blind $0.25
*** HOLE CARDS ***
Dealt to Alameda22 [5s 9d]
gaelic12: folds 
supersteezy: folds 
temmikongi: folds 
Bocky 7: folds 
SirMolle: raises $0.75 to $1
Alameda22: folds 
betojch: folds 
Kukoc69: folds 
Uncalled bet ($0.75) returned to SirMolle
SirMolle collected $0.60 from pot
SirMolle: doesn't show hand 
*** SUMMARY ***
Total pot $0.60 | Rake $0 
Seat 1: supersteezy folded before Flop (didn't bet)
Seat 2: temmikongi folded before Flop (didn't bet)
Seat 4: Bocky 7 folded before Flop (didn't bet)
Seat 5: SirMolle collected ($0.60)
Seat 6: Alameda22 (button) folded before Flop (didn't bet)
Seat 7: betojch (small blind) folded before Flop
Seat 8: Kukoc69 (big blind) folded before Flop
Seat 9: gaelic12 folded before Flop (didn't bet)



PokerStars Game #19898612915:  Hold'em No Limit ($0.10/$0.25) - 2008/08/25 - 20:09:58 (ET)
Table 'Hippokoon IV' 9-max Seat #7 is the button
Seat 1: supersteezy ($18.30 in chips) 
Seat 2: temmikongi ($24.20 in chips) 
Seat 4: Bocky 7 ($21.25 in chips) 
Seat 5: SirMolle ($23.55 in chips) 
Seat 6: Alameda22 ($27.20 in chips) 
Seat 7: betojch ($24.40 in chips) 
Seat 8: Kukoc69 ($32 in chips) 
Seat 9: gaelic12 ($13.65 in chips) 
Kukoc69: posts small blind $0.10
gaelic12: posts big blind $0.25
*** HOLE CARDS ***
Dealt to Alameda22 [8d Tc]
supersteezy: folds 
temmikongi: folds 
Bocky 7: folds 
SirMolle: folds 
Alameda22: folds 
betojch: folds 
Kukoc69: folds 
Uncalled bet ($0.15) returned to gaelic12
gaelic12 collected $0.20 from pot
gaelic12: doesn't show hand 
*** SUMMARY ***
Total pot $0.20 | Rake $0 
Seat 1: supersteezy folded before Flop (didn't bet)
Seat 2: temmikongi folded before Flop (didn't bet)
Seat 4: Bocky 7 folded before Flop (didn't bet)
Seat 5: SirMolle folded before Flop (didn't bet)
Seat 6: Alameda22 folded before Flop (didn't bet)
Seat 7: betojch (button) folded before Flop (didn't bet)
Seat 8: Kukoc69 (small blind) folded before Flop
Seat 9: gaelic12 (big blind) collected ($0.20)



PokerStars Game #19898628593:  Hold'em No Limit ($0.10/$0.25) - 2008/08/25 - 20:10:39 (ET)
Table 'Hippokoon IV' 9-max Seat #8 is the button
Seat 1: supersteezy ($18.30 in chips) 
Seat 2: temmikongi ($24.20 in chips) 
Seat 4: Bocky 7 ($21.25 in chips) 
Seat 5: SirMolle ($23.55 in chips) 
Seat 6: Alameda22 ($27.20 in chips) 
Seat 7: betojch ($24.40 in chips) 
Seat 8: Kukoc69 ($31.90 in chips) 
Seat 9: gaelic12 ($13.75 in chips) 
gaelic12: posts small blind $0.10
supersteezy: posts big blind $0.25
*** HOLE CARDS ***
Dealt to Alameda22 [4h Qd]
temmikongi: folds 
Bocky 7: raises $0.25 to $0.50
SirMolle: folds 
Alameda22: folds 
betojch: folds 
Kukoc69: folds 
gaelic12: folds 
supersteezy: folds 
Uncalled bet ($0.25) returned to Bocky 7
Bocky 7 collected $0.60 from pot
*** SUMMARY ***
Total pot $0.60 | Rake $0 
Seat 1: supersteezy (big blind) folded before Flop
Seat 2: temmikongi folded before Flop (didn't bet)
Seat 4: Bocky 7 collected ($0.60)
Seat 5: SirMolle folded before Flop (didn't bet)
Seat 6: Alameda22 folded before Flop (didn't bet)
Seat 7: betojch folded before Flop (didn't bet)
Seat 8: Kukoc69 (button) folded before Flop (didn't bet)
Seat 9: gaelic12 (small blind) folded before Flop



PokerStars Game #19898644546:  Hold'em No Limit ($0.10/$0.25) - 2008/08/25 - 20:11:21 (ET)
Table 'Hippokoon IV' 9-max Seat #9 is the button
Seat 1: supersteezy ($18.05 in chips) 
Seat 2: temmikongi ($24.20 in chips) 
Seat 4: Bocky 7 ($21.60 in chips) 
Seat 5: SirMolle ($23.55 in chips) 
Seat 6: Alameda22 ($27.20 in chips) 
Seat 7: betojch ($24.40 in chips) 
Seat 8: Kukoc69 ($31.90 in chips) 
Seat 9: gaelic12 ($13.65 in chips) 
supersteezy: posts small blind $0.10
temmikongi: posts big blind $0.25
*** HOLE CARDS ***
Dealt to Alameda22 [8d Qc]
Bocky 7: raises $0.25 to $0.50
SirMolle: calls $0.50
Alameda22: folds 
betojch: folds 
Kukoc69: folds 
gaelic12: folds 
supersteezy: folds 
temmikongi: folds 
*** FLOP *** [2c Jc Td]
Bocky 7: checks 
SirMolle: checks 
*** TURN *** [2c Jc Td] [3h]
Bocky 7: bets $0.50
SirMolle: folds 
Uncalled bet ($0.50) returned to Bocky 7
Bocky 7 collected $1.30 from pot
*** SUMMARY ***
Total pot $1.35 | Rake $0.05 
Board [2c Jc Td 3h]
Seat 1: supersteezy (small blind) folded before Flop
Seat 2: temmikongi (big blind) folded before Flop
Seat 4: Bocky 7 collected ($1.30)
Seat 5: SirMolle folded on the Turn
Seat 6: Alameda22 folded before Flop (didn't bet)
Seat 7: betojch folded before Flop (didn't bet)
Seat 8: Kukoc69 folded before Flop (didn't bet)
Seat 9: gaelic12 (button) folded before Flop (didn't bet)



PokerStars Game #19898669999:  Hold'em No Limit ($0.10/$0.25) - 2008/08/25 - 20:12:28 (ET)
Table 'Hippokoon IV' 9-max Seat #1 is the button
Seat 1: supersteezy ($17.95 in chips) 
Seat 2: temmikongi ($23.95 in chips) 
Seat 4: Bocky 7 ($22.40 in chips) 
Seat 5: SirMolle ($23.05 in chips) 
Seat 6: Alameda22 ($27.20 in chips) 
Seat 7: betojch ($24.40 in chips) 
Seat 8: Kukoc69 ($31.90 in chips) 
Seat 9: gaelic12 ($13.65 in chips) 
temmikongi: posts small blind $0.10
Bocky 7: posts big blind $0.25
*** HOLE CARDS ***
Dealt to Alameda22 [3c Td]
SirMolle: folds 
Alameda22: folds 
betojch: folds 
Kukoc69: folds 
gaelic12: folds 
supersteezy has timed out
supersteezy: folds 
supersteezy is sitting out
temmikongi: folds 
Uncalled bet ($0.15) returned to Bocky 7
Bocky 7 collected $0.20 from pot
*** SUMMARY ***
Total pot $0.20 | Rake $0 
Seat 1: supersteezy (button) folded before Flop (didn't bet)
Seat 2: temmikongi (small blind) folded before Flop
Seat 4: Bocky 7 (big blind) collected ($0.20)
Seat 5: SirMolle folded before Flop (didn't bet)
Seat 6: Alameda22 folded before Flop (didn't bet)
Seat 7: betojch folded before Flop (didn't bet)
Seat 8: Kukoc69 folded before Flop (didn't bet)
Seat 9: gaelic12 folded before Flop (didn't bet)



PokerStars Game #19898695581:  Hold'em No Limit ($0.10/$0.25) - 2008/08/25 - 20:13:35 (ET)
Table 'Hippokoon IV' 9-max Seat #2 is the button
Seat 2: temmikongi ($23.85 in chips) 
Seat 4: Bocky 7 ($22.50 in chips) 
Seat 5: SirMolle ($23.05 in chips) 
Seat 6: Alameda22 ($27.20 in chips) 
Seat 7: betojch ($24.40 in chips) 
Seat 8: Kukoc69 ($31.90 in chips) 
Seat 9: gaelic12 ($13.65 in chips) 
Bocky 7: posts small blind $0.10
SirMolle: posts big blind $0.25
*** HOLE CARDS ***
Dealt to Alameda22 [6d 6s]
Alameda22: folds 
betojch: folds 
Kukoc69: folds 
gaelic12: folds 
temmikongi: folds 
Bocky 7: folds 
Uncalled bet ($0.15) returned to SirMolle
SirMolle collected $0.20 from pot
SirMolle: doesn't show hand 
*** SUMMARY ***
Total pot $0.20 | Rake $0 
Seat 2: temmikongi (button) folded before Flop (didn't bet)
Seat 4: Bocky 7 (small blind) folded before Flop
Seat 5: SirMolle (big blind) collected ($0.20)
Seat 6: Alameda22 folded before Flop (didn't bet)
Seat 7: betojch folded before Flop (didn't bet)
Seat 8: Kukoc69 folded before Flop (didn't bet)
Seat 9: gaelic12 folded before Flop (didn't bet)



PokerStars Game #19898719840:  Hold'em No Limit ($0.10/$0.25) - 2008/08/25 - 20:14:39 (ET)
Table 'Hippokoon IV' 9-max Seat #4 is the button
Seat 2: temmikongi ($25 in chips) 
Seat 4: Bocky 7 ($22.40 in chips) 
Seat 5: SirMolle ($23.15 in chips) 
Seat 6: Alameda22 ($27.20 in chips) 
Seat 7: betojch ($24.40 in chips) 
Seat 8: Kukoc69 ($31.90 in chips) 
Seat 9: gaelic12 ($13.65 in chips) 
SirMolle: posts small blind $0.10
Alameda22: posts big blind $0.25
*** HOLE CARDS ***
Dealt to Alameda22 [Js 5s]
betojch: folds 
Kukoc69: raises $1 to $1.25
gaelic12: folds 
temmikongi: folds 
Bocky 7: calls $1.25
SirMolle: folds 
Alameda22: folds 
*** FLOP *** [9s 5c 7h]
Kukoc69: bets $2
Bocky 7: calls $2
*** TURN *** [9s 5c 7h] [Th]
Kukoc69: checks 
Bocky 7: bets $3
Kukoc69: folds 
Uncalled bet ($3) returned to Bocky 7
Bocky 7 collected $6.55 from pot
*** SUMMARY ***
Total pot $6.85 | Rake $0.30 
Board [9s 5c 7h Th]
Seat 2: temmikongi folded before Flop (didn't bet)
Seat 4: Bocky 7 (button) collected ($6.55)
Seat 5: SirMolle (small blind) folded before Flop
Seat 6: Alameda22 (big blind) folded before Flop
Seat 7: betojch folded before Flop (didn't bet)
Seat 8: Kukoc69 folded on the Turn
Seat 9: gaelic12 folded before Flop (didn't bet)



PokerStars Game #19898766591:  Hold'em No Limit ($0.10/$0.25) - 2008/08/25 - 20:16:38 (ET)
Table 'Hippokoon IV' 9-max Seat #5 is the button
Seat 2: temmikongi ($25 in chips) 
Seat 4: Bocky 7 ($25.70 in chips) 
Seat 5: SirMolle ($23.05 in chips) 
Seat 6: Alameda22 ($26.95 in chips) 
Seat 7: betojch ($24.40 in chips) 
Seat 8: Kukoc69 ($28.65 in chips) 
Seat 9: gaelic12 ($13.65 in chips) 
Alameda22: posts small blind $0.10
betojch: posts big blind $0.25
*** HOLE CARDS ***
Dealt to Alameda22 [Qs 9h]
Kukoc69: folds 
gaelic12: folds 
temmikongi: folds 
Bocky 7: folds 
SirMolle: raises $0.75 to $1
Alameda22: folds 
betojch: folds 
Uncalled bet ($0.75) returned to SirMolle
SirMolle collected $0.60 from pot
SirMolle: doesn't show hand 
*** SUMMARY ***
Total pot $0.60 | Rake $0 
Seat 2: temmikongi folded before Flop (didn't bet)
Seat 4: Bocky 7 folded before Flop (didn't bet)
Seat 5: SirMolle (button) collected ($0.60)
Seat 6: Alameda22 (small blind) folded before Flop
Seat 7: betojch (big blind) folded before Flop
Seat 8: Kukoc69 folded before Flop (didn't bet)
Seat 9: gaelic12 folded before Flop (didn't bet)



PokerStars Game #19898778788:  Hold'em No Limit ($0.10/$0.25) - 2008/08/25 - 20:17:08 (ET)
Table 'Hippokoon IV' 9-max Seat #6 is the button
Seat 2: temmikongi ($25 in chips) 
Seat 4: Bocky 7 ($25.70 in chips) 
Seat 5: SirMolle ($25 in chips) 
Seat 6: Alameda22 ($26.85 in chips) 
Seat 7: betojch ($24.15 in chips) 
Seat 8: Kukoc69 ($28.65 in chips) 
Seat 9: gaelic12 ($13.65 in chips) 
betojch: posts small blind $0.10
Kukoc69: posts big blind $0.25
*** HOLE CARDS ***
Dealt to Alameda22 [5h 6s]
gaelic12: folds 
temmikongi: folds 
Bocky 7: folds 
SirMolle: folds 
Alameda22: folds 
betojch: folds 
Uncalled bet ($0.15) returned to Kukoc69
Kukoc69 collected $0.20 from pot
Kukoc69: doesn't show hand 
*** SUMMARY ***
Total pot $0.20 | Rake $0 
Seat 2: temmikongi folded before Flop (didn't bet)
Seat 4: Bocky 7 folded before Flop (didn't bet)
Seat 5: SirMolle folded before Flop (didn't bet)
Seat 6: Alameda22 (button) folded before Flop (didn't bet)
Seat 7: betojch (small blind) folded before Flop
Seat 8: Kukoc69 (big blind) collected ($0.20)
Seat 9: gaelic12 folded before Flop (didn't bet)



PokerStars Game #19898793684:  Hold'em No Limit ($0.10/$0.25) - 2008/08/25 - 20:17:47 (ET)
Table 'Hippokoon IV' 9-max Seat #7 is the button
Seat 2: temmikongi ($25 in chips) 
Seat 4: Bocky 7 ($25.70 in chips) 
Seat 5: SirMolle ($25 in chips) 
Seat 6: Alameda22 ($26.85 in chips) 
Seat 7: betojch ($24.05 in chips) 
Seat 8: Kukoc69 ($28.75 in chips) 
Seat 9: gaelic12 ($13.65 in chips) 
Kukoc69: posts small blind $0.10
gaelic12: posts big blind $0.25
*** HOLE CARDS ***
Dealt to Alameda22 [Kc 7c]
temmikongi: folds 
Bocky 7: raises $0.25 to $0.50
SirMolle: folds 
Alameda22: folds 
betojch: calls $0.50
Kukoc69: calls $0.40
gaelic12: calls $0.25
*** FLOP *** [Kd 7h Jd]
Kukoc69: checks 
gaelic12: checks 
Bocky 7: bets $0.50
betojch: folds 
Kukoc69: calls $0.50
gaelic12: folds 
*** TURN *** [Kd 7h Jd] [3c]
Kukoc69: checks 
Bocky 7: bets $1
Kukoc69: calls $1
*** RIVER *** [Kd 7h Jd 3c] [6d]
Kukoc69: checks 
Bocky 7: bets $3
Kukoc69: folds 
Uncalled bet ($3) returned to Bocky 7
Bocky 7 collected $4.80 from pot
*** SUMMARY ***
Total pot $5 | Rake $0.20 
Board [Kd 7h Jd 3c 6d]
Seat 2: temmikongi folded before Flop (didn't bet)
Seat 4: Bocky 7 collected ($4.80)
Seat 5: SirMolle folded before Flop (didn't bet)
Seat 6: Alameda22 folded before Flop (didn't bet)
Seat 7: betojch (button) folded on the Flop
Seat 8: Kukoc69 (small blind) folded on the River
Seat 9: gaelic12 (big blind) folded on the Flop



PokerStars Game #19898841084:  Hold'em No Limit ($0.10/$0.25) - 2008/08/25 - 20:19:47 (ET)
Table 'Hippokoon IV' 9-max Seat #8 is the button
Seat 2: temmikongi ($25 in chips) 
Seat 4: Bocky 7 ($28.50 in chips) 
Seat 5: SirMolle ($25 in chips) 
Seat 6: Alameda22 ($26.85 in chips) 
Seat 7: betojch ($23.55 in chips) 
Seat 8: Kukoc69 ($26.75 in chips) 
Seat 9: gaelic12 ($13.15 in chips) 
gaelic12: posts small blind $0.10
temmikongi: posts big blind $0.25
*** HOLE CARDS ***
Dealt to Alameda22 [9c Qs]
Bocky 7: folds 
SirMolle: folds 
Alameda22: folds 
betojch: folds 
Kukoc69: raises $0.75 to $1
gaelic12: folds 
temmikongi: folds 
Uncalled bet ($0.75) returned to Kukoc69
Kukoc69 collected $0.60 from pot
Kukoc69: doesn't show hand 
*** SUMMARY ***
Total pot $0.60 | Rake $0 
Seat 2: temmikongi (big blind) folded before Flop
Seat 4: Bocky 7 folded before Flop (didn't bet)
Seat 5: SirMolle folded before Flop (didn't bet)
Seat 6: Alameda22 folded before Flop (didn't bet)
Seat 7: betojch folded before Flop (didn't bet)
Seat 8: Kukoc69 (button) collected ($0.60)
Seat 9: gaelic12 (small blind) folded before Flop



PokerStars Game #19898858096:  Hold'em No Limit ($0.10/$0.25) - 2008/08/25 - 20:20:30 (ET)
Table 'Hippokoon IV' 9-max Seat #9 is the button
Seat 2: temmikongi ($24.75 in chips) 
Seat 4: Bocky 7 ($28.50 in chips) 
Seat 5: SirMolle ($25 in chips) 
Seat 6: Alameda22 ($26.85 in chips) 
Seat 7: betojch ($23.55 in chips) 
Seat 8: Kukoc69 ($27.10 in chips) 
Seat 9: gaelic12 ($13.05 in chips) 
temmikongi: posts small blind $0.10
Bocky 7: posts big blind $0.25
*** HOLE CARDS ***
Dealt to Alameda22 [2c Ks]
SirMolle: folds 
Alameda22: folds 
betojch: folds 
Kukoc69: folds 
gaelic12: raises $0.50 to $0.75
temmikongi: folds 
Bocky 7: folds 
Uncalled bet ($0.50) returned to gaelic12
gaelic12 collected $0.60 from pot
gaelic12: doesn't show hand 
*** SUMMARY ***
Total pot $0.60 | Rake $0 
Seat 2: temmikongi (small blind) folded before Flop
Seat 4: Bocky 7 (big blind) folded before Flop
Seat 5: SirMolle folded before Flop (didn't bet)
Seat 6: Alameda22 folded before Flop (didn't bet)
Seat 7: betojch folded before Flop (didn't bet)
Seat 8: Kukoc69 folded before Flop (didn't bet)
Seat 9: gaelic12 (button) collected ($0.60)



PokerStars Game #19898881709:  Hold'em No Limit ($0.10/$0.25) - 2008/08/25 - 20:21:30 (ET)
Table 'Hippokoon IV' 9-max Seat #2 is the button
Seat 2: temmikongi ($24.65 in chips) 
Seat 4: Bocky 7 ($28.25 in chips) 
Seat 5: SirMolle ($25 in chips) 
Seat 6: Alameda22 ($26.85 in chips) 
Seat 7: betojch ($23.55 in chips) 
Seat 8: Kukoc69 ($27.10 in chips) 
Seat 9: gaelic12 ($13.40 in chips) 
Sammy2212 was removed from the table for failing to post
Bocky 7: posts small blind $0.10
SirMolle: posts big blind $0.25
*** HOLE CARDS ***
Dealt to Alameda22 [Qh Tc]
Alameda22: folds 
betojch: folds 
Kukoc69: raises $0.50 to $0.75
gaelic12: folds 
temmikongi: folds 
Bocky 7: calls $0.65
SirMolle: folds 
*** FLOP *** [9d Td Ah]
Bocky 7: checks 
supersteezy has returned
Kukoc69: bets $1
Bocky 7: calls $1
*** TURN *** [9d Td Ah] [Jc]
Bocky 7: checks 
Kukoc69: checks 
*** RIVER *** [9d Td Ah Jc] [Kc]
Bocky 7: checks 
Kukoc69: checks 
*** SHOW DOWN ***
Bocky 7: shows [As Ad] (three of a kind, Aces)
Kukoc69: mucks hand 
Bocky 7 collected $3.60 from pot
*** SUMMARY ***
Total pot $3.75 | Rake $0.15 
Board [9d Td Ah Jc Kc]
Seat 2: temmikongi (button) folded before Flop (didn't bet)
Seat 4: Bocky 7 (small blind) showed [As Ad] and won ($3.60) with three of a kind, Aces
Seat 5: SirMolle (big blind) folded before Flop
Seat 6: Alameda22 folded before Flop (didn't bet)
Seat 7: betojch folded before Flop (didn't bet)
Seat 8: Kukoc69 mucked [8d 8h]
Seat 9: gaelic12 folded before Flop (didn't bet)



PokerStars Game #19898927951:  Hold'em No Limit ($0.10/$0.25) - 2008/08/25 - 20:23:30 (ET)
Table 'Hippokoon IV' 9-max Seat #4 is the button
Seat 1: supersteezy ($17.95 in chips) 
Seat 2: temmikongi ($24.65 in chips) 
Seat 4: Bocky 7 ($30.10 in chips) 
Seat 5: SirMolle ($24.75 in chips) 
Seat 6: Alameda22 ($26.85 in chips) 
Seat 7: betojch ($23.55 in chips) 
Seat 8: Kukoc69 ($25.35 in chips) 
Seat 9: gaelic12 ($13.40 in chips) 
SirMolle: posts small blind $0.10
Alameda22: posts big blind $0.25
supersteezy: posts small & big blinds $0.35
*** HOLE CARDS ***
Dealt to Alameda22 [6c 6s]
betojch: folds 
Kukoc69: folds 
gaelic12: calls $0.25
supersteezy: checks 
temmikongi: folds 
Bocky 7: raises $0.25 to $0.50
SirMolle: folds 
Alameda22: calls $0.25
gaelic12: calls $0.25
supersteezy: calls $0.25
*** FLOP *** [8d Kc 9h]
Alameda22: checks 
gaelic12: bets $0.50
supersteezy: folds 
Bocky 7: calls $0.50
Alameda22: folds 
*** TURN *** [8d Kc 9h] [7d]
gaelic12: bets $1.50
Bocky 7: calls $1.50
*** RIVER *** [8d Kc 9h 7d] [Tc]
gaelic12: bets $1.50
Bocky 7: folds 
Uncalled bet ($1.50) returned to gaelic12
gaelic12 collected $5.90 from pot
gaelic12: doesn't show hand 
*** SUMMARY ***
Total pot $6.20 | Rake $0.30 
Board [8d Kc 9h 7d Tc]
Seat 1: supersteezy folded on the Flop
Seat 2: temmikongi folded before Flop (didn't bet)
Seat 4: Bocky 7 (button) folded on the River
Seat 5: SirMolle (small blind) folded before Flop
Seat 6: Alameda22 (big blind) folded on the Flop
Seat 7: betojch folded before Flop (didn't bet)
Seat 8: Kukoc69 folded before Flop (didn't bet)
Seat 9: gaelic12 collected ($5.90)



PokerStars Game #19898971546:  Hold'em No Limit ($0.10/$0.25) - 2008/08/25 - 20:25:22 (ET)
Table 'Hippokoon IV' 9-max Seat #5 is the button
Seat 1: supersteezy ($17.35 in chips) 
Seat 2: temmikongi ($24.65 in chips) 
Seat 4: Bocky 7 ($27.60 in chips) 
Seat 5: SirMolle ($24.65 in chips) 
Seat 6: Alameda22 ($26.35 in chips) 
Seat 7: betojch ($23.55 in chips) 
Seat 8: Kukoc69 ($25.35 in chips) 
Seat 9: gaelic12 ($16.80 in chips) 
Alameda22: posts small blind $0.10
betojch: posts big blind $0.25
*** HOLE CARDS ***
Dealt to Alameda22 [Kd 5d]
Kukoc69: folds 
gaelic12: folds 
supersteezy: folds 
temmikongi: calls $0.25
Bocky 7: folds 
SirMolle: folds 
Alameda22: folds 
betojch: checks 
*** FLOP *** [As Ts Td]
betojch: checks 
temmikongi: bets $0.50
betojch: folds 
Uncalled bet ($0.50) returned to temmikongi
temmikongi collected $0.60 from pot
temmikongi: doesn't show hand 
*** SUMMARY ***
Total pot $0.60 | Rake $0 
Board [As Ts Td]
Seat 1: supersteezy folded before Flop (didn't bet)
Seat 2: temmikongi collected ($0.60)
Seat 4: Bocky 7 folded before Flop (didn't bet)
Seat 5: SirMolle (button) folded before Flop (didn't bet)
Seat 6: Alameda22 (small blind) folded before Flop
Seat 7: betojch (big blind) folded on the Flop
Seat 8: Kukoc69 folded before Flop (didn't bet)
Seat 9: gaelic12 folded before Flop (didn't bet)



PokerStars Game #19899003339:  Hold'em No Limit ($0.10/$0.25) - 2008/08/25 - 20:26:44 (ET)
Table 'Hippokoon IV' 9-max Seat #6 is the button
Seat 1: supersteezy ($17.35 in chips) 
Seat 2: temmikongi ($25 in chips) 
Seat 4: Bocky 7 ($27.60 in chips) 
Seat 5: SirMolle ($24.65 in chips) 
Seat 6: Alameda22 ($26.25 in chips) 
Seat 7: betojch ($23.30 in chips) 
Seat 8: Kukoc69 ($25.35 in chips) 
Seat 9: gaelic12 ($16.80 in chips) 
betojch: posts small blind $0.10
Kukoc69: posts big blind $0.25
*** HOLE CARDS ***
Dealt to Alameda22 [4c Jh]
gaelic12: folds 
supersteezy: folds 
temmikongi: folds 
Bocky 7: folds 
SirMolle: folds 
Alameda22: folds 
betojch: raises $0.75 to $1
Kukoc69: folds 
Uncalled bet ($0.75) returned to betojch
betojch collected $0.50 from pot
betojch: doesn't show hand 
*** SUMMARY ***
Total pot $0.50 | Rake $0 
Seat 1: supersteezy folded before Flop (didn't bet)
Seat 2: temmikongi folded before Flop (didn't bet)
Seat 4: Bocky 7 folded before Flop (didn't bet)
Seat 5: SirMolle folded before Flop (didn't bet)
Seat 6: Alameda22 (button) folded before Flop (didn't bet)
Seat 7: betojch (small blind) collected ($0.50)
Seat 8: Kukoc69 (big blind) folded before Flop
Seat 9: gaelic12 folded before Flop (didn't bet)



PokerStars Game #19899022893:  Hold'em No Limit ($0.10/$0.25) - 2008/08/25 - 20:27:33 (ET)
Table 'Hippokoon IV' 9-max Seat #7 is the button
Seat 1: supersteezy ($17.35 in chips) 
Seat 2: temmikongi ($25 in chips) 
Seat 4: Bocky 7 ($27.60 in chips) 
Seat 5: SirMolle ($24.65 in chips) 
Seat 6: Alameda22 ($26.25 in chips) 
Seat 7: betojch ($23.55 in chips) 
Seat 8: Kukoc69 ($25.10 in chips) 
Seat 9: gaelic12 ($16.80 in chips) 
Kukoc69: posts small blind $0.10
gaelic12: posts big blind $0.25
*** HOLE CARDS ***
Dealt to Alameda22 [8s Kc]
supersteezy: folds 
temmikongi: folds 
Bocky 7: folds 
SirMolle: folds 
Alameda22: folds 
betojch: folds 
Kukoc69: folds 
Uncalled bet ($0.15) returned to gaelic12
gaelic12 collected $0.20 from pot
gaelic12: doesn't show hand 
*** SUMMARY ***
Total pot $0.20 | Rake $0 
Seat 1: supersteezy folded before Flop (didn't bet)
Seat 2: temmikongi folded before Flop (didn't bet)
Seat 4: Bocky 7 folded before Flop (didn't bet)
Seat 5: SirMolle folded before Flop (didn't bet)
Seat 6: Alameda22 folded before Flop (didn't bet)
Seat 7: betojch (button) folded before Flop (didn't bet)
Seat 8: Kukoc69 (small blind) folded before Flop
Seat 9: gaelic12 (big blind) collected ($0.20)



PokerStars Game #19899035422:  Hold'em No Limit ($0.10/$0.25) - 2008/08/25 - 20:28:06 (ET)
Table 'Hippokoon IV' 9-max Seat #8 is the button
Seat 1: supersteezy ($17.35 in chips) 
Seat 2: temmikongi ($25 in chips) 
Seat 4: Bocky 7 ($27.60 in chips) 
Seat 5: SirMolle ($24.65 in chips) 
Seat 6: Alameda22 ($26.25 in chips) 
Seat 7: betojch ($23.55 in chips) 
Seat 8: Kukoc69 ($25 in chips) 
Seat 9: gaelic12 ($16.90 in chips) 
gaelic12: posts small blind $0.10
supersteezy: posts big blind $0.25
*** HOLE CARDS ***
Dealt to Alameda22 [5c 3h]
temmikongi: calls $0.25
Bocky 7: folds 
SirMolle: folds 
Alameda22: folds 
betojch: folds 
Kukoc69: folds 
gaelic12: folds 
supersteezy: checks 
*** FLOP *** [6s 6h As]
supersteezy: checks 
temmikongi: bets $0.50
supersteezy: folds 
Uncalled bet ($0.50) returned to temmikongi
temmikongi collected $0.60 from pot
temmikongi: doesn't show hand 
*** SUMMARY ***
Total pot $0.60 | Rake $0 
Board [6s 6h As]
Seat 1: supersteezy (big blind) folded on the Flop
Seat 2: temmikongi collected ($0.60)
Seat 4: Bocky 7 folded before Flop (didn't bet)
Seat 5: SirMolle folded before Flop (didn't bet)
Seat 6: Alameda22 folded before Flop (didn't bet)
Seat 7: betojch folded before Flop (didn't bet)
Seat 8: Kukoc69 (button) folded before Flop (didn't bet)
Seat 9: gaelic12 (small blind) folded before Flop



PokerStars Game #19899063735:  Hold'em No Limit ($0.10/$0.25) - 2008/08/25 - 20:29:18 (ET)
Table 'Hippokoon IV' 9-max Seat #9 is the button
Seat 1: supersteezy ($17.10 in chips) 
Seat 4: Bocky 7 ($27.60 in chips) 
Seat 5: SirMolle ($24.65 in chips) 
Seat 6: Alameda22 ($26.25 in chips) 
Seat 7: betojch ($23.55 in chips) 
Seat 8: Kukoc69 ($25 in chips) 
Seat 9: gaelic12 ($16.80 in chips) 
supersteezy: posts small blind $0.10
temmikongi: is sitting out 
temmikongi leaves the table
Bocky 7: posts big blind $0.25
*** HOLE CARDS ***
Dealt to Alameda22 [Kd 3d]
SirMolle: folds 
Alameda22: folds 
betojch: folds 
Kukoc69: folds 
gaelic12: folds 
supersteezy: folds 
Uncalled bet ($0.15) returned to Bocky 7
Bocky 7 collected $0.20 from pot
*** SUMMARY ***
Total pot $0.20 | Rake $0 
Seat 1: supersteezy (small blind) folded before Flop
Seat 4: Bocky 7 (big blind) collected ($0.20)
Seat 5: SirMolle folded before Flop (didn't bet)
Seat 6: Alameda22 folded before Flop (didn't bet)
Seat 7: betojch folded before Flop (didn't bet)
Seat 8: Kukoc69 folded before Flop (didn't bet)
Seat 9: gaelic12 (button) folded before Flop (didn't bet)



PokerStars Game #19899088388:  Hold'em No Limit ($0.10/$0.25) - 2008/08/25 - 20:30:22 (ET)
Table 'Hippokoon IV' 9-max Seat #1 is the button
Seat 1: supersteezy ($17 in chips) 
Seat 4: Bocky 7 ($27.70 in chips) 
Seat 5: SirMolle ($24.65 in chips) 
Seat 6: Alameda22 ($26.25 in chips) 
Seat 7: betojch ($23.55 in chips) 
Seat 8: Kukoc69 ($25 in chips) 
Seat 9: gaelic12 ($16.80 in chips) 
Bocky 7: posts small blind $0.10
SirMolle: posts big blind $0.25
*** HOLE CARDS ***
Dealt to Alameda22 [Ac 4s]
Alameda22: folds 
betojch: folds 
Kukoc69: folds 
gaelic12: calls $0.25
supersteezy: calls $0.25
Bocky 7: calls $0.15
SirMolle: checks 
*** FLOP *** [3h Qh Th]
shoshan25 joins the table at seat #2 
Bocky 7: checks 
SirMolle: checks 
gaelic12: bets $0.75
supersteezy: folds 
Bocky 7: folds 
SirMolle: folds 
Uncalled bet ($0.75) returned to gaelic12
gaelic12 collected $0.95 from pot
gaelic12: doesn't show hand 
*** SUMMARY ***
Total pot $1 | Rake $0.05 
Board [3h Qh Th]
Seat 1: supersteezy (button) folded on the Flop
Seat 4: Bocky 7 (small blind) folded on the Flop
Seat 5: SirMolle (big blind) folded on the Flop
Seat 6: Alameda22 folded before Flop (didn't bet)
Seat 7: betojch folded before Flop (didn't bet)
Seat 8: Kukoc69 folded before Flop (didn't bet)
Seat 9: gaelic12 collected ($0.95)



PokerStars Game #19899123391:  Hold'em No Limit ($0.10/$0.25) - 2008/08/25 - 20:31:49 (ET)
Table 'Hippokoon IV' 9-max Seat #4 is the button
Seat 1: supersteezy ($16.75 in chips) 
Seat 2: shoshan25 ($15 in chips) 
Seat 4: Bocky 7 ($27.45 in chips) 
Seat 5: SirMolle ($24.40 in chips) 
Seat 6: Alameda22 ($26.25 in chips) 
Seat 7: betojch ($23.55 in chips) 
Seat 8: Kukoc69 ($25 in chips) 
Seat 9: gaelic12 ($17.50 in chips) 
SirMolle: posts small blind $0.10
Alameda22: posts big blind $0.25
shoshan25: posts big blind $0.25
*** HOLE CARDS ***
Dealt to Alameda22 [8s 5d]
Doc Groove joins the table at seat #3 
betojch: folds 
Kukoc69: folds 
gaelic12: folds 
supersteezy: folds 
shoshan25: checks 
Bocky 7: folds 
SirMolle: folds 
Alameda22: checks 
*** FLOP *** [6h 8c Jd]
Alameda22: checks 
shoshan25: checks 
*** TURN *** [6h 8c Jd] [5s]
Alameda22: bets $0.50
shoshan25: calls $0.50
*** RIVER *** [6h 8c Jd 5s] [Ah]
Alameda22: bets $1
shoshan25: folds 
Uncalled bet ($1) returned to Alameda22
Alameda22 collected $1.55 from pot
Alameda22: doesn't show hand 
*** SUMMARY ***
Total pot $1.60 | Rake $0.05 
Board [6h 8c Jd 5s Ah]
Seat 1: supersteezy folded before Flop (didn't bet)
Seat 2: shoshan25 folded on the River
Seat 4: Bocky 7 (button) folded before Flop (didn't bet)
Seat 5: SirMolle (small blind) folded before Flop
Seat 6: Alameda22 (big blind) collected ($1.55)
Seat 7: betojch folded before Flop (didn't bet)
Seat 8: Kukoc69 folded before Flop (didn't bet)
Seat 9: gaelic12 folded before Flop (didn't bet)



PokerStars Game #19899159620:  Hold'em No Limit ($0.10/$0.25) - 2008/08/25 - 20:33:19 (ET)
Table 'Hippokoon IV' 9-max Seat #5 is the button
Seat 1: supersteezy ($16.75 in chips) 
Seat 2: shoshan25 ($14.25 in chips) 
Seat 4: Bocky 7 ($27.45 in chips) 
Seat 5: SirMolle ($24.30 in chips) 
Seat 6: Alameda22 ($27.05 in chips) 
Seat 7: betojch ($23.55 in chips) 
Seat 8: Kukoc69 ($25 in chips) 
Seat 9: gaelic12 ($17.50 in chips) 
Alameda22: posts small blind $0.10
betojch: posts big blind $0.25
Doc Groove: sits out 
*** HOLE CARDS ***
Dealt to Alameda22 [6h 2h]
Kukoc69: folds 
gaelic12: folds 
supersteezy: folds 
shoshan25: folds 
Bocky 7: raises $0.50 to $0.75
SirMolle: folds 
Alameda22: folds 
betojch: folds 
Uncalled bet ($0.50) returned to Bocky 7
Bocky 7 collected $0.60 from pot
Bocky 7: doesn't show hand 
*** SUMMARY ***
Total pot $0.60 | Rake $0 
Seat 1: supersteezy folded before Flop (didn't bet)
Seat 2: shoshan25 folded before Flop (didn't bet)
Seat 4: Bocky 7 collected ($0.60)
Seat 5: SirMolle (button) folded before Flop (didn't bet)
Seat 6: Alameda22 (small blind) folded before Flop
Seat 7: betojch (big blind) folded before Flop
Seat 8: Kukoc69 folded before Flop (didn't bet)
Seat 9: gaelic12 folded before Flop (didn't bet)



PokerStars Game #19899186897:  Hold'em No Limit ($0.10/$0.25) - 2008/08/25 - 20:34:26 (ET)
Table 'Hippokoon IV' 9-max Seat #6 is the button
Seat 1: supersteezy ($16.75 in chips) 
Seat 2: shoshan25 ($14.25 in chips) 
Seat 4: Bocky 7 ($27.80 in chips) 
Seat 5: SirMolle ($24.30 in chips) 
Seat 6: Alameda22 ($26.95 in chips) 
Seat 7: betojch ($23.30 in chips) 
Seat 8: Kukoc69 ($25 in chips) 
Seat 9: gaelic12 ($17.50 in chips) 
betojch: posts small blind $0.10
Kukoc69: posts big blind $0.25
Doc Groove: sits out 
*** HOLE CARDS ***
Dealt to Alameda22 [7h 2c]
gaelic12: folds 
supersteezy: calls $0.25
shoshan25: folds 
Bocky 7: folds 
SirMolle: folds 
Alameda22: folds 
betojch: calls $0.15
Kukoc69: checks 
*** FLOP *** [8c 6c 6d]
betojch: checks 
Kukoc69: checks 
supersteezy: bets $1
betojch: folds 
Kukoc69: folds 
Uncalled bet ($1) returned to supersteezy
supersteezy collected $0.75 from pot
supersteezy: doesn't show hand 
*** SUMMARY ***
Total pot $0.75 | Rake $0 
Board [8c 6c 6d]
Seat 1: supersteezy collected ($0.75)
Seat 2: shoshan25 folded before Flop (didn't bet)
Seat 4: Bocky 7 folded before Flop (didn't bet)
Seat 5: SirMolle folded before Flop (didn't bet)
Seat 6: Alameda22 (button) folded before Flop (didn't bet)
Seat 7: betojch (small blind) folded on the Flop
Seat 8: Kukoc69 (big blind) folded on the Flop
Seat 9: gaelic12 folded before Flop (didn't bet)



PokerStars Game #19899230172:  Hold'em No Limit ($0.10/$0.25) - 2008/08/25 - 20:36:13 (ET)
Table 'Hippokoon IV' 9-max Seat #7 is the button
Seat 1: supersteezy ($17.25 in chips) 
Seat 2: shoshan25 ($14.25 in chips) 
Seat 4: Bocky 7 ($27.80 in chips) 
Seat 5: SirMolle ($24.30 in chips) 
Seat 6: Alameda22 ($26.95 in chips) 
Seat 7: betojch ($23.05 in chips) 
Seat 8: Kukoc69 ($24.75 in chips) 
Seat 9: gaelic12 ($17.50 in chips) 
Kukoc69: posts small blind $0.10
gaelic12: posts big blind $0.25
Doc Groove: sits out 
*** HOLE CARDS ***
Dealt to Alameda22 [6h Ts]
supersteezy: folds 
shoshan25: calls $0.25
Bocky 7: raises $0.25 to $0.50
SirMolle: folds 
Alameda22: folds 
betojch: folds 
Kukoc69: calls $0.40
gaelic12: calls $0.25
shoshan25: calls $0.25
*** FLOP *** [3d 6s 5s]
Kukoc69: bets $1.25
gaelic12: calls $1.25
shoshan25: calls $1.25
Bocky 7: calls $1.25
*** TURN *** [3d 6s 5s] [Kh]
Kukoc69: checks 
gaelic12: checks 
shoshan25: bets $4.50
Bocky 7: folds 
Kukoc69: calls $4.50
gaelic12: folds 
*** RIVER *** [3d 6s 5s Kh] [8h]
Kukoc69: checks 
shoshan25: checks 
*** SHOW DOWN ***
Kukoc69: shows [9s Qs] (high card King)
shoshan25: shows [Ks 2c] (a pair of Kings)
shoshan25 collected $15.25 from pot
*** SUMMARY ***
Total pot $16 | Rake $0.75 
Board [3d 6s 5s Kh 8h]
Seat 1: supersteezy folded before Flop (didn't bet)
Seat 2: shoshan25 showed [Ks 2c] and won ($15.25) with a pair of Kings
Seat 4: Bocky 7 folded on the Turn
Seat 5: SirMolle folded before Flop (didn't bet)
Seat 6: Alameda22 folded before Flop (didn't bet)
Seat 7: betojch (button) folded before Flop (didn't bet)
Seat 8: Kukoc69 (small blind) showed [9s Qs] and lost with high card King
Seat 9: gaelic12 (big blind) folded on the Turn



PokerStars Game #19899267529:  Hold'em No Limit ($0.10/$0.25) - 2008/08/25 - 20:37:45 (ET)
Table 'Hippokoon IV' 9-max Seat #8 is the button
Seat 1: supersteezy ($17.25 in chips) 
Seat 2: shoshan25 ($23.25 in chips) 
Seat 4: Bocky 7 ($26.05 in chips) 
Seat 5: SirMolle ($25 in chips) 
Seat 6: Alameda22 ($26.95 in chips) 
Seat 7: betojch ($23.05 in chips) 
Seat 8: Kukoc69 ($18.50 in chips) 
Seat 9: gaelic12 ($15.75 in chips) 
gaelic12: posts small blind $0.10
supersteezy: posts big blind $0.25
Doc Groove: sits out 
*** HOLE CARDS ***
Dealt to Alameda22 [Ah Kh]
shoshan25: calls $0.25
Bocky 7: folds 
SirMolle: folds 
Alameda22: raises $0.75 to $1
betojch: folds 
Kukoc69: folds 
gaelic12: folds 
supersteezy: calls $0.75
shoshan25: calls $0.75
*** FLOP *** [4c Kc 4s]
supersteezy: checks 
shoshan25: checks 
Alameda22: bets $2
supersteezy: calls $2
shoshan25: folds 
*** TURN *** [4c Kc 4s] [8d]
supersteezy: bets $5
Alameda22: raises $18.95 to $23.95 and is all-in
supersteezy: calls $9.25 and is all-in
Uncalled bet ($9.70) returned to Alameda22
*** RIVER *** [4c Kc 4s 8d] [6c]
*** SHOW DOWN ***
supersteezy: shows [Ks Qd] (two pair, Kings and Fours)
Alameda22: shows [Ah Kh] (two pair, Kings and Fours - Ace kicker)
Alameda22 collected $33.85 from pot
*** SUMMARY ***
Total pot $35.60 | Rake $1.75 
Board [4c Kc 4s 8d 6c]
Seat 1: supersteezy (big blind) showed [Ks Qd] and lost with two pair, Kings and Fours
Seat 2: shoshan25 folded on the Flop
Seat 4: Bocky 7 folded before Flop (didn't bet)
Seat 5: SirMolle folded before Flop (didn't bet)
Seat 6: Alameda22 showed [Ah Kh] and won ($33.85) with two pair, Kings and Fours
Seat 7: betojch folded before Flop (didn't bet)
Seat 8: Kukoc69 (button) folded before Flop (didn't bet)
Seat 9: gaelic12 (small blind) folded before Flop



PokerStars Game #19899323785:  Hold'em No Limit ($0.10/$0.25) - 2008/08/25 - 20:40:06 (ET)
Table 'Hippokoon IV' 9-max Seat #9 is the button
Seat 2: shoshan25 ($22.25 in chips) 
Seat 4: Bocky 7 ($26.05 in chips) 
Seat 5: SirMolle ($25 in chips) 
Seat 6: Alameda22 ($43.55 in chips) 
Seat 7: betojch ($23.05 in chips) 
Seat 8: Kukoc69 ($25 in chips) 
Seat 9: gaelic12 ($15.65 in chips) 
shoshan25: posts small blind $0.10
supersteezy leaves the table
2short4life joins the table at seat #1 
Doc Groove has timed out
Doc Groove: is sitting out 
Bocky 7: posts big blind $0.25
*** HOLE CARDS ***
Dealt to Alameda22 [6h 3c]
Doc Groove has returned
SirMolle has timed out
SirMolle: folds 
SirMolle is sitting out
Alameda22: folds 
SirMolle has returned
betojch: folds 
Kukoc69: folds 
gaelic12: raises $0.50 to $0.75
shoshan25: calls $0.65
Bocky 7: folds 
*** FLOP *** [Ac 2c Jc]
Bocky 7 is sitting out
shoshan25: checks 
gaelic12: bets $0.75
shoshan25: folds 
Uncalled bet ($0.75) returned to gaelic12
gaelic12 collected $1.70 from pot
gaelic12: doesn't show hand 
*** SUMMARY ***
Total pot $1.75 | Rake $0.05 
Board [Ac 2c Jc]
Seat 2: shoshan25 (small blind) folded on the Flop
Seat 4: Bocky 7 (big blind) folded before Flop
Seat 5: SirMolle folded before Flop (didn't bet)
Seat 6: Alameda22 folded before Flop (didn't bet)
Seat 7: betojch folded before Flop (didn't bet)
Seat 8: Kukoc69 folded before Flop (didn't bet)
Seat 9: gaelic12 (button) collected ($1.70)



PokerStars Game #19899368631:  Hold'em No Limit ($0.10/$0.25) - 2008/08/25 - 20:41:58 (ET)
Table 'Hippokoon IV' 9-max Seat #2 is the button
Seat 1: 2short4life ($25 in chips) 
Seat 2: shoshan25 ($21.50 in chips) 
Seat 5: SirMolle ($25 in chips) 
Seat 6: Alameda22 ($43.55 in chips) 
Seat 7: betojch ($23.05 in chips) 
Seat 8: Kukoc69 ($25 in chips) 
Seat 9: gaelic12 ($16.60 in chips) 
Doc Groove will be allowed to play after the button
SirMolle: posts small blind $0.10
Alameda22: posts big blind $0.25
2short4life: posts big blind $0.25
*** HOLE CARDS ***
Dealt to Alameda22 [2d Jc]
betojch: folds 
Kukoc69: folds 
gaelic12: folds 
2short4life: checks 
shoshan25: calls $0.25
SirMolle: folds 
Alameda22: checks 
*** FLOP *** [Ts 6s Kd]
Alameda22: checks 
2short4life: checks 
shoshan25: checks 
*** TURN *** [Ts 6s Kd] [8s]
Alameda22: checks 
2short4life: checks 
shoshan25: bets $1.50
Alameda22: folds 
2short4life: folds 
Uncalled bet ($1.50) returned to shoshan25
shoshan25 collected $0.85 from pot
shoshan25: doesn't show hand 
*** SUMMARY ***
Total pot $0.85 | Rake $0 
Board [Ts 6s Kd 8s]
Seat 1: 2short4life folded on the Turn
Seat 2: shoshan25 (button) collected ($0.85)
Seat 5: SirMolle (small blind) folded before Flop
Seat 6: Alameda22 (big blind) folded on the Turn
Seat 7: betojch folded before Flop (didn't bet)
Seat 8: Kukoc69 folded before Flop (didn't bet)
Seat 9: gaelic12 folded before Flop (didn't bet)



PokerStars Game #19899396707:  Hold'em No Limit ($0.10/$0.25) - 2008/08/25 - 20:43:09 (ET)
Table 'Hippokoon IV' 9-max Seat #5 is the button
Seat 1: 2short4life ($24.75 in chips) 
Seat 2: shoshan25 ($22.10 in chips) 
Seat 3: Doc Groove ($15 in chips) 
Seat 5: SirMolle ($24.90 in chips) 
Seat 6: Alameda22 ($43.30 in chips) 
Seat 7: betojch ($23.05 in chips) 
Seat 8: Kukoc69 ($25 in chips) 
Seat 9: gaelic12 ($16.60 in chips) 
Alameda22: posts small blind $0.10
betojch: posts big blind $0.25
Doc Groove: posts big blind $0.25
*** HOLE CARDS ***
Dealt to Alameda22 [9d 7h]
Kukoc69: folds 
gaelic12: folds 
2short4life: folds 
shoshan25: folds 
Doc Groove: checks 
SirMolle: raises $1 to $1.25
Alameda22: folds 
betojch: folds 
Doc Groove: folds 
Uncalled bet ($1) returned to SirMolle
SirMolle collected $0.85 from pot
SirMolle: doesn't show hand 
*** SUMMARY ***
Total pot $0.85 | Rake $0 
Seat 1: 2short4life folded before Flop (didn't bet)
Seat 2: shoshan25 folded before Flop (didn't bet)
Seat 3: Doc Groove folded before Flop
Seat 5: SirMolle (button) collected ($0.85)
Seat 6: Alameda22 (small blind) folded before Flop
Seat 7: betojch (big blind) folded before Flop
Seat 8: Kukoc69 folded before Flop (didn't bet)
Seat 9: gaelic12 folded before Flop (didn't bet)



PokerStars Game #19899416181:  Hold'em No Limit ($0.10/$0.25) - 2008/08/25 - 20:43:58 (ET)
Table 'Hippokoon IV' 9-max Seat #6 is the button
Seat 1: 2short4life ($24.75 in chips) 
Seat 2: shoshan25 ($22.10 in chips) 
Seat 3: Doc Groove ($14.75 in chips) 
Seat 5: SirMolle ($25.50 in chips) 
Seat 6: Alameda22 ($43.20 in chips) 
Seat 7: betojch ($22.80 in chips) 
Seat 8: Kukoc69 ($25 in chips) 
Seat 9: gaelic12 ($16.60 in chips) 
betojch: posts small blind $0.10
Kukoc69: posts big blind $0.25
*** HOLE CARDS ***
Dealt to Alameda22 [6c 8d]
gaelic12: folds 
2short4life: folds 
shoshan25: raises $0.25 to $0.50
Doc Groove: folds 
SirMolle: folds 
Alameda22: folds 
betojch: folds 
Kukoc69: calls $0.25
*** FLOP *** [Qc As Js]
Bocky 7 has returned
Kukoc69: checks 
shoshan25: bets $1.50
Kukoc69: folds 
Uncalled bet ($1.50) returned to shoshan25
shoshan25 collected $1.05 from pot
shoshan25: doesn't show hand 
*** SUMMARY ***
Total pot $1.10 | Rake $0.05 
Board [Qc As Js]
Seat 1: 2short4life folded before Flop (didn't bet)
Seat 2: shoshan25 collected ($1.05)
Seat 3: Doc Groove folded before Flop (didn't bet)
Seat 5: SirMolle folded before Flop (didn't bet)
Seat 6: Alameda22 (button) folded before Flop (didn't bet)
Seat 7: betojch (small blind) folded before Flop
Seat 8: Kukoc69 (big blind) folded on the Flop
Seat 9: gaelic12 folded before Flop (didn't bet)



PokerStars Game #19899437750:  Hold'em No Limit ($0.10/$0.25) - 2008/08/25 - 20:44:53 (ET)
Table 'Hippokoon IV' 9-max Seat #7 is the button
Seat 1: 2short4life ($24.75 in chips) 
Seat 2: shoshan25 ($22.65 in chips) 
Seat 3: Doc Groove ($14.75 in chips) 
Seat 4: Bocky 7 ($25.80 in chips) 
Seat 5: SirMolle ($25.50 in chips) 
Seat 6: Alameda22 ($43.20 in chips) 
Seat 7: betojch ($22.70 in chips) 
Seat 8: Kukoc69 ($24.50 in chips) 
Seat 9: gaelic12 ($16.60 in chips) 
Kukoc69: posts small blind $0.10
gaelic12: posts big blind $0.25
Bocky 7: posts small blind $0.10
*** HOLE CARDS ***
Dealt to Alameda22 [2c 6h]
2short4life: folds 
shoshan25: raises $1.25 to $1.50
Doc Groove: folds 
Bocky 7: calls $1.50
SirMolle: folds 
Alameda22: folds 
betojch: folds 
Kukoc69: calls $1.40
gaelic12: folds 
*** FLOP *** [9d Jh 7h]
Kukoc69: checks 
shoshan25: bets $1
Bocky 7: raises $1 to $2
Kukoc69: folds 
shoshan25: calls $1
*** TURN *** [9d Jh 7h] [Jc]
shoshan25: checks 
Bocky 7: bets $2
shoshan25: folds 
Uncalled bet ($2) returned to Bocky 7
Bocky 7 collected $8.45 from pot
Bocky 7: doesn't show hand 
*** SUMMARY ***
Total pot $8.85 | Rake $0.40 
Board [9d Jh 7h Jc]
Seat 1: 2short4life folded before Flop (didn't bet)
Seat 2: shoshan25 folded on the Turn
Seat 3: Doc Groove folded before Flop (didn't bet)
Seat 4: Bocky 7 collected ($8.45)
Seat 5: SirMolle folded before Flop (didn't bet)
Seat 6: Alameda22 folded before Flop (didn't bet)
Seat 7: betojch (button) folded before Flop (didn't bet)
Seat 8: Kukoc69 (small blind) folded on the Flop
Seat 9: gaelic12 (big blind) folded before Flop



PokerStars Game #19899469145:  Hold'em No Limit ($0.10/$0.25) - 2008/08/25 - 20:46:19 (ET)
Table 'Hippokoon IV' 9-max Seat #8 is the button
Seat 1: 2short4life ($24.75 in chips) 
Seat 2: shoshan25 ($19.15 in chips) 
Seat 3: Doc Groove ($14.75 in chips) 
Seat 4: Bocky 7 ($30.65 in chips) 
Seat 5: SirMolle ($25.50 in chips) 
Seat 6: Alameda22 ($43.20 in chips) 
Seat 7: betojch ($22.70 in chips) 
Seat 8: Kukoc69 ($23 in chips) 
Seat 9: gaelic12 ($16.35 in chips) 
gaelic12: posts small blind $0.10
2short4life: posts big blind $0.25
*** HOLE CARDS ***
Dealt to Alameda22 [Ks Ts]
shoshan25: folds 
Doc Groove: folds 
Bocky 7: raises $0.50 to $0.75
SirMolle: folds 
Alameda22: folds 
betojch: folds 
Kukoc69: folds 
gaelic12: folds 
2short4life: folds 
Uncalled bet ($0.50) returned to Bocky 7
Bocky 7 collected $0.60 from pot
*** SUMMARY ***
Total pot $0.60 | Rake $0 
Seat 1: 2short4life (big blind) folded before Flop
Seat 2: shoshan25 folded before Flop (didn't bet)
Seat 3: Doc Groove folded before Flop (didn't bet)
Seat 4: Bocky 7 collected ($0.60)
Seat 5: SirMolle folded before Flop (didn't bet)
Seat 6: Alameda22 folded before Flop (didn't bet)
Seat 7: betojch folded before Flop (didn't bet)
Seat 8: Kukoc69 (button) folded before Flop (didn't bet)
Seat 9: gaelic12 (small blind) folded before Flop



PokerStars Game #19899482812:  Hold'em No Limit ($0.10/$0.25) - 2008/08/25 - 20:46:53 (ET)
Table 'Hippokoon IV' 9-max Seat #9 is the button
Seat 1: 2short4life ($24.50 in chips) 
Seat 2: shoshan25 ($19.15 in chips) 
Seat 3: Doc Groove ($14.75 in chips) 
Seat 4: Bocky 7 ($31 in chips) 
Seat 5: SirMolle ($25.50 in chips) 
Seat 6: Alameda22 ($43.20 in chips) 
Seat 7: betojch ($22.70 in chips) 
Seat 8: Kukoc69 ($23 in chips) 
Seat 9: gaelic12 ($16.25 in chips) 
2short4life: posts small blind $0.10
shoshan25: posts big blind $0.25
*** HOLE CARDS ***
Dealt to Alameda22 [Qh 6s]
Doc Groove: folds 
Bocky 7: folds 
SirMolle: raises $0.75 to $1
Alameda22: folds 
betojch: folds 
Kukoc69: folds 
gaelic12: folds 
2short4life: folds 
shoshan25: calls $0.75
*** FLOP *** [Ts 4h Qd]
shoshan25: bets $0.25
SirMolle: raises $1.50 to $1.75
shoshan25: folds 
Uncalled bet ($1.50) returned to SirMolle
SirMolle collected $2.50 from pot
SirMolle: doesn't show hand 
*** SUMMARY ***
Total pot $2.60 | Rake $0.10 
Board [Ts 4h Qd]
Seat 1: 2short4life (small blind) folded before Flop
Seat 2: shoshan25 (big blind) folded on the Flop
Seat 3: Doc Groove folded before Flop (didn't bet)
Seat 4: Bocky 7 folded before Flop (didn't bet)
Seat 5: SirMolle collected ($2.50)
Seat 6: Alameda22 folded before Flop (didn't bet)
Seat 7: betojch folded before Flop (didn't bet)
Seat 8: Kukoc69 folded before Flop (didn't bet)
Seat 9: gaelic12 (button) folded before Flop (didn't bet)



PokerStars Game #19899517945:  Hold'em No Limit ($0.10/$0.25) - 2008/08/25 - 20:48:22 (ET)
Table 'Hippokoon IV' 9-max Seat #1 is the button
Seat 1: 2short4life ($24.40 in chips) 
Seat 2: shoshan25 ($17.90 in chips) 
Seat 3: Doc Groove ($14.75 in chips) 
Seat 4: Bocky 7 ($31 in chips) 
Seat 5: SirMolle ($26.75 in chips) 
Seat 6: Alameda22 ($43.20 in chips) 
Seat 7: betojch ($22.70 in chips) 
Seat 8: Kukoc69 ($23 in chips) 
Seat 9: gaelic12 ($16.25 in chips) 
shoshan25: posts small blind $0.10
Doc Groove: posts big blind $0.25
*** HOLE CARDS ***
Dealt to Alameda22 [2h 4c]
Bocky 7: raises $0.25 to $0.50
SirMolle: folds 
Alameda22: folds 
betojch: folds 
Kukoc69: calls $0.50
gaelic12: calls $0.50
2short4life: folds 
shoshan25: calls $0.40
Doc Groove: folds 
*** FLOP *** [5h 9h 3s]
shoshan25: checks 
Bocky 7: bets $0.75
Kukoc69: folds 
gaelic12: folds 
shoshan25: calls $0.75
*** TURN *** [5h 9h 3s] [4d]
shoshan25: checks 
Bocky 7: bets $1
shoshan25: raises $1 to $2
Bocky 7: folds 
Uncalled bet ($1) returned to shoshan25
shoshan25 collected $5.50 from pot
shoshan25: doesn't show hand 
*** SUMMARY ***
Total pot $5.75 | Rake $0.25 
Board [5h 9h 3s 4d]
Seat 1: 2short4life (button) folded before Flop (didn't bet)
Seat 2: shoshan25 (small blind) collected ($5.50)
Seat 3: Doc Groove (big blind) folded before Flop
Seat 4: Bocky 7 folded on the Turn
Seat 5: SirMolle folded before Flop (didn't bet)
Seat 6: Alameda22 folded before Flop (didn't bet)
Seat 7: betojch folded before Flop (didn't bet)
Seat 8: Kukoc69 folded on the Flop
Seat 9: gaelic12 folded on the Flop



PokerStars Game #19899569087:  Hold'em No Limit ($0.10/$0.25) - 2008/08/25 - 20:50:32 (ET)
Table 'Hippokoon IV' 9-max Seat #2 is the button
Seat 1: 2short4life ($24.40 in chips) 
Seat 2: shoshan25 ($21.15 in chips) 
Seat 3: Doc Groove ($14.50 in chips) 
Seat 4: Bocky 7 ($28.75 in chips) 
Seat 5: SirMolle ($26.75 in chips) 
Seat 6: Alameda22 ($43.20 in chips) 
Seat 7: betojch ($22.70 in chips) 
Seat 8: Kukoc69 ($22.50 in chips) 
Seat 9: gaelic12 ($15.75 in chips) 
Doc Groove: posts small blind $0.10
Bocky 7: posts big blind $0.25
*** HOLE CARDS ***
Dealt to Alameda22 [Kh 9d]
SirMolle: folds 
Alameda22: folds 
betojch: folds 
Kukoc69: folds 
gaelic12: folds 
2short4life: raises $0.75 to $1
shoshan25: calls $1
Doc Groove: folds 
Bocky 7: folds 
*** FLOP *** [4d 2c Ts]
2short4life: checks 
shoshan25: checks 
*** TURN *** [4d 2c Ts] [9s]
2short4life: checks 
shoshan25: checks 
*** RIVER *** [4d 2c Ts 9s] [7c]
2short4life: checks 
shoshan25: bets $2
2short4life: folds 
Uncalled bet ($2) returned to shoshan25
shoshan25 collected $2.25 from pot
shoshan25: doesn't show hand 
*** SUMMARY ***
Total pot $2.35 | Rake $0.10 
Board [4d 2c Ts 9s 7c]
Seat 1: 2short4life folded on the River
Seat 2: shoshan25 (button) collected ($2.25)
Seat 3: Doc Groove (small blind) folded before Flop
Seat 4: Bocky 7 (big blind) folded before Flop
Seat 5: SirMolle folded before Flop (didn't bet)
Seat 6: Alameda22 folded before Flop (didn't bet)
Seat 7: betojch folded before Flop (didn't bet)
Seat 8: Kukoc69 folded before Flop (didn't bet)
Seat 9: gaelic12 folded before Flop (didn't bet)



PokerStars Game #19899601031:  Hold'em No Limit ($0.10/$0.25) - 2008/08/25 - 20:51:53 (ET)
Table 'Hippokoon IV' 9-max Seat #3 is the button
Seat 1: 2short4life ($23.40 in chips) 
Seat 2: shoshan25 ($22.40 in chips) 
Seat 3: Doc Groove ($14.40 in chips) 
Seat 4: Bocky 7 ($28.50 in chips) 
Seat 5: SirMolle ($26.75 in chips) 
Seat 6: Alameda22 ($43.20 in chips) 
Seat 7: betojch ($22.70 in chips) 
Seat 8: Kukoc69 ($22.50 in chips) 
Seat 9: gaelic12 ($15.75 in chips) 
Bocky 7: posts small blind $0.10
SirMolle: posts big blind $0.25
*** HOLE CARDS ***
Dealt to Alameda22 [2h Js]
Alameda22: folds 
betojch: folds 
Kukoc69: folds 
gaelic12: calls $0.25
2short4life: folds 
shoshan25: calls $0.25
Doc Groove: calls $0.25
Bocky 7: folds 
SirMolle: checks 
*** FLOP *** [5s Kc Jh]
SirMolle: checks 
gaelic12: bets $0.50
shoshan25: raises $0.50 to $1
Doc Groove: folds 
SirMolle: folds 
gaelic12: folds 
Uncalled bet ($0.50) returned to shoshan25
shoshan25 collected $2 from pot
shoshan25: doesn't show hand 
*** SUMMARY ***
Total pot $2.10 | Rake $0.10 
Board [5s Kc Jh]
Seat 1: 2short4life folded before Flop (didn't bet)
Seat 2: shoshan25 collected ($2)
Seat 3: Doc Groove (button) folded on the Flop
Seat 4: Bocky 7 (small blind) folded before Flop
Seat 5: SirMolle (big blind) folded on the Flop
Seat 6: Alameda22 folded before Flop (didn't bet)
Seat 7: betojch folded before Flop (didn't bet)
Seat 8: Kukoc69 folded before Flop (didn't bet)
Seat 9: gaelic12 folded on the Flop



PokerStars Game #19899629568:  Hold'em No Limit ($0.10/$0.25) - 2008/08/25 - 20:53:06 (ET)
Table 'Hippokoon IV' 9-max Seat #4 is the button
Seat 1: 2short4life ($23.40 in chips) 
Seat 2: shoshan25 ($23.65 in chips) 
Seat 3: Doc Groove ($14.15 in chips) 
Seat 4: Bocky 7 ($28.40 in chips) 
Seat 5: SirMolle ($26.50 in chips) 
Seat 6: Alameda22 ($43.20 in chips) 
Seat 7: betojch ($22.70 in chips) 
Seat 8: Kukoc69 ($22.50 in chips) 
Seat 9: gaelic12 ($15 in chips) 
SirMolle: posts small blind $0.10
Alameda22: posts big blind $0.25
*** HOLE CARDS ***
Dealt to Alameda22 [Ad 2s]
betojch: folds 
Kukoc69: folds 
gaelic12: calls $0.25
2short4life: folds 
shoshan25: folds 
Doc Groove: calls $0.25
Bocky 7: calls $0.25
SirMolle: calls $0.15
Alameda22: checks 
*** FLOP *** [4h 7s Kh]
SirMolle: checks 
Alameda22: checks 
gaelic12: checks 
Doc Groove: checks 
Bocky 7: checks 
*** TURN *** [4h 7s Kh] [8h]
SirMolle: checks 
Alameda22: checks 
gaelic12: checks 
Doc Groove: checks 
Bocky 7: bets $0.75
SirMolle: folds 
Alameda22: folds 
gaelic12: folds 
Doc Groove: calls $0.75
*** RIVER *** [4h 7s Kh 8h] [Qd]
Doc Groove: checks 
Bocky 7: bets $1.50
Doc Groove: folds 
Uncalled bet ($1.50) returned to Bocky 7
Bocky 7 collected $2.65 from pot
Bocky 7: doesn't show hand 
*** SUMMARY ***
Total pot $2.75 | Rake $0.10 
Board [4h 7s Kh 8h Qd]
Seat 1: 2short4life folded before Flop (didn't bet)
Seat 2: shoshan25 folded before Flop (didn't bet)
Seat 3: Doc Groove folded on the River
Seat 4: Bocky 7 (button) collected ($2.65)
Seat 5: SirMolle (small blind) folded on the Turn
Seat 6: Alameda22 (big blind) folded on the Turn
Seat 7: betojch folded before Flop (didn't bet)
Seat 8: Kukoc69 folded before Flop (didn't bet)
Seat 9: gaelic12 folded on the Turn



PokerStars Game #19899700203:  Hold'em No Limit ($0.10/$0.25) - 2008/08/25 - 20:56:07 (ET)
Table 'Hippokoon IV' 9-max Seat #5 is the button
Seat 1: 2short4life ($23.40 in chips) 
Seat 2: shoshan25 ($23.65 in chips) 
Seat 3: Doc Groove ($13.15 in chips) 
Seat 4: Bocky 7 ($30.05 in chips) 
Seat 5: SirMolle ($26.25 in chips) 
Seat 6: Alameda22 ($42.95 in chips) 
Seat 7: betojch ($22.70 in chips) 
Seat 8: Kukoc69 ($22.50 in chips) 
Seat 9: gaelic12 ($14.75 in chips) 
Alameda22: posts small blind $0.10
betojch: posts big blind $0.25
*** HOLE CARDS ***
Dealt to Alameda22 [5c Qc]
Kukoc69: raises $0.50 to $0.75
gaelic12: folds 
2short4life: folds 
shoshan25: folds 
Doc Groove: calls $0.75
Bocky 7: calls $0.75
SirMolle: folds 
Alameda22: folds 
betojch: folds 
*** FLOP *** [3h 7h Jc]
Kukoc69: bets $1.25
Doc Groove: folds 
Bocky 7: raises $1.25 to $2.50
Kukoc69: calls $1.25
*** TURN *** [3h 7h Jc] [Jh]
Kukoc69: checks 
Bocky 7: bets $3
Kukoc69: raises $16.25 to $19.25 and is all-in
Bocky 7: calls $16.25
*** RIVER *** [3h 7h Jc Jh] [5d]
*** SHOW DOWN ***
Kukoc69: shows [Ah 6h] (a flush, Ace high)
Bocky 7: mucks hand 
Kukoc69 collected $43.85 from pot
*** SUMMARY ***
Total pot $46.10 | Rake $2.25 
Board [3h 7h Jc Jh 5d]
Seat 1: 2short4life folded before Flop (didn't bet)
Seat 2: shoshan25 folded before Flop (didn't bet)
Seat 3: Doc Groove folded on the Flop
Seat 4: Bocky 7 mucked [Js 9s]
Seat 5: SirMolle (button) folded before Flop (didn't bet)
Seat 6: Alameda22 (small blind) folded before Flop
Seat 7: betojch (big blind) folded before Flop
Seat 8: Kukoc69 showed [Ah 6h] and won ($43.85) with a flush, Ace high
Seat 9: gaelic12 folded before Flop (didn't bet)



PokerStars Game #19899726681:  Hold'em No Limit ($0.10/$0.25) - 2008/08/25 - 20:57:15 (ET)
Table 'Hippokoon IV' 9-max Seat #6 is the button
Seat 1: 2short4life ($23.40 in chips) 
Seat 2: shoshan25 ($23.65 in chips) 
Seat 3: Doc Groove ($12.40 in chips) 
Seat 4: Bocky 7 ($7.55 in chips) 
Seat 5: SirMolle ($26.25 in chips) 
Seat 6: Alameda22 ($42.85 in chips) 
Seat 7: betojch ($22.45 in chips) 
Seat 8: Kukoc69 ($43.85 in chips) 
Seat 9: gaelic12 ($14.75 in chips) 
betojch: posts small blind $0.10
Kukoc69: posts big blind $0.25
*** HOLE CARDS ***
Dealt to Alameda22 [Ah 8d]
gaelic12: folds 
2short4life: folds 
shoshan25: folds 
Doc Groove: calls $0.25
Bocky 7: raises $0.75 to $1
SirMolle: folds 
Alameda22: folds 
betojch: folds 
Kukoc69: folds 
Doc Groove: calls $0.75
*** FLOP *** [Kd Jh Jc]
Kukoc69 leaves the table
Doc Groove: checks 
Bocky 7: bets $1
Doc Groove: folds 
Uncalled bet ($1) returned to Bocky 7
S3TH88 joins the table at seat #8 
Bocky 7 collected $2.25 from pot
Bocky 7: doesn't show hand 
*** SUMMARY ***
Total pot $2.35 | Rake $0.10 
Board [Kd Jh Jc]
Seat 1: 2short4life folded before Flop (didn't bet)
Seat 2: shoshan25 folded before Flop (didn't bet)
Seat 3: Doc Groove folded on the Flop
Seat 4: Bocky 7 collected ($2.25)
Seat 5: SirMolle folded before Flop (didn't bet)
Seat 6: Alameda22 (button) folded before Flop (didn't bet)
Seat 7: betojch (small blind) folded before Flop
Seat 8: Kukoc69 (big blind) folded before Flop
Seat 9: gaelic12 folded before Flop (didn't bet)



PokerStars Game #19899747825:  Hold'em No Limit ($0.10/$0.25) - 2008/08/25 - 20:58:10 (ET)
Table 'Hippokoon IV' 9-max Seat #7 is the button
Seat 1: 2short4life ($23.40 in chips) 
Seat 2: shoshan25 ($23.65 in chips) 
Seat 3: Doc Groove ($11.40 in chips) 
Seat 4: Bocky 7 ($8.80 in chips) 
Seat 5: SirMolle ($26.25 in chips) 
Seat 6: Alameda22 ($42.85 in chips) 
Seat 7: betojch ($22.35 in chips) 
Seat 9: gaelic12 ($14.75 in chips) 
S3TH88 will be allowed to play after the button
gaelic12: posts small blind $0.10
2short4life: posts big blind $0.25
*** HOLE CARDS ***
Dealt to Alameda22 [2c Ts]
shoshan25: calls $0.25
Doc Groove: folds 
Bocky 7: folds 
SirMolle: folds 
Alameda22: folds 
betojch: folds 
gaelic12: calls $0.15
2short4life: checks 
*** FLOP *** [Td Jh Qs]
gaelic12: checks 
2short4life: checks 
shoshan25: checks 
*** TURN *** [Td Jh Qs] [Qc]
gaelic12: checks 
2short4life: checks 
shoshan25: checks 
*** RIVER *** [Td Jh Qs Qc] [Ah]
gaelic12: checks 
2short4life: bets $0.50
shoshan25: raises $0.50 to $1
gaelic12: folds 
2short4life: calls $0.50
*** SHOW DOWN ***
shoshan25: shows [Ac 7c] (two pair, Aces and Queens)
2short4life: shows [Kd Js] (a straight, Ten to Ace)
2short4life collected $2.65 from pot
*** SUMMARY ***
Total pot $2.75 | Rake $0.10 
Board [Td Jh Qs Qc Ah]
Seat 1: 2short4life (big blind) showed [Kd Js] and won ($2.65) with a straight, Ten to Ace
Seat 2: shoshan25 showed [Ac 7c] and lost with two pair, Aces and Queens
Seat 3: Doc Groove folded before Flop (didn't bet)
Seat 4: Bocky 7 folded before Flop (didn't bet)
Seat 5: SirMolle folded before Flop (didn't bet)
Seat 6: Alameda22 folded before Flop (didn't bet)
Seat 7: betojch (button) folded before Flop (didn't bet)
Seat 9: gaelic12 (small blind) folded on the River



PokerStars Game #19899788321:  Hold'em No Limit ($0.10/$0.25) - 2008/08/25 - 20:59:55 (ET)
Table 'Hippokoon IV' 9-max Seat #9 is the button
Seat 1: 2short4life ($24.80 in chips) 
Seat 2: shoshan25 ($22.40 in chips) 
Seat 3: Doc Groove ($11.40 in chips) 
Seat 4: Bocky 7 ($8.80 in chips) 
Seat 5: SirMolle ($26.25 in chips) 
Seat 6: Alameda22 ($42.85 in chips) 
Seat 7: betojch ($22.35 in chips) 
Seat 8: S3TH88 ($8.50 in chips) 
Seat 9: gaelic12 ($14.50 in chips) 
2short4life: posts small blind $0.10
shoshan25: posts big blind $0.25
S3TH88: posts big blind $0.25
*** HOLE CARDS ***
Dealt to Alameda22 [2d 4s]
Doc Groove: folds 
Bocky 7: folds 
SirMolle: folds 
Alameda22: folds 
betojch: folds 
S3TH88: checks 
SirMolle is sitting out
gaelic12: folds 
2short4life: folds 
shoshan25: checks 
*** FLOP *** [3h 2s 7h]
shoshan25: checks 
S3TH88: bets $0.50
shoshan25: raises $0.50 to $1
S3TH88: calls $0.50
*** TURN *** [3h 2s 7h] [Qd]
shoshan25: bets $21.15 and is all-in
S3TH88: calls $7.25 and is all-in
Uncalled bet ($13.90) returned to shoshan25
*** RIVER *** [3h 2s 7h Qd] [5c]
*** SHOW DOWN ***
shoshan25: shows [2c 3d] (two pair, Threes and Deuces)
S3TH88: mucks hand 
shoshan25 collected $16.25 from pot
*** SUMMARY ***
Total pot $17.10 | Rake $0.85 
Board [3h 2s 7h Qd 5c]
Seat 1: 2short4life (small blind) folded before Flop
Seat 2: shoshan25 (big blind) showed [2c 3d] and won ($16.25) with two pair, Threes and Deuces
Seat 3: Doc Groove folded before Flop (didn't bet)
Seat 4: Bocky 7 folded before Flop (didn't bet)
Seat 5: SirMolle folded before Flop (didn't bet)
Seat 6: Alameda22 folded before Flop (didn't bet)
Seat 7: betojch folded before Flop (didn't bet)
Seat 8: S3TH88 mucked [Ah 9h]
Seat 9: gaelic12 (button) folded before Flop (didn't bet)



PokerStars Game #19899817953:  Hold'em No Limit ($0.10/$0.25) - 2008/08/25 - 21:01:13 (ET)
Table 'Hippokoon IV' 9-max Seat #1 is the button
Seat 1: 2short4life ($24.70 in chips) 
Seat 2: shoshan25 ($30.15 in chips) 
Seat 3: Doc Groove ($11.40 in chips) 
Seat 4: Bocky 7 ($8.80 in chips) 
Seat 6: Alameda22 ($42.85 in chips) 
Seat 7: betojch ($22.35 in chips) 
Seat 9: gaelic12 ($14.50 in chips) 
S3TH88 leaves the table
shoshan25: posts small blind $0.10
Doc Groove: posts big blind $0.25
*** HOLE CARDS ***
Dealt to Alameda22 [7c 9s]
Bocky 7: folds 
AragornF joins the table at seat #8 
Alameda22: folds 
betojch: folds 
gaelic12: folds 
2short4life: folds 
shoshan25: calls $0.15
Doc Groove: checks 
*** FLOP *** [6s 4h Ad]
shoshan25: checks 
Doc Groove: checks 
*** TURN *** [6s 4h Ad] [8c]
shoshan25: checks 
Doc Groove: checks 
*** RIVER *** [6s 4h Ad 8c] [Ts]
shoshan25: checks 
Doc Groove: checks 
*** SHOW DOWN ***
shoshan25: shows [Jc 8s] (a pair of Eights)
Doc Groove: mucks hand 
shoshan25 collected $0.50 from pot
*** SUMMARY ***
Total pot $0.50 | Rake $0 
Board [6s 4h Ad 8c Ts]
Seat 1: 2short4life (button) folded before Flop (didn't bet)
Seat 2: shoshan25 (small blind) showed [Jc 8s] and won ($0.50) with a pair of Eights
Seat 3: Doc Groove (big blind) mucked [6h Jd]
Seat 4: Bocky 7 folded before Flop (didn't bet)
Seat 6: Alameda22 folded before Flop (didn't bet)
Seat 7: betojch folded before Flop (didn't bet)
Seat 9: gaelic12 folded before Flop (didn't bet)



PokerStars Game #19899846196:  Hold'em No Limit ($0.10/$0.25) - 2008/08/25 - 21:02:25 (ET)
Table 'Hippokoon IV' 9-max Seat #2 is the button
Seat 1: 2short4life ($24.70 in chips) 
Seat 2: shoshan25 ($30.40 in chips) 
Seat 3: Doc Groove ($11.15 in chips) 
Seat 4: Bocky 7 ($8.80 in chips) 
Seat 6: Alameda22 ($42.85 in chips) 
Seat 7: betojch ($22.35 in chips) 
Seat 8: AragornF ($25 in chips) 
Seat 9: gaelic12 ($14.50 in chips) 
Doc Groove: posts small blind $0.10
Bocky 7: posts big blind $0.25
AragornF: posts big blind $0.25
*** HOLE CARDS ***
Dealt to Alameda22 [Kd 5s]
Alameda22: folds 
betojch: folds 
AragornF: checks 
gaelic12: calls $0.25
2short4life: folds 
shoshan25: calls $0.25
Doc Groove: calls $0.15
Bocky 7: checks 
*** FLOP *** [Ac Qd 7d]
Doc Groove: checks 
Bocky 7: checks 
AragornF: checks 
gaelic12: checks 
shoshan25: checks 
*** TURN *** [Ac Qd 7d] [2h]
Doc Groove: checks 
Bocky 7: checks 
AragornF: checks 
gaelic12: checks 
shoshan25: bets $0.25
Doc Groove: folds 
Bocky 7: folds 
AragornF: folds 
gaelic12: folds 
Uncalled bet ($0.25) returned to shoshan25
shoshan25 collected $1.20 from pot
*** SUMMARY ***
Total pot $1.25 | Rake $0.05 
Board [Ac Qd 7d 2h]
Seat 1: 2short4life folded before Flop (didn't bet)
Seat 2: shoshan25 (button) collected ($1.20)
Seat 3: Doc Groove (small blind) folded on the Turn
Seat 4: Bocky 7 (big blind) folded on the Turn
Seat 6: Alameda22 folded before Flop (didn't bet)
Seat 7: betojch folded before Flop (didn't bet)
Seat 8: AragornF folded on the Turn
Seat 9: gaelic12 folded on the Turn



PokerStars Game #19899878799:  Hold'em No Limit ($0.10/$0.25) - 2008/08/25 - 21:03:49 (ET)
Table 'Hippokoon IV' 9-max Seat #3 is the button
Seat 1: 2short4life ($24.70 in chips) 
Seat 2: shoshan25 ($31.35 in chips) 
Seat 3: Doc Groove ($10.90 in chips) 
Seat 4: Bocky 7 ($8.55 in chips) 
Seat 6: Alameda22 ($42.85 in chips) 
Seat 7: betojch ($22.35 in chips) 
Seat 8: AragornF ($24.75 in chips) 
Seat 9: gaelic12 ($14.25 in chips) 
Bocky 7: posts small blind $0.10
Alameda22: posts big blind $0.25
*** HOLE CARDS ***
Dealt to Alameda22 [Qc 9h]
betojch: folds 
AragornF: folds 
gaelic12: folds 
2short4life: folds 
shoshan25: folds 
Doc Groove: folds 
Bocky 7: folds 
Uncalled bet ($0.15) returned to Alameda22
Alameda22 collected $0.20 from pot
Alameda22: doesn't show hand 
*** SUMMARY ***
Total pot $0.20 | Rake $0 
Seat 1: 2short4life folded before Flop (didn't bet)
Seat 2: shoshan25 folded before Flop (didn't bet)
Seat 3: Doc Groove (button) folded before Flop (didn't bet)
Seat 4: Bocky 7 (small blind) folded before Flop
Seat 6: Alameda22 (big blind) collected ($0.20)
Seat 7: betojch folded before Flop (didn't bet)
Seat 8: AragornF folded before Flop (didn't bet)
Seat 9: gaelic12 folded before Flop (didn't bet)



PokerStars Game #19899891029:  Hold'em No Limit ($0.10/$0.25) - 2008/08/25 - 21:04:21 (ET)
Table 'Hippokoon IV' 9-max Seat #4 is the button
Seat 1: 2short4life ($24.70 in chips) 
Seat 2: shoshan25 ($31.35 in chips) 
Seat 3: Doc Groove ($10.90 in chips) 
Seat 4: Bocky 7 ($8.45 in chips) 
Seat 6: Alameda22 ($42.95 in chips) 
Seat 7: betojch ($22.35 in chips) 
Seat 8: AragornF ($24.75 in chips) 
Seat 9: gaelic12 ($14.25 in chips) 
Alameda22: posts small blind $0.10
betojch: posts big blind $0.25
*** HOLE CARDS ***
Dealt to Alameda22 [6c Kh]
AragornF: folds 
gaelic12: raises $0.50 to $0.75
2short4life: calls $0.75
shoshan25: calls $0.75
Doc Groove: folds 
Bocky 7: folds 
Alameda22: folds 
betojch: calls $0.50
*** FLOP *** [3c 3h 7s]
betojch: checks 
gaelic12: bets $1
2short4life: folds 
shoshan25: folds 
betojch: calls $1
*** TURN *** [3c 3h 7s] [8d]
betojch: checks 
gaelic12: bets $1.75
betojch: folds 
Uncalled bet ($1.75) returned to gaelic12
gaelic12 collected $4.90 from pot
gaelic12: doesn't show hand 
*** SUMMARY ***
Total pot $5.10 | Rake $0.20 
Board [3c 3h 7s 8d]
Seat 1: 2short4life folded on the Flop
Seat 2: shoshan25 folded on the Flop
Seat 3: Doc Groove folded before Flop (didn't bet)
Seat 4: Bocky 7 (button) folded before Flop (didn't bet)
Seat 6: Alameda22 (small blind) folded before Flop
Seat 7: betojch (big blind) folded on the Turn
Seat 8: AragornF folded before Flop (didn't bet)
Seat 9: gaelic12 collected ($4.90)



PokerStars Game #19899935280:  Hold'em No Limit ($0.10/$0.25) - 2008/08/25 - 21:06:16 (ET)
Table 'Hippokoon IV' 9-max Seat #6 is the button
Seat 1: 2short4life ($23.95 in chips) 
Seat 2: shoshan25 ($30.60 in chips) 
Seat 3: Doc Groove ($10.90 in chips) 
Seat 4: Bocky 7 ($8.45 in chips) 
Seat 6: Alameda22 ($42.85 in chips) 
Seat 7: betojch ($20.60 in chips) 
Seat 8: AragornF ($24.75 in chips) 
Seat 9: gaelic12 ($17.40 in chips) 
betojch: posts small blind $0.10
AragornF: posts big blind $0.25
*** HOLE CARDS ***
Dealt to Alameda22 [6s 9c]
gaelic12: folds 
2short4life: calls $0.25
shoshan25: calls $0.25
Doc Groove: folds 
Bocky 7: raises $0.25 to $0.50
Alameda22: folds 
betojch: folds 
AragornF: folds 
2short4life: raises $2.50 to $3
shoshan25: calls $2.75
Bocky 7: folds 
*** FLOP *** [6h 2h 8c]
2short4life: checks 
shoshan25: checks 
*** TURN *** [6h 2h 8c] [2c]
2short4life: bets $4
shoshan25: calls $4
*** RIVER *** [6h 2h 8c 2c] [4s]
2short4life: bets $4
shoshan25: calls $4
*** SHOW DOWN ***
2short4life: shows [Th Ts] (two pair, Tens and Deuces)
shoshan25: mucks hand 
2short4life collected $21.75 from pot
*** SUMMARY ***
Total pot $22.85 | Rake $1.10 
Board [6h 2h 8c 2c 4s]
Seat 1: 2short4life showed [Th Ts] and won ($21.75) with two pair, Tens and Deuces
Seat 2: shoshan25 mucked [Ah 6d]
Seat 3: Doc Groove folded before Flop (didn't bet)
Seat 4: Bocky 7 folded before Flop
Seat 6: Alameda22 (button) folded before Flop (didn't bet)
Seat 7: betojch (small blind) folded before Flop
Seat 8: AragornF (big blind) folded before Flop
Seat 9: gaelic12 folded before Flop (didn't bet)



