PokerStars Game #19980029624:  Hold'em No Limit ($0.10/$0.25) - 2008/08/29 - 00:00:49 (ET)
Table 'Esperanto' 9-max Seat #9 is the button
Seat 1: Carbsie ($16.70 in chips) 
Seat 3: omar_braves ($24.50 in chips) 
Seat 5: Alameda22 ($39.40 in chips) 
Seat 6: sriver7682 ($25.05 in chips) 
Seat 7: SethNKim ($16.35 in chips) 
Seat 8: CodyJackson ($31.55 in chips) 
Seat 9: Mrinaldi ($18.10 in chips) 
Carbsie: posts small blind $0.10
omar_braves: posts big blind $0.25
royman0785: sits out 
*** HOLE CARDS ***
Dealt to Alameda22 [Ac Jd]
Alameda22: folds 
sriver7682: folds 
SethNKim: folds 
royman0785 leaves the table
CodyJackson: folds 
Mrinaldi: folds 
Carbsie: calls $0.15
omar_braves: raises $0.75 to $1
Carbsie: folds 
Uncalled bet ($0.75) returned to omar_braves
omar_braves collected $0.50 from pot
omar_braves: doesn't show hand 
*** SUMMARY ***
Total pot $0.50 | Rake $0 
Seat 1: Carbsie (small blind) folded before Flop
Seat 3: omar_braves (big blind) collected ($0.50)
Seat 5: Alameda22 folded before Flop (didn't bet)
Seat 6: sriver7682 folded before Flop (didn't bet)
Seat 7: SethNKim folded before Flop (didn't bet)
Seat 8: CodyJackson folded before Flop (didn't bet)
Seat 9: Mrinaldi (button) folded before Flop (didn't bet)



PokerStars Game #19980043028:  Hold'em No Limit ($0.10/$0.25) - 2008/08/29 - 00:01:32 (ET)
Table 'Esperanto' 9-max Seat #1 is the button
Seat 1: Carbsie ($16.45 in chips) 
Seat 3: omar_braves ($24.75 in chips) 
Seat 5: Alameda22 ($39.40 in chips) 
Seat 6: sriver7682 ($25.05 in chips) 
Seat 7: SethNKim ($16.35 in chips) 
Seat 8: CodyJackson ($31.55 in chips) 
Seat 9: Mrinaldi ($18.10 in chips) 
omar_braves: posts small blind $0.10
Alameda22: posts big blind $0.25
*** HOLE CARDS ***
Dealt to Alameda22 [Ad 2c]
sriver7682: folds 
SethNKim: raises $0.50 to $0.75
CodyJackson: folds 
Mrinaldi: folds 
Carbsie: folds 
omar_braves: folds 
Alameda22: folds 
Uncalled bet ($0.50) returned to SethNKim
SethNKim collected $0.60 from pot
*** SUMMARY ***
Total pot $0.60 | Rake $0 
Seat 1: Carbsie (button) folded before Flop (didn't bet)
Seat 3: omar_braves (small blind) folded before Flop
Seat 5: Alameda22 (big blind) folded before Flop
Seat 6: sriver7682 folded before Flop (didn't bet)
Seat 7: SethNKim collected ($0.60)
Seat 8: CodyJackson folded before Flop (didn't bet)
Seat 9: Mrinaldi folded before Flop (didn't bet)



PokerStars Game #19980056616:  Hold'em No Limit ($0.10/$0.25) - 2008/08/29 - 00:02:18 (ET)
Table 'Esperanto' 9-max Seat #3 is the button
Seat 1: Carbsie ($16.45 in chips) 
Seat 3: omar_braves ($24.65 in chips) 
Seat 5: Alameda22 ($39.15 in chips) 
Seat 6: sriver7682 ($25.05 in chips) 
Seat 7: SethNKim ($16.70 in chips) 
Seat 8: CodyJackson ($31.55 in chips) 
Seat 9: Mrinaldi ($18.10 in chips) 
Alameda22: posts small blind $0.10
sriver7682: posts big blind $0.25
*** HOLE CARDS ***
Dealt to Alameda22 [7h 5h]
SethNKim: folds 
CodyJackson: folds 
Mrinaldi: raises $0.25 to $0.50
Carbsie: folds 
omar_braves: folds 
Alameda22: folds 
sriver7682: folds 
Uncalled bet ($0.25) returned to Mrinaldi
Mrinaldi collected $0.60 from pot
Mrinaldi: doesn't show hand 
*** SUMMARY ***
Total pot $0.60 | Rake $0 
Seat 1: Carbsie folded before Flop (didn't bet)
Seat 3: omar_braves (button) folded before Flop (didn't bet)
Seat 5: Alameda22 (small blind) folded before Flop
Seat 6: sriver7682 (big blind) folded before Flop
Seat 7: SethNKim folded before Flop (didn't bet)
Seat 8: CodyJackson folded before Flop (didn't bet)
Seat 9: Mrinaldi collected ($0.60)



PokerStars Game #19980068663:  Hold'em No Limit ($0.10/$0.25) - 2008/08/29 - 00:02:58 (ET)
Table 'Esperanto' 9-max Seat #5 is the button
Seat 1: Carbsie ($16.45 in chips) 
Seat 3: omar_braves ($24.65 in chips) 
Seat 5: Alameda22 ($39.05 in chips) 
Seat 6: sriver7682 ($24.80 in chips) 
Seat 7: SethNKim ($16.70 in chips) 
Seat 8: CodyJackson ($31.55 in chips) 
Seat 9: Mrinaldi ($18.45 in chips) 
sriver7682: posts small blind $0.10
SethNKim: posts big blind $0.25
*** HOLE CARDS ***
Dealt to Alameda22 [8d 9h]
CodyJackson: folds 
Mrinaldi: folds 
Carbsie: calls $0.25
omar_braves: folds 
Alameda22: folds 
sriver7682: folds 
SethNKim: checks 
*** FLOP *** [6h 4d Kd]
SethNKim: checks 
Carbsie: bets $0.50
SethNKim: folds 
Uncalled bet ($0.50) returned to Carbsie
Carbsie collected $0.60 from pot
Carbsie: doesn't show hand 
*** SUMMARY ***
Total pot $0.60 | Rake $0 
Board [6h 4d Kd]
Seat 1: Carbsie collected ($0.60)
Seat 3: omar_braves folded before Flop (didn't bet)
Seat 5: Alameda22 (button) folded before Flop (didn't bet)
Seat 6: sriver7682 (small blind) folded before Flop
Seat 7: SethNKim (big blind) folded on the Flop
Seat 8: CodyJackson folded before Flop (didn't bet)
Seat 9: Mrinaldi folded before Flop (didn't bet)



PokerStars Game #19980087882:  Hold'em No Limit ($0.10/$0.25) - 2008/08/29 - 00:04:02 (ET)
Table 'Esperanto' 9-max Seat #6 is the button
Seat 1: Carbsie ($16.80 in chips) 
Seat 3: omar_braves ($24.65 in chips) 
Seat 5: Alameda22 ($39.05 in chips) 
Seat 6: sriver7682 ($24.70 in chips) 
Seat 7: SethNKim ($16.45 in chips) 
Seat 8: CodyJackson ($31.55 in chips) 
Seat 9: Mrinaldi ($18.45 in chips) 
SethNKim: posts small blind $0.10
CodyJackson: posts big blind $0.25
*** HOLE CARDS ***
Dealt to Alameda22 [9h 8s]
Mrinaldi: folds 
Carbsie: calls $0.25
omar_braves: folds 
Mrinaldi leaves the table
Alameda22: folds 
sriver7682: folds 
SethNKim: raises $0.50 to $0.75
CodyJackson: folds 
Carbsie: calls $0.50
*** FLOP *** [4c Jh Ah]
SethNKim: checks 
Carbsie: bets $0.75
SethNKim: folds 
Uncalled bet ($0.75) returned to Carbsie
Carbsie collected $1.70 from pot
Carbsie: doesn't show hand 
*** SUMMARY ***
Total pot $1.75 | Rake $0.05 
Board [4c Jh Ah]
Seat 1: Carbsie collected ($1.70)
Seat 3: omar_braves folded before Flop (didn't bet)
Seat 5: Alameda22 folded before Flop (didn't bet)
Seat 6: sriver7682 (button) folded before Flop (didn't bet)
Seat 7: SethNKim (small blind) folded on the Flop
Seat 8: CodyJackson (big blind) folded before Flop
Seat 9: Mrinaldi folded before Flop (didn't bet)



PokerStars Game #19980107463:  Hold'em No Limit ($0.10/$0.25) - 2008/08/29 - 00:05:07 (ET)
Table 'Esperanto' 9-max Seat #7 is the button
Seat 1: Carbsie ($17.75 in chips) 
Seat 3: omar_braves ($24.65 in chips) 
Seat 5: Alameda22 ($39.05 in chips) 
Seat 6: sriver7682 ($24.70 in chips) 
Seat 7: SethNKim ($15.70 in chips) 
Seat 8: CodyJackson ($31.30 in chips) 
CodyJackson: posts small blind $0.10
Carbsie: posts big blind $0.25
*** HOLE CARDS ***
Dealt to Alameda22 [5d 9h]
omar_braves: folds 
Alameda22: folds 
sriver7682: calls $0.25
SethNKim: calls $0.25
CodyJackson: folds 
Carbsie: checks 
*** FLOP *** [As 7h 3s]
Carbsie: checks 
sriver7682: bets $0.75
SethNKim: folds 
Carbsie: folds 
Uncalled bet ($0.75) returned to sriver7682
sriver7682 collected $0.85 from pot
sriver7682: doesn't show hand 
*** SUMMARY ***
Total pot $0.85 | Rake $0 
Board [As 7h 3s]
Seat 1: Carbsie (big blind) folded on the Flop
Seat 3: omar_braves folded before Flop (didn't bet)
Seat 5: Alameda22 folded before Flop (didn't bet)
Seat 6: sriver7682 collected ($0.85)
Seat 7: SethNKim (button) folded on the Flop
Seat 8: CodyJackson (small blind) folded before Flop



PokerStars Game #19980124898:  Hold'em No Limit ($0.10/$0.25) - 2008/08/29 - 00:06:06 (ET)
Table 'Esperanto' 9-max Seat #8 is the button
Seat 1: Carbsie ($17.50 in chips) 
Seat 3: omar_braves ($24.65 in chips) 
Seat 5: Alameda22 ($39.05 in chips) 
Seat 6: sriver7682 ($25.30 in chips) 
Seat 7: SethNKim ($15.45 in chips) 
Seat 8: CodyJackson ($31.20 in chips) 
Carbsie: posts small blind $0.10
omar_braves: posts big blind $0.25
*** HOLE CARDS ***
Dealt to Alameda22 [Ac 6d]
Alameda22: folds 
sriver7682: folds 
SethNKim: folds 
CodyJackson: folds 
Carbsie: calls $0.15
omar_braves: checks 
*** FLOP *** [4s 7d 7s]
Carbsie: checks 
omar_braves: checks 
*** TURN *** [4s 7d 7s] [2d]
Carbsie: checks 
omar_braves: checks 
*** RIVER *** [4s 7d 7s 2d] [9c]
Carbsie: bets $0.25
omar_braves: calls $0.25
*** SHOW DOWN ***
Carbsie: shows [8h 2h] (two pair, Sevens and Deuces)
omar_braves: shows [4h 8c] (two pair, Sevens and Fours)
omar_braves collected $0.95 from pot
*** SUMMARY ***
Total pot $1 | Rake $0.05 
Board [4s 7d 7s 2d 9c]
Seat 1: Carbsie (small blind) showed [8h 2h] and lost with two pair, Sevens and Deuces
Seat 3: omar_braves (big blind) showed [4h 8c] and won ($0.95) with two pair, Sevens and Fours
Seat 5: Alameda22 folded before Flop (didn't bet)
Seat 6: sriver7682 folded before Flop (didn't bet)
Seat 7: SethNKim folded before Flop (didn't bet)
Seat 8: CodyJackson (button) folded before Flop (didn't bet)



PokerStars Game #19980142240:  Hold'em No Limit ($0.10/$0.25) - 2008/08/29 - 00:07:04 (ET)
Table 'Esperanto' 9-max Seat #1 is the button
Seat 1: Carbsie ($17 in chips) 
Seat 3: omar_braves ($25.10 in chips) 
Seat 5: Alameda22 ($39.05 in chips) 
Seat 6: sriver7682 ($25.30 in chips) 
Seat 7: SethNKim ($15.45 in chips) 
Seat 8: CodyJackson ($31.20 in chips) 
omar_braves: posts small blind $0.10
Alameda22: posts big blind $0.25
*** HOLE CARDS ***
Dealt to Alameda22 [7d Ts]
sriver7682: folds 
SethNKim: folds 
CodyJackson: folds 
Carbsie: folds 
omar_braves: calls $0.15
Alameda22: checks 
*** FLOP *** [Tc 4c Qs]
omar_braves: checks 
Alameda22: checks 
*** TURN *** [Tc 4c Qs] [Kh]
omar_braves: checks 
Alameda22: checks 
*** RIVER *** [Tc 4c Qs Kh] [Ks]
omar_braves: checks 
Alameda22: bets $0.25
omar_braves: folds 
Uncalled bet ($0.25) returned to Alameda22
Alameda22 collected $0.50 from pot
Alameda22: doesn't show hand 
*** SUMMARY ***
Total pot $0.50 | Rake $0 
Board [Tc 4c Qs Kh Ks]
Seat 1: Carbsie (button) folded before Flop (didn't bet)
Seat 3: omar_braves (small blind) folded on the River
Seat 5: Alameda22 (big blind) collected ($0.50)
Seat 6: sriver7682 folded before Flop (didn't bet)
Seat 7: SethNKim folded before Flop (didn't bet)
Seat 8: CodyJackson folded before Flop (didn't bet)



PokerStars Game #19980163795:  Hold'em No Limit ($0.10/$0.25) - 2008/08/29 - 00:08:16 (ET)
Table 'Esperanto' 9-max Seat #3 is the button
Seat 1: Carbsie ($17 in chips) 
Seat 3: omar_braves ($24.85 in chips) 
Seat 5: Alameda22 ($39.30 in chips) 
Seat 6: sriver7682 ($25.30 in chips) 
Seat 7: SethNKim ($15.45 in chips) 
Seat 8: CodyJackson ($31.20 in chips) 
Alameda22: posts small blind $0.10
sriver7682: posts big blind $0.25
*** HOLE CARDS ***
Dealt to Alameda22 [2s 4h]
SethNKim: folds 
CodyJackson: folds 
Carbsie: folds 
omar_braves: folds 
Alameda22: folds 
Uncalled bet ($0.15) returned to sriver7682
sriver7682 collected $0.20 from pot
sriver7682: doesn't show hand 
*** SUMMARY ***
Total pot $0.20 | Rake $0 
Seat 1: Carbsie folded before Flop (didn't bet)
Seat 3: omar_braves (button) folded before Flop (didn't bet)
Seat 5: Alameda22 (small blind) folded before Flop
Seat 6: sriver7682 (big blind) collected ($0.20)
Seat 7: SethNKim folded before Flop (didn't bet)
Seat 8: CodyJackson folded before Flop (didn't bet)



PokerStars Game #19980169775:  Hold'em No Limit ($0.10/$0.25) - 2008/08/29 - 00:08:37 (ET)
Table 'Esperanto' 9-max Seat #5 is the button
Seat 1: Carbsie ($17 in chips) 
Seat 3: omar_braves ($24.85 in chips) 
Seat 5: Alameda22 ($39.20 in chips) 
Seat 6: sriver7682 ($25.40 in chips) 
Seat 7: SethNKim ($15.45 in chips) 
Seat 8: CodyJackson ($31.20 in chips) 
sriver7682: posts small blind $0.10
SethNKim: posts big blind $0.25
*** HOLE CARDS ***
Dealt to Alameda22 [7c 9h]
CodyJackson: folds 
Carbsie: calls $0.25
bjj1957 joins the table at seat #4 
omar_braves: raises $0.75 to $1
Alameda22: folds 
sriver7682: folds 
SethNKim: folds 
Carbsie: folds 
Uncalled bet ($0.75) returned to omar_braves
omar_braves collected $0.85 from pot
omar_braves: doesn't show hand 
*** SUMMARY ***
Total pot $0.85 | Rake $0 
Seat 1: Carbsie folded before Flop
Seat 3: omar_braves collected ($0.85)
Seat 5: Alameda22 (button) folded before Flop (didn't bet)
Seat 6: sriver7682 (small blind) folded before Flop
Seat 7: SethNKim (big blind) folded before Flop
Seat 8: CodyJackson folded before Flop (didn't bet)



PokerStars Game #19980180765:  Hold'em No Limit ($0.10/$0.25) - 2008/08/29 - 00:09:14 (ET)
Table 'Esperanto' 9-max Seat #6 is the button
Seat 1: Carbsie ($16.75 in chips) 
Seat 3: omar_braves ($25.45 in chips) 
Seat 4: bjj1957 ($15 in chips) 
Seat 5: Alameda22 ($39.20 in chips) 
Seat 6: sriver7682 ($25.30 in chips) 
Seat 7: SethNKim ($15.20 in chips) 
Seat 8: CodyJackson ($31.20 in chips) 
SethNKim: posts small blind $0.10
CodyJackson: posts big blind $0.25
srns joins the table at seat #9 
bjj1957: posts big blind $0.25
*** HOLE CARDS ***
Dealt to Alameda22 [Jh Ts]
Carbsie: raises $1 to $1.25
omar_braves: folds 
bjj1957: folds 
Alameda22: folds 
sriver7682: folds 
SethNKim: folds 
CodyJackson: folds 
Uncalled bet ($1) returned to Carbsie
Carbsie collected $0.85 from pot
Carbsie: doesn't show hand 
*** SUMMARY ***
Total pot $0.85 | Rake $0 
Seat 1: Carbsie collected ($0.85)
Seat 3: omar_braves folded before Flop (didn't bet)
Seat 4: bjj1957 folded before Flop
Seat 5: Alameda22 folded before Flop (didn't bet)
Seat 6: sriver7682 (button) folded before Flop (didn't bet)
Seat 7: SethNKim (small blind) folded before Flop
Seat 8: CodyJackson (big blind) folded before Flop



PokerStars Game #19980194486:  Hold'em No Limit ($0.10/$0.25) - 2008/08/29 - 00:10:01 (ET)
Table 'Esperanto' 9-max Seat #7 is the button
Seat 1: Carbsie ($17.35 in chips) 
Seat 3: omar_braves ($25.45 in chips) 
Seat 4: bjj1957 ($14.75 in chips) 
Seat 5: Alameda22 ($39.20 in chips) 
Seat 6: sriver7682 ($25.30 in chips) 
Seat 7: SethNKim ($15.10 in chips) 
Seat 8: CodyJackson ($30.95 in chips) 
Seat 9: srns ($15 in chips) 
CodyJackson: posts small blind $0.10
srns: posts big blind $0.25
*** HOLE CARDS ***
Dealt to Alameda22 [2d 2h]
Carbsie: raises $0.50 to $0.75
omar_braves: raises $2 to $2.75
bjj1957: folds 
Alameda22: folds 
sriver7682: folds 
SethNKim: folds 
CodyJackson: folds 
srns: folds 
Carbsie: calls $2
*** FLOP *** [Qc 6s 4c]
Carbsie: checks 
omar_braves: bets $3.50
Carbsie: folds 
Uncalled bet ($3.50) returned to omar_braves
omar_braves collected $5.60 from pot
omar_braves: doesn't show hand 
*** SUMMARY ***
Total pot $5.85 | Rake $0.25 
Board [Qc 6s 4c]
Seat 1: Carbsie folded on the Flop
Seat 3: omar_braves collected ($5.60)
Seat 4: bjj1957 folded before Flop (didn't bet)
Seat 5: Alameda22 folded before Flop (didn't bet)
Seat 6: sriver7682 folded before Flop (didn't bet)
Seat 7: SethNKim (button) folded before Flop (didn't bet)
Seat 8: CodyJackson (small blind) folded before Flop
Seat 9: srns (big blind) folded before Flop



PokerStars Game #19980214712:  Hold'em No Limit ($0.10/$0.25) - 2008/08/29 - 00:11:10 (ET)
Table 'Esperanto' 9-max Seat #8 is the button
Seat 1: Carbsie ($14.60 in chips) 
Seat 3: omar_braves ($28.30 in chips) 
Seat 4: bjj1957 ($14.75 in chips) 
Seat 5: Alameda22 ($39.20 in chips) 
Seat 6: sriver7682 ($25.30 in chips) 
Seat 7: SethNKim ($15.10 in chips) 
Seat 8: CodyJackson ($30.85 in chips) 
Seat 9: srns ($14.75 in chips) 
srns: posts small blind $0.10
Carbsie: posts big blind $0.25
*** HOLE CARDS ***
Dealt to Alameda22 [7d 9c]
omar_braves: folds 
bjj1957: folds 
Alameda22: folds 
sriver7682: folds 
SethNKim: folds 
CodyJackson: raises $0.50 to $0.75
srns: calls $0.65
Carbsie: calls $0.50
*** FLOP *** [7s 2c Ks]
srns: bets $0.50
Carbsie: folds 
CodyJackson: raises $4.25 to $4.75
srns: folds 
Uncalled bet ($4.25) returned to CodyJackson
CodyJackson collected $3.10 from pot
CodyJackson: doesn't show hand 
*** SUMMARY ***
Total pot $3.25 | Rake $0.15 
Board [7s 2c Ks]
Seat 1: Carbsie (big blind) folded on the Flop
Seat 3: omar_braves folded before Flop (didn't bet)
Seat 4: bjj1957 folded before Flop (didn't bet)
Seat 5: Alameda22 folded before Flop (didn't bet)
Seat 6: sriver7682 folded before Flop (didn't bet)
Seat 7: SethNKim folded before Flop (didn't bet)
Seat 8: CodyJackson (button) collected ($3.10)
Seat 9: srns (small blind) folded on the Flop



PokerStars Game #19980233130:  Hold'em No Limit ($0.10/$0.25) - 2008/08/29 - 00:12:13 (ET)
Table 'Esperanto' 9-max Seat #9 is the button
Seat 1: Carbsie ($13.85 in chips) 
Seat 3: omar_braves ($28.30 in chips) 
Seat 4: bjj1957 ($14.75 in chips) 
Seat 5: Alameda22 ($39.20 in chips) 
Seat 6: sriver7682 ($25.30 in chips) 
Seat 7: SethNKim ($15.10 in chips) 
Seat 8: CodyJackson ($32.70 in chips) 
Seat 9: srns ($13.50 in chips) 
Carbsie: posts small blind $0.10
omar_braves: posts big blind $0.25
*** HOLE CARDS ***
Dealt to Alameda22 [5h 6h]
bjj1957: folds 
Alameda22: folds 
sriver7682: calls $0.25
SethNKim: folds 
CodyJackson: folds 
srns: raises $0.25 to $0.50
Carbsie: calls $0.40
omar_braves: folds 
sriver7682: calls $0.25
*** FLOP *** [Ks As 3c]
Carbsie: checks 
sriver7682: checks 
srns: bets $0.75
Carbsie: folds 
sriver7682: folds 
Uncalled bet ($0.75) returned to srns
srns collected $1.70 from pot
srns: doesn't show hand 
*** SUMMARY ***
Total pot $1.75 | Rake $0.05 
Board [Ks As 3c]
Seat 1: Carbsie (small blind) folded on the Flop
Seat 3: omar_braves (big blind) folded before Flop
Seat 4: bjj1957 folded before Flop (didn't bet)
Seat 5: Alameda22 folded before Flop (didn't bet)
Seat 6: sriver7682 folded on the Flop
Seat 7: SethNKim folded before Flop (didn't bet)
Seat 8: CodyJackson folded before Flop (didn't bet)
Seat 9: srns (button) collected ($1.70)



PokerStars Game #19980250700:  Hold'em No Limit ($0.10/$0.25) - 2008/08/29 - 00:13:14 (ET)
Table 'Esperanto' 9-max Seat #1 is the button
Seat 1: Carbsie ($13.35 in chips) 
Seat 3: omar_braves ($28.05 in chips) 
Seat 4: bjj1957 ($14.75 in chips) 
Seat 5: Alameda22 ($39.20 in chips) 
Seat 6: sriver7682 ($24.80 in chips) 
Seat 7: SethNKim ($15.10 in chips) 
Seat 8: CodyJackson ($32.70 in chips) 
Seat 9: srns ($14.70 in chips) 
stylishone was removed from the table for failing to post
omar_braves: posts small blind $0.10
bjj1957: posts big blind $0.25
*** HOLE CARDS ***
Dealt to Alameda22 [6h 4c]
Alameda22: folds 
sriver7682: folds 
SethNKim: calls $0.25
CodyJackson: raises $0.75 to $1
srns: folds 
Carbsie: folds 
omar_braves: folds 
bjj1957: folds 
SethNKim: calls $0.75
*** FLOP *** [Jh 9d Ac]
SethNKim: checks 
CodyJackson: bets $2
SethNKim: folds 
Uncalled bet ($2) returned to CodyJackson
CodyJackson collected $2.25 from pot
CodyJackson: doesn't show hand 
*** SUMMARY ***
Total pot $2.35 | Rake $0.10 
Board [Jh 9d Ac]
Seat 1: Carbsie (button) folded before Flop (didn't bet)
Seat 3: omar_braves (small blind) folded before Flop
Seat 4: bjj1957 (big blind) folded before Flop
Seat 5: Alameda22 folded before Flop (didn't bet)
Seat 6: sriver7682 folded before Flop (didn't bet)
Seat 7: SethNKim folded on the Flop
Seat 8: CodyJackson collected ($2.25)
Seat 9: srns folded before Flop (didn't bet)



PokerStars Game #19980263515:  Hold'em No Limit ($0.10/$0.25) - 2008/08/29 - 00:13:58 (ET)
Table 'Esperanto' 9-max Seat #3 is the button
Seat 1: Carbsie ($13.35 in chips) 
Seat 3: omar_braves ($27.95 in chips) 
Seat 4: bjj1957 ($14.50 in chips) 
Seat 5: Alameda22 ($39.20 in chips) 
Seat 6: sriver7682 ($24.80 in chips) 
Seat 7: SethNKim ($14.10 in chips) 
Seat 8: CodyJackson ($33.95 in chips) 
Seat 9: srns ($14.70 in chips) 
bjj1957: posts small blind $0.10
Alameda22: posts big blind $0.25
*** HOLE CARDS ***
Dealt to Alameda22 [7c Kd]
ckwmfh joins the table at seat #2 
sriver7682: folds 
SethNKim: folds 
CodyJackson: folds 
srns: calls $0.25
Carbsie: folds 
omar_braves: raises $0.75 to $1
bjj1957: folds 
Alameda22: folds 
srns: calls $0.75
*** FLOP *** [8c 8s 4s]
srns: checks 
omar_braves: bets $1.50
srns: raises $1.50 to $3
omar_braves: calls $1.50
*** TURN *** [8c 8s 4s] [Kh]
srns: bets $3.25
omar_braves: folds 
Uncalled bet ($3.25) returned to srns
srns collected $7.95 from pot
srns: doesn't show hand 
*** SUMMARY ***
Total pot $8.35 | Rake $0.40 
Board [8c 8s 4s Kh]
Seat 1: Carbsie folded before Flop (didn't bet)
Seat 3: omar_braves (button) folded on the Turn
Seat 4: bjj1957 (small blind) folded before Flop
Seat 5: Alameda22 (big blind) folded before Flop
Seat 6: sriver7682 folded before Flop (didn't bet)
Seat 7: SethNKim folded before Flop (didn't bet)
Seat 8: CodyJackson folded before Flop (didn't bet)
Seat 9: srns collected ($7.95)



PokerStars Game #19980299307:  Hold'em No Limit ($0.10/$0.25) - 2008/08/29 - 00:16:03 (ET)
Table 'Esperanto' 9-max Seat #4 is the button
Seat 1: Carbsie ($13.35 in chips) 
Seat 2: ckwmfh ($25 in chips) 
Seat 3: omar_braves ($23.95 in chips) 
Seat 4: bjj1957 ($14.40 in chips) 
Seat 5: Alameda22 ($38.95 in chips) 
Seat 6: sriver7682 ($24.80 in chips) 
Seat 7: SethNKim ($14.10 in chips) 
Seat 8: CodyJackson ($33.95 in chips) 
Seat 9: srns ($18.65 in chips) 
Alameda22: posts small blind $0.10
sriver7682: posts big blind $0.25
ckwmfh: posts big blind $0.25
*** HOLE CARDS ***
Dealt to Alameda22 [5c 9s]
SethNKim: folds 
CodyJackson: folds 
srns: calls $0.25
Carbsie: folds 
ckwmfh: checks 
omar_braves: folds 
bjj1957: folds 
Alameda22: folds 
sriver7682: checks 
*** FLOP *** [6d Tc Ad]
sriver7682: checks 
srns: bets $1
ckwmfh: folds 
sriver7682: folds 
Uncalled bet ($1) returned to srns
srns collected $0.85 from pot
srns: doesn't show hand 
*** SUMMARY ***
Total pot $0.85 | Rake $0 
Board [6d Tc Ad]
Seat 1: Carbsie folded before Flop (didn't bet)
Seat 2: ckwmfh folded on the Flop
Seat 3: omar_braves folded before Flop (didn't bet)
Seat 4: bjj1957 (button) folded before Flop (didn't bet)
Seat 5: Alameda22 (small blind) folded before Flop
Seat 6: sriver7682 (big blind) folded on the Flop
Seat 7: SethNKim folded before Flop (didn't bet)
Seat 8: CodyJackson folded before Flop (didn't bet)
Seat 9: srns collected ($0.85)



PokerStars Game #19980317196:  Hold'em No Limit ($0.10/$0.25) - 2008/08/29 - 00:17:06 (ET)
Table 'Esperanto' 9-max Seat #5 is the button
Seat 1: Carbsie ($13.35 in chips) 
Seat 2: ckwmfh ($24.75 in chips) 
Seat 3: omar_braves ($25 in chips) 
Seat 4: bjj1957 ($14.40 in chips) 
Seat 5: Alameda22 ($38.85 in chips) 
Seat 6: sriver7682 ($24.55 in chips) 
Seat 7: SethNKim ($14.10 in chips) 
Seat 8: CodyJackson ($33.95 in chips) 
Seat 9: srns ($19.25 in chips) 
sriver7682: posts small blind $0.10
SethNKim: posts big blind $0.25
*** HOLE CARDS ***
Dealt to Alameda22 [2c 8s]
CodyJackson: folds 
srns: folds 
Carbsie: calls $0.25
ckwmfh: raises $0.75 to $1
omar_braves: folds 
bjj1957: calls $1
Alameda22: folds 
sriver7682: folds 
SethNKim: folds 
Carbsie: calls $0.75
*** FLOP *** [6c 2s 2d]
Carbsie: checks 
ckwmfh: bets $2.50
bjj1957: folds 
Carbsie: folds 
Uncalled bet ($2.50) returned to ckwmfh
ckwmfh collected $3.20 from pot
ckwmfh: doesn't show hand 
*** SUMMARY ***
Total pot $3.35 | Rake $0.15 
Board [6c 2s 2d]
Seat 1: Carbsie folded on the Flop
Seat 2: ckwmfh collected ($3.20)
Seat 3: omar_braves folded before Flop (didn't bet)
Seat 4: bjj1957 folded on the Flop
Seat 5: Alameda22 (button) folded before Flop (didn't bet)
Seat 6: sriver7682 (small blind) folded before Flop
Seat 7: SethNKim (big blind) folded before Flop
Seat 8: CodyJackson folded before Flop (didn't bet)
Seat 9: srns folded before Flop (didn't bet)



PokerStars Game #19980337296:  Hold'em No Limit ($0.10/$0.25) - 2008/08/29 - 00:18:17 (ET)
Table 'Esperanto' 9-max Seat #6 is the button
Seat 1: Carbsie ($12.35 in chips) 
Seat 2: ckwmfh ($26.95 in chips) 
Seat 3: omar_braves ($25 in chips) 
Seat 4: bjj1957 ($13.40 in chips) 
Seat 5: Alameda22 ($38.85 in chips) 
Seat 6: sriver7682 ($24.45 in chips) 
Seat 7: SethNKim ($13.85 in chips) 
Seat 8: CodyJackson ($33.95 in chips) 
Seat 9: srns ($19.25 in chips) 
SethNKim: posts small blind $0.10
CodyJackson: posts big blind $0.25
*** HOLE CARDS ***
Dealt to Alameda22 [8s Qh]
srns: calls $0.25
Carbsie: folds 
ckwmfh: folds 
omar_braves: folds 
bjj1957: raises $0.50 to $0.75
Alameda22: folds 
sriver7682: folds 
SethNKim: folds 
CodyJackson: folds 
srns: calls $0.50
*** FLOP *** [Td As Qd]
srns: bets $0.50
bjj1957: calls $0.50
*** TURN *** [Td As Qd] [4h]
srns: bets $1.25
bjj1957: calls $1.25
*** RIVER *** [Td As Qd 4h] [6c]
srns: bets $1.25
bjj1957: raises $3.75 to $5
srns: calls $3.75
*** SHOW DOWN ***
bjj1957: shows [Qc Ad] (two pair, Aces and Queens)
srns: mucks hand 
bjj1957 collected $14.60 from pot
*** SUMMARY ***
Total pot $15.35 | Rake $0.75 
Board [Td As Qd 4h 6c]
Seat 1: Carbsie folded before Flop (didn't bet)
Seat 2: ckwmfh folded before Flop (didn't bet)
Seat 3: omar_braves folded before Flop (didn't bet)
Seat 4: bjj1957 showed [Qc Ad] and won ($14.60) with two pair, Aces and Queens
Seat 5: Alameda22 folded before Flop (didn't bet)
Seat 6: sriver7682 (button) folded before Flop (didn't bet)
Seat 7: SethNKim (small blind) folded before Flop
Seat 8: CodyJackson (big blind) folded before Flop
Seat 9: srns mucked [6h Kc]



PokerStars Game #19980367229:  Hold'em No Limit ($0.10/$0.25) - 2008/08/29 - 00:20:02 (ET)
Table 'Esperanto' 9-max Seat #7 is the button
Seat 1: Carbsie ($12.35 in chips) 
Seat 2: ckwmfh ($26.95 in chips) 
Seat 3: omar_braves ($25 in chips) 
Seat 4: bjj1957 ($20.50 in chips) 
Seat 5: Alameda22 ($38.85 in chips) 
Seat 6: sriver7682 ($24.45 in chips) 
Seat 7: SethNKim ($13.75 in chips) 
Seat 8: CodyJackson ($33.70 in chips) 
Seat 9: srns ($11.75 in chips) 
CodyJackson: posts small blind $0.10
srns: posts big blind $0.25
*** HOLE CARDS ***
Dealt to Alameda22 [2s Ad]
Carbsie: calls $0.25
ckwmfh: calls $0.25
omar_braves: folds 
bjj1957: folds 
Alameda22: folds 
sriver7682: calls $0.25
SethNKim: folds 
CodyJackson: calls $0.15
srns: checks 
*** FLOP *** [6c Qd Kh]
CodyJackson: bets $1.25
srns: calls $1.25
Carbsie: folds 
ckwmfh: folds 
sriver7682: folds 
*** TURN *** [6c Qd Kh] [Qc]
CodyJackson: checks 
srns: checks 
*** RIVER *** [6c Qd Kh Qc] [Ah]
CodyJackson: checks 
srns: bets $1.25
CodyJackson: calls $1.25
*** SHOW DOWN ***
srns: shows [3d Qs] (three of a kind, Queens)
CodyJackson: mucks hand 
CodyJackson said, "very nice hand"
srns collected $5.95 from pot
*** SUMMARY ***
Total pot $6.25 | Rake $0.30 
Board [6c Qd Kh Qc Ah]
Seat 1: Carbsie folded on the Flop
Seat 2: ckwmfh folded on the Flop
Seat 3: omar_braves folded before Flop (didn't bet)
Seat 4: bjj1957 folded before Flop (didn't bet)
Seat 5: Alameda22 folded before Flop (didn't bet)
Seat 6: sriver7682 folded on the Flop
Seat 7: SethNKim (button) folded before Flop (didn't bet)
Seat 8: CodyJackson (small blind) mucked [Jd Kd]
Seat 9: srns (big blind) showed [3d Qs] and won ($5.95) with three of a kind, Queens



PokerStars Game #19980392362:  Hold'em No Limit ($0.10/$0.25) - 2008/08/29 - 00:21:33 (ET)
Table 'Esperanto' 9-max Seat #8 is the button
Seat 1: Carbsie ($12.10 in chips) 
Seat 2: ckwmfh ($26.70 in chips) 
Seat 3: omar_braves ($25 in chips) 
Seat 4: bjj1957 ($20.50 in chips) 
Seat 5: Alameda22 ($38.85 in chips) 
Seat 6: sriver7682 ($24.20 in chips) 
Seat 7: SethNKim ($13.75 in chips) 
Seat 8: CodyJackson ($30.95 in chips) 
Seat 9: srns ($14.95 in chips) 
srns: posts small blind $0.10
Carbsie: posts big blind $0.25
*** HOLE CARDS ***
Dealt to Alameda22 [Jd 3d]
ckwmfh: calls $0.25
omar_braves: folds 
bjj1957: folds 
Alameda22: folds 
sriver7682: raises $0.95 to $1.20
SethNKim: folds 
CodyJackson: folds 
srns: folds 
Carbsie: folds 
ckwmfh: folds 
Uncalled bet ($0.95) returned to sriver7682
sriver7682 collected $0.85 from pot
sriver7682: doesn't show hand 
*** SUMMARY ***
Total pot $0.85 | Rake $0 
Seat 1: Carbsie (big blind) folded before Flop
Seat 2: ckwmfh folded before Flop
Seat 3: omar_braves folded before Flop (didn't bet)
Seat 4: bjj1957 folded before Flop (didn't bet)
Seat 5: Alameda22 folded before Flop (didn't bet)
Seat 6: sriver7682 collected ($0.85)
Seat 7: SethNKim folded before Flop (didn't bet)
Seat 8: CodyJackson (button) folded before Flop (didn't bet)
Seat 9: srns (small blind) folded before Flop



