PokerStars Game #19570380221:  Hold'em No Limit ($0.10/$0.25) - 2008/08/12 - 18:50:14 (ET)
Table 'Kalevala III' 9-max Seat #6 is the button
Seat 1: PSUBLOWS ($50.40 in chips) 
Seat 3: icemonkey9 ($28.10 in chips) 
Seat 4: fioro ($25.35 in chips) 
Seat 6: ashiXIII ($25.25 in chips) 
Seat 7: wasserss ($4.75 in chips) 
Seat 8: Alameda22 ($25 in chips) 
Seat 9: bilsinho ($25 in chips) 
wasserss: posts small blind $0.10
Alameda22: posts big blind $0.25
nutslos: sits out 
*** HOLE CARDS ***
Dealt to Alameda22 [3s Qc]
bilsinho: folds 
PSUBLOWS: folds 
icemonkey9: folds 
fioro: folds 
ashiXIII: folds 
wasserss: folds 
Uncalled bet ($0.15) returned to Alameda22
Alameda22 collected $0.20 from pot
Alameda22: doesn't show hand 
*** SUMMARY ***
Total pot $0.20 | Rake $0 
Seat 1: PSUBLOWS folded before Flop (didn't bet)
Seat 3: icemonkey9 folded before Flop (didn't bet)
Seat 4: fioro folded before Flop (didn't bet)
Seat 6: ashiXIII (button) folded before Flop (didn't bet)
Seat 7: wasserss (small blind) folded before Flop
Seat 8: Alameda22 (big blind) collected ($0.20)
Seat 9: bilsinho folded before Flop (didn't bet)



PokerStars Game #19570389934:  Hold'em No Limit ($0.10/$0.25) - 2008/08/12 - 18:50:39 (ET)
Table 'Kalevala III' 9-max Seat #7 is the button
Seat 1: PSUBLOWS ($50.40 in chips) 
Seat 3: icemonkey9 ($28.10 in chips) 
Seat 4: fioro ($25.35 in chips) 
Seat 6: ashiXIII ($25.25 in chips) 
Seat 7: wasserss ($4.65 in chips) 
Seat 8: Alameda22 ($25.10 in chips) 
Seat 9: bilsinho ($25 in chips) 
Alameda22: posts small blind $0.10
bilsinho: posts big blind $0.25
nutslos: sits out 
*** HOLE CARDS ***
Dealt to Alameda22 [Ac 7h]
PSUBLOWS: folds 
icemonkey9: folds 
fioro: folds 
ashiXIII: raises $0.75 to $1
wasserss: folds 
Alameda22: folds 
bilsinho: folds 
Uncalled bet ($0.75) returned to ashiXIII
ashiXIII collected $0.60 from pot
ashiXIII: doesn't show hand 
*** SUMMARY ***
Total pot $0.60 | Rake $0 
Seat 1: PSUBLOWS folded before Flop (didn't bet)
Seat 3: icemonkey9 folded before Flop (didn't bet)
Seat 4: fioro folded before Flop (didn't bet)
Seat 6: ashiXIII collected ($0.60)
Seat 7: wasserss (button) folded before Flop (didn't bet)
Seat 8: Alameda22 (small blind) folded before Flop
Seat 9: bilsinho (big blind) folded before Flop



PokerStars Game #19570401264:  Hold'em No Limit ($0.10/$0.25) - 2008/08/12 - 18:51:08 (ET)
Table 'Kalevala III' 9-max Seat #8 is the button
Seat 1: PSUBLOWS ($50.40 in chips) 
Seat 3: icemonkey9 ($28.10 in chips) 
Seat 4: fioro ($25.35 in chips) 
Seat 6: ashiXIII ($25.60 in chips) 
Seat 7: wasserss ($4.65 in chips) 
Seat 8: Alameda22 ($25 in chips) 
Seat 9: bilsinho ($25 in chips) 
bilsinho: posts small blind $0.10
PSUBLOWS: posts big blind $0.25
nutslos: sits out 
*** HOLE CARDS ***
Dealt to Alameda22 [4s 9d]
icemonkey9: folds 
fioro: folds 
ashiXIII: folds 
wasserss: folds 
nookie323 has returned
Alameda22: folds 
bilsinho: folds 
Uncalled bet ($0.15) returned to PSUBLOWS
PSUBLOWS collected $0.20 from pot
PSUBLOWS: doesn't show hand 
*** SUMMARY ***
Total pot $0.20 | Rake $0 
Seat 1: PSUBLOWS (big blind) collected ($0.20)
Seat 3: icemonkey9 folded before Flop (didn't bet)
Seat 4: fioro folded before Flop (didn't bet)
Seat 6: ashiXIII folded before Flop (didn't bet)
Seat 7: wasserss folded before Flop (didn't bet)
Seat 8: Alameda22 (button) folded before Flop (didn't bet)
Seat 9: bilsinho (small blind) folded before Flop



PokerStars Game #19570412468:  Hold'em No Limit ($0.10/$0.25) - 2008/08/12 - 18:51:37 (ET)
Table 'Kalevala III' 9-max Seat #9 is the button
Seat 1: PSUBLOWS ($50.50 in chips) 
Seat 2: nookie323 ($5 in chips) 
Seat 3: icemonkey9 ($28.10 in chips) 
Seat 4: fioro ($25.35 in chips) 
Seat 6: ashiXIII ($25.60 in chips) 
Seat 7: wasserss ($4.65 in chips) 
Seat 8: Alameda22 ($25 in chips) 
Seat 9: bilsinho ($24.90 in chips) 
PSUBLOWS: posts small blind $0.10
nookie323: posts big blind $0.25
nutslos: sits out 
*** HOLE CARDS ***
Dealt to Alameda22 [4h Kd]
icemonkey9: folds 
fioro: folds 
ashiXIII: folds 
wasserss: folds 
Alameda22: folds 
bilsinho: folds 
PSUBLOWS: folds 
Uncalled bet ($0.15) returned to nookie323
nookie323 collected $0.20 from pot
nookie323: doesn't show hand 
*** SUMMARY ***
Total pot $0.20 | Rake $0 
Seat 1: PSUBLOWS (small blind) folded before Flop
Seat 2: nookie323 (big blind) collected ($0.20)
Seat 3: icemonkey9 folded before Flop (didn't bet)
Seat 4: fioro folded before Flop (didn't bet)
Seat 6: ashiXIII folded before Flop (didn't bet)
Seat 7: wasserss folded before Flop (didn't bet)
Seat 8: Alameda22 folded before Flop (didn't bet)
Seat 9: bilsinho (button) folded before Flop (didn't bet)



PokerStars Game #19570428677:  Hold'em No Limit ($0.10/$0.25) - 2008/08/12 - 18:52:19 (ET)
Table 'Kalevala III' 9-max Seat #1 is the button
Seat 1: PSUBLOWS ($50.40 in chips) 
Seat 2: nookie323 ($5.10 in chips) 
Seat 4: fioro ($25.35 in chips) 
Seat 6: ashiXIII ($25.60 in chips) 
Seat 7: wasserss ($4.65 in chips) 
Seat 8: Alameda22 ($25 in chips) 
Seat 9: bilsinho ($24.90 in chips) 
nookie323: posts small blind $0.10
icemonkey9: is sitting out 
fioro: posts big blind $0.25
nutslos: sits out 
*** HOLE CARDS ***
Dealt to Alameda22 [Qh Jc]
icemonkey9 leaves the table
ashiXIII: folds 
wasserss: folds 
Alameda22: folds 
bilsinho: folds 
PSUBLOWS: folds 
nookie323: folds 
Uncalled bet ($0.15) returned to fioro
fioro collected $0.20 from pot
fioro: doesn't show hand 
*** SUMMARY ***
Total pot $0.20 | Rake $0 
Seat 1: PSUBLOWS (button) folded before Flop (didn't bet)
Seat 2: nookie323 (small blind) folded before Flop
Seat 4: fioro (big blind) collected ($0.20)
Seat 6: ashiXIII folded before Flop (didn't bet)
Seat 7: wasserss folded before Flop (didn't bet)
Seat 8: Alameda22 folded before Flop (didn't bet)
Seat 9: bilsinho folded before Flop (didn't bet)



PokerStars Game #19570442843:  Hold'em No Limit ($0.10/$0.25) - 2008/08/12 - 18:52:55 (ET)
Table 'Kalevala III' 9-max Seat #2 is the button
Seat 1: PSUBLOWS ($50.40 in chips) 
Seat 2: nookie323 ($5 in chips) 
Seat 4: fioro ($25.45 in chips) 
Seat 5: nutslos ($5 in chips) 
Seat 6: ashiXIII ($25.60 in chips) 
Seat 7: wasserss ($4.65 in chips) 
Seat 8: Alameda22 ($25 in chips) 
Seat 9: bilsinho ($24.90 in chips) 
fioro: posts small blind $0.10
nutslos: posts big blind $0.25
*** HOLE CARDS ***
Dealt to Alameda22 [3h 9h]
qu4nTuM-fLuX joins the table at seat #3 
ashiXIII: folds 
wasserss: folds 
Alameda22: folds 
bilsinho: folds 
PSUBLOWS: folds 
nookie323: folds 
fioro: folds 
Uncalled bet ($0.15) returned to nutslos
nutslos collected $0.20 from pot
nutslos: doesn't show hand 
*** SUMMARY ***
Total pot $0.20 | Rake $0 
Seat 1: PSUBLOWS folded before Flop (didn't bet)
Seat 2: nookie323 (button) folded before Flop (didn't bet)
Seat 4: fioro (small blind) folded before Flop
Seat 5: nutslos (big blind) collected ($0.20)
Seat 6: ashiXIII folded before Flop (didn't bet)
Seat 7: wasserss folded before Flop (didn't bet)
Seat 8: Alameda22 folded before Flop (didn't bet)
Seat 9: bilsinho folded before Flop (didn't bet)



PokerStars Game #19570466184:  Hold'em No Limit ($0.10/$0.25) - 2008/08/12 - 18:53:56 (ET)
Table 'Kalevala III' 9-max Seat #4 is the button
Seat 1: PSUBLOWS ($50.40 in chips) 
Seat 2: nookie323 ($5 in chips) 
Seat 3: qu4nTuM-fLuX ($25 in chips) 
Seat 4: fioro ($25.35 in chips) 
Seat 5: nutslos ($5.10 in chips) 
Seat 6: ashiXIII ($25.60 in chips) 
Seat 7: wasserss ($4.65 in chips) 
Seat 8: Alameda22 ($25 in chips) 
Seat 9: bilsinho ($24.90 in chips) 
nutslos: posts small blind $0.10
ashiXIII: posts big blind $0.25
qu4nTuM-fLuX: posts big blind $0.25
*** HOLE CARDS ***
Dealt to Alameda22 [5h 6h]
wasserss: folds 
Alameda22: folds 
bilsinho: folds 
PSUBLOWS: folds 
nookie323: calls $0.25
qu4nTuM-fLuX: raises $1 to $1.25
fioro: calls $1.25
nutslos: folds 
ashiXIII: folds 
nookie323: folds 
*** FLOP *** [2s Qd 8c]
qu4nTuM-fLuX: checks 
fioro: bets $2.25
qu4nTuM-fLuX: calls $2.25
*** TURN *** [2s Qd 8c] [3d]
qu4nTuM-fLuX: checks 
fioro: checks 
*** RIVER *** [2s Qd 8c 3d] [8h]
qu4nTuM-fLuX: bets $5
fioro: folds 
Uncalled bet ($5) returned to qu4nTuM-fLuX
qu4nTuM-fLuX collected $7.25 from pot
qu4nTuM-fLuX: doesn't show hand 
*** SUMMARY ***
Total pot $7.60 | Rake $0.35 
Board [2s Qd 8c 3d 8h]
Seat 1: PSUBLOWS folded before Flop (didn't bet)
Seat 2: nookie323 folded before Flop
Seat 3: qu4nTuM-fLuX collected ($7.25)
Seat 4: fioro (button) folded on the River
Seat 5: nutslos (small blind) folded before Flop
Seat 6: ashiXIII (big blind) folded before Flop
Seat 7: wasserss folded before Flop (didn't bet)
Seat 8: Alameda22 folded before Flop (didn't bet)
Seat 9: bilsinho folded before Flop (didn't bet)



PokerStars Game #19570511421:  Hold'em No Limit ($0.10/$0.25) - 2008/08/12 - 18:55:53 (ET)
Table 'Kalevala III' 9-max Seat #5 is the button
Seat 1: PSUBLOWS ($50.40 in chips) 
Seat 2: nookie323 ($4.75 in chips) 
Seat 3: qu4nTuM-fLuX ($28.75 in chips) 
Seat 4: fioro ($21.85 in chips) 
Seat 5: nutslos ($5 in chips) 
Seat 6: ashiXIII ($25.35 in chips) 
Seat 7: wasserss ($4.65 in chips) 
Seat 8: Alameda22 ($25 in chips) 
Seat 9: bilsinho ($24.90 in chips) 
ashiXIII: posts small blind $0.10
wasserss: posts big blind $0.25
*** HOLE CARDS ***
Dealt to Alameda22 [Jc Jd]
Alameda22: raises $0.50 to $0.75
bilsinho: folds 
PSUBLOWS: folds 
nookie323: folds 
qu4nTuM-fLuX: folds 
fioro: folds 
nutslos: folds 
ashiXIII: folds 
wasserss: folds 
Uncalled bet ($0.50) returned to Alameda22
Alameda22 collected $0.60 from pot
Alameda22: doesn't show hand 
*** SUMMARY ***
Total pot $0.60 | Rake $0 
Seat 1: PSUBLOWS folded before Flop (didn't bet)
Seat 2: nookie323 folded before Flop (didn't bet)
Seat 3: qu4nTuM-fLuX folded before Flop (didn't bet)
Seat 4: fioro folded before Flop (didn't bet)
Seat 5: nutslos (button) folded before Flop (didn't bet)
Seat 6: ashiXIII (small blind) folded before Flop
Seat 7: wasserss (big blind) folded before Flop
Seat 8: Alameda22 collected ($0.60)
Seat 9: bilsinho folded before Flop (didn't bet)



PokerStars Game #19570521581:  Hold'em No Limit ($0.10/$0.25) - 2008/08/12 - 18:56:19 (ET)
Table 'Kalevala III' 9-max Seat #6 is the button
Seat 1: PSUBLOWS ($50.40 in chips) 
Seat 2: nookie323 ($4.75 in chips) 
Seat 3: qu4nTuM-fLuX ($28.75 in chips) 
Seat 4: fioro ($21.85 in chips) 
Seat 5: nutslos ($5 in chips) 
Seat 6: ashiXIII ($25.25 in chips) 
Seat 7: wasserss ($4.40 in chips) 
Seat 8: Alameda22 ($25.35 in chips) 
Seat 9: bilsinho ($24.90 in chips) 
wasserss: posts small blind $0.10
Alameda22: posts big blind $0.25
*** HOLE CARDS ***
Dealt to Alameda22 [Kc 5c]
bilsinho: folds 
PSUBLOWS: folds 
nookie323: folds 
qu4nTuM-fLuX: folds 
fioro: folds 
nutslos: folds 
ashiXIII: folds 
wasserss: folds 
Uncalled bet ($0.15) returned to Alameda22
Alameda22 collected $0.20 from pot
Alameda22: doesn't show hand 
*** SUMMARY ***
Total pot $0.20 | Rake $0 
Seat 1: PSUBLOWS folded before Flop (didn't bet)
Seat 2: nookie323 folded before Flop (didn't bet)
Seat 3: qu4nTuM-fLuX folded before Flop (didn't bet)
Seat 4: fioro folded before Flop (didn't bet)
Seat 5: nutslos folded before Flop (didn't bet)
Seat 6: ashiXIII (button) folded before Flop (didn't bet)
Seat 7: wasserss (small blind) folded before Flop
Seat 8: Alameda22 (big blind) collected ($0.20)
Seat 9: bilsinho folded before Flop (didn't bet)



PokerStars Game #19570541030:  Hold'em No Limit ($0.10/$0.25) - 2008/08/12 - 18:57:10 (ET)
Table 'Kalevala III' 9-max Seat #7 is the button
Seat 1: PSUBLOWS ($50.40 in chips) 
Seat 2: nookie323 ($4.75 in chips) 
Seat 3: qu4nTuM-fLuX ($28.75 in chips) 
Seat 4: fioro ($21.85 in chips) 
Seat 5: nutslos ($5 in chips) 
Seat 6: ashiXIII ($25.25 in chips) 
Seat 7: wasserss ($4.30 in chips) 
Seat 8: Alameda22 ($25.45 in chips) 
Seat 9: bilsinho ($24.90 in chips) 
Alameda22: posts small blind $0.10
bilsinho: posts big blind $0.25
*** HOLE CARDS ***
Dealt to Alameda22 [Ac Ts]
PSUBLOWS: folds 
nookie323: folds 
qu4nTuM-fLuX: folds 
fioro: folds 
nutslos: folds 
ashiXIII: folds 
wasserss: raises $0.75 to $1
Alameda22: folds 
bilsinho: folds 
Uncalled bet ($0.75) returned to wasserss
wasserss collected $0.60 from pot
wasserss: doesn't show hand 
*** SUMMARY ***
Total pot $0.60 | Rake $0 
Seat 1: PSUBLOWS folded before Flop (didn't bet)
Seat 2: nookie323 folded before Flop (didn't bet)
Seat 3: qu4nTuM-fLuX folded before Flop (didn't bet)
Seat 4: fioro folded before Flop (didn't bet)
Seat 5: nutslos folded before Flop (didn't bet)
Seat 6: ashiXIII folded before Flop (didn't bet)
Seat 7: wasserss (button) collected ($0.60)
Seat 8: Alameda22 (small blind) folded before Flop
Seat 9: bilsinho (big blind) folded before Flop



PokerStars Game #19570570459:  Hold'em No Limit ($0.10/$0.25) - 2008/08/12 - 18:58:27 (ET)
Table 'Kalevala III' 9-max Seat #8 is the button
Seat 1: PSUBLOWS ($50.40 in chips) 
Seat 2: nookie323 ($4.75 in chips) 
Seat 3: qu4nTuM-fLuX ($28.75 in chips) 
Seat 4: fioro ($21.85 in chips) 
Seat 5: nutslos ($5 in chips) 
Seat 6: ashiXIII ($25.25 in chips) 
Seat 7: wasserss ($4.65 in chips) 
Seat 8: Alameda22 ($25.35 in chips) 
Seat 9: bilsinho ($24.65 in chips) 
bilsinho: posts small blind $0.10
PSUBLOWS: posts big blind $0.25
*** HOLE CARDS ***
Dealt to Alameda22 [Qd Jc]
nookie323: calls $0.25
qu4nTuM-fLuX: raises $0.75 to $1
fioro: folds 
nutslos: raises $4 to $5 and is all-in
ashiXIII: folds 
wasserss: folds 
Alameda22: folds 
bilsinho: folds 
PSUBLOWS: folds 
nookie323: folds 
qu4nTuM-fLuX: folds 
Uncalled bet ($4) returned to nutslos
nutslos collected $2.60 from pot
nutslos: doesn't show hand 
*** SUMMARY ***
Total pot $2.60 | Rake $0 
Seat 1: PSUBLOWS (big blind) folded before Flop
Seat 2: nookie323 folded before Flop
Seat 3: qu4nTuM-fLuX folded before Flop
Seat 4: fioro folded before Flop (didn't bet)
Seat 5: nutslos collected ($2.60)
Seat 6: ashiXIII folded before Flop (didn't bet)
Seat 7: wasserss folded before Flop (didn't bet)
Seat 8: Alameda22 (button) folded before Flop (didn't bet)
Seat 9: bilsinho (small blind) folded before Flop



PokerStars Game #19570594372:  Hold'em No Limit ($0.10/$0.25) - 2008/08/12 - 18:59:30 (ET)
Table 'Kalevala III' 9-max Seat #9 is the button
Seat 1: PSUBLOWS ($50.15 in chips) 
Seat 2: nookie323 ($4.50 in chips) 
Seat 3: qu4nTuM-fLuX ($27.75 in chips) 
Seat 4: fioro ($21.85 in chips) 
Seat 5: nutslos ($6.60 in chips) 
Seat 6: ashiXIII ($25.25 in chips) 
Seat 7: wasserss ($4.65 in chips) 
Seat 8: Alameda22 ($25.35 in chips) 
Seat 9: bilsinho ($24.55 in chips) 
PSUBLOWS: posts small blind $0.10
nookie323: posts big blind $0.25
*** HOLE CARDS ***
Dealt to Alameda22 [Qh As]
qu4nTuM-fLuX: raises $0.75 to $1
fioro: calls $1
nutslos: folds 
ashiXIII: folds 
wasserss: folds 
Alameda22: calls $1
bilsinho: folds 
PSUBLOWS: folds 
nookie323: calls $0.75
*** FLOP *** [2s 3h 2d]
nookie323: bets $3.50 and is all-in
qu4nTuM-fLuX: folds 
fioro: calls $3.50
Alameda22: folds 
*** TURN *** [2s 3h 2d] [8h]
*** RIVER *** [2s 3h 2d 8h] [5h]
*** SHOW DOWN ***
nookie323: shows [7s 7h] (two pair, Sevens and Deuces)
fioro: shows [3c 2c] (a full house, Deuces full of Threes)
fioro collected $10.60 from pot
*** SUMMARY ***
Total pot $11.10 | Rake $0.50 
Board [2s 3h 2d 8h 5h]
Seat 1: PSUBLOWS (small blind) folded before Flop
Seat 2: nookie323 (big blind) showed [7s 7h] and lost with two pair, Sevens and Deuces
Seat 3: qu4nTuM-fLuX folded on the Flop
Seat 4: fioro showed [3c 2c] and won ($10.60) with a full house, Deuces full of Threes
Seat 5: nutslos folded before Flop (didn't bet)
Seat 6: ashiXIII folded before Flop (didn't bet)
Seat 7: wasserss folded before Flop (didn't bet)
Seat 8: Alameda22 folded on the Flop
Seat 9: bilsinho (button) folded before Flop (didn't bet)



PokerStars Game #19570624602:  Hold'em No Limit ($0.10/$0.25) - 2008/08/12 - 19:00:48 (ET)
Table 'Kalevala III' 9-max Seat #1 is the button
Seat 1: PSUBLOWS ($50.05 in chips) 
Seat 3: qu4nTuM-fLuX ($26.75 in chips) 
Seat 4: fioro ($27.95 in chips) 
Seat 5: nutslos ($6.60 in chips) 
Seat 6: ashiXIII ($25.25 in chips) 
Seat 7: wasserss ($4.65 in chips) 
Seat 8: Alameda22 ($24.35 in chips) 
Seat 9: bilsinho ($24.55 in chips) 
qu4nTuM-fLuX: posts small blind $0.10
fioro: posts big blind $0.25
*** HOLE CARDS ***
Dealt to Alameda22 [2s Jh]
nutslos: folds 
nutslos leaves the table
nookie323 leaves the table
CafePlayer joins the table at seat #5 
ashiXIII: folds 
wasserss: folds 
Alameda22: folds 
bilsinho: folds 
PSUBLOWS: folds 
qu4nTuM-fLuX: raises $0.75 to $1
fioro: folds 
Uncalled bet ($0.75) returned to qu4nTuM-fLuX
qu4nTuM-fLuX collected $0.50 from pot
*** SUMMARY ***
Total pot $0.50 | Rake $0 
Seat 1: PSUBLOWS (button) folded before Flop (didn't bet)
Seat 3: qu4nTuM-fLuX (small blind) collected ($0.50)
Seat 4: fioro (big blind) folded before Flop
Seat 5: nutslos folded before Flop (didn't bet)
Seat 6: ashiXIII folded before Flop (didn't bet)
Seat 7: wasserss folded before Flop (didn't bet)
Seat 8: Alameda22 folded before Flop (didn't bet)
Seat 9: bilsinho folded before Flop (didn't bet)



PokerStars Game #19570648651:  Hold'em No Limit ($0.10/$0.25) - 2008/08/12 - 19:01:50 (ET)
Table 'Kalevala III' 9-max Seat #3 is the button
Seat 1: PSUBLOWS ($50.05 in chips) 
Seat 3: qu4nTuM-fLuX ($27 in chips) 
Seat 4: fioro ($27.70 in chips) 
Seat 5: CafePlayer ($25 in chips) 
Seat 6: ashiXIII ($25.25 in chips) 
Seat 7: wasserss ($4.65 in chips) 
Seat 8: Alameda22 ($24.35 in chips) 
Seat 9: bilsinho ($24.55 in chips) 
fioro: posts small blind $0.10
CafePlayer: posts big blind $0.25
*** HOLE CARDS ***
Dealt to Alameda22 [Ad Ts]
ashiXIII: folds 
wasserss: folds 
Alameda22: folds 
bilsinho: raises $0.75 to $1
PSUBLOWS: folds 
qu4nTuM-fLuX: folds 
fioro: calls $0.90
CafePlayer: folds 
*** FLOP *** [4s 5c As]
fioro: checks 
bilsinho: bets $1.50
fioro: calls $1.50
*** TURN *** [4s 5c As] [6s]
fioro: checks 
bilsinho: checks 
*** RIVER *** [4s 5c As 6s] [7s]
fioro: checks 
bilsinho: checks 
*** SHOW DOWN ***
fioro: shows [6c 7c] (two pair, Sevens and Sixes)
bilsinho: shows [3d 3c] (a straight, Three to Seven)
bilsinho collected $5 from pot
*** SUMMARY ***
Total pot $5.25 | Rake $0.25 
Board [4s 5c As 6s 7s]
Seat 1: PSUBLOWS folded before Flop (didn't bet)
Seat 3: qu4nTuM-fLuX (button) folded before Flop (didn't bet)
Seat 4: fioro (small blind) showed [6c 7c] and lost with two pair, Sevens and Sixes
Seat 5: CafePlayer (big blind) folded before Flop
Seat 6: ashiXIII folded before Flop (didn't bet)
Seat 7: wasserss folded before Flop (didn't bet)
Seat 8: Alameda22 folded before Flop (didn't bet)
Seat 9: bilsinho showed [3d 3c] and won ($5) with a straight, Three to Seven



PokerStars Game #19570674102:  Hold'em No Limit ($0.10/$0.25) - 2008/08/12 - 19:02:56 (ET)
Table 'Kalevala III' 9-max Seat #4 is the button
Seat 1: PSUBLOWS ($50.05 in chips) 
Seat 3: qu4nTuM-fLuX ($27 in chips) 
Seat 4: fioro ($25.20 in chips) 
Seat 5: CafePlayer ($24.75 in chips) 
Seat 6: ashiXIII ($25.25 in chips) 
Seat 7: wasserss ($4.65 in chips) 
Seat 8: Alameda22 ($24.35 in chips) 
Seat 9: bilsinho ($27.05 in chips) 
CafePlayer: posts small blind $0.10
ashiXIII: posts big blind $0.25
*** HOLE CARDS ***
Dealt to Alameda22 [Jh Kd]
wasserss: folds 
Alameda22: folds 
bilsinho: folds 
PSUBLOWS: raises $0.75 to $1
qu4nTuM-fLuX: folds 
fioro: folds 
CafePlayer: folds 
ashiXIII: folds 
Uncalled bet ($0.75) returned to PSUBLOWS
PSUBLOWS collected $0.60 from pot
PSUBLOWS: doesn't show hand 
*** SUMMARY ***
Total pot $0.60 | Rake $0 
Seat 1: PSUBLOWS collected ($0.60)
Seat 3: qu4nTuM-fLuX folded before Flop (didn't bet)
Seat 4: fioro (button) folded before Flop (didn't bet)
Seat 5: CafePlayer (small blind) folded before Flop
Seat 6: ashiXIII (big blind) folded before Flop
Seat 7: wasserss folded before Flop (didn't bet)
Seat 8: Alameda22 folded before Flop (didn't bet)
Seat 9: bilsinho folded before Flop (didn't bet)



PokerStars Game #19570697503:  Hold'em No Limit ($0.10/$0.25) - 2008/08/12 - 19:03:55 (ET)
Table 'Kalevala III' 9-max Seat #5 is the button
Seat 1: PSUBLOWS ($50.40 in chips) 
Seat 3: qu4nTuM-fLuX ($27 in chips) 
Seat 4: fioro ($25.20 in chips) 
Seat 5: CafePlayer ($24.65 in chips) 
Seat 6: ashiXIII ($25 in chips) 
Seat 8: Alameda22 ($24.35 in chips) 
Seat 9: bilsinho ($27.05 in chips) 
ashiXIII: posts small blind $0.10
wasserss: is sitting out 
wasserss leaves the table
Alameda22: posts big blind $0.25
*** HOLE CARDS ***
Dealt to Alameda22 [2d 8d]
bilsinho: folds 
PSUBLOWS: folds 
qu4nTuM-fLuX: folds 
fioro: folds 
CafePlayer: folds 
ashiXIII: raises $0.75 to $1
Alameda22: folds 
Uncalled bet ($0.75) returned to ashiXIII
ashiXIII collected $0.50 from pot
ashiXIII: doesn't show hand 
*** SUMMARY ***
Total pot $0.50 | Rake $0 
Seat 1: PSUBLOWS folded before Flop (didn't bet)
Seat 3: qu4nTuM-fLuX folded before Flop (didn't bet)
Seat 4: fioro folded before Flop (didn't bet)
Seat 5: CafePlayer (button) folded before Flop (didn't bet)
Seat 6: ashiXIII (small blind) collected ($0.50)
Seat 8: Alameda22 (big blind) folded before Flop
Seat 9: bilsinho folded before Flop (didn't bet)



PokerStars Game #19570718266:  Hold'em No Limit ($0.10/$0.25) - 2008/08/12 - 19:04:49 (ET)
Table 'Kalevala III' 9-max Seat #6 is the button
Seat 1: PSUBLOWS ($50.40 in chips) 
Seat 3: qu4nTuM-fLuX ($27 in chips) 
Seat 4: fioro ($25.20 in chips) 
Seat 5: CafePlayer ($24.65 in chips) 
Seat 6: ashiXIII ($25.25 in chips) 
Seat 8: Alameda22 ($24.10 in chips) 
Seat 9: bilsinho ($27.05 in chips) 
Alameda22: posts small blind $0.10
bilsinho: posts big blind $0.25
*** HOLE CARDS ***
Dealt to Alameda22 [5s 5d]
PSUBLOWS: folds 
qu4nTuM-fLuX: folds 
fioro: raises $0.75 to $1
CafePlayer: folds 
ashiXIII: folds 
Alameda22: calls $0.90
bilsinho: folds 
*** FLOP *** [Kc Qc Qs]
Alameda22: checks 
fioro: checks 
*** TURN *** [Kc Qc Qs] [4d]
Alameda22: bets $1.50
fioro: folds 
Uncalled bet ($1.50) returned to Alameda22
Alameda22 collected $2.15 from pot
Alameda22: doesn't show hand 
*** SUMMARY ***
Total pot $2.25 | Rake $0.10 
Board [Kc Qc Qs 4d]
Seat 1: PSUBLOWS folded before Flop (didn't bet)
Seat 3: qu4nTuM-fLuX folded before Flop (didn't bet)
Seat 4: fioro folded on the Turn
Seat 5: CafePlayer folded before Flop (didn't bet)
Seat 6: ashiXIII (button) folded before Flop (didn't bet)
Seat 8: Alameda22 (small blind) collected ($2.15)
Seat 9: bilsinho (big blind) folded before Flop



PokerStars Game #19570754459:  Hold'em No Limit ($0.10/$0.25) - 2008/08/12 - 19:06:22 (ET)
Table 'Kalevala III' 9-max Seat #8 is the button
Seat 1: PSUBLOWS ($50.40 in chips) 
Seat 3: qu4nTuM-fLuX ($27 in chips) 
Seat 4: fioro ($24.20 in chips) 
Seat 5: CafePlayer ($24.65 in chips) 
Seat 6: ashiXIII ($25.25 in chips) 
Seat 8: Alameda22 ($25.25 in chips) 
Seat 9: bilsinho ($26.80 in chips) 
bilsinho: posts small blind $0.10
PSUBLOWS: posts big blind $0.25
*** HOLE CARDS ***
Dealt to Alameda22 [2d Ah]
qu4nTuM-fLuX: folds 
fioro: folds 
CafePlayer: folds 
ashiXIII: folds 
Alameda22: folds 
bilsinho: folds 
Uncalled bet ($0.15) returned to PSUBLOWS
PSUBLOWS collected $0.20 from pot
PSUBLOWS: doesn't show hand 
*** SUMMARY ***
Total pot $0.20 | Rake $0 
Seat 1: PSUBLOWS (big blind) collected ($0.20)
Seat 3: qu4nTuM-fLuX folded before Flop (didn't bet)
Seat 4: fioro folded before Flop (didn't bet)
Seat 5: CafePlayer folded before Flop (didn't bet)
Seat 6: ashiXIII folded before Flop (didn't bet)
Seat 8: Alameda22 (button) folded before Flop (didn't bet)
Seat 9: bilsinho (small blind) folded before Flop



PokerStars Game #19570771720:  Hold'em No Limit ($0.10/$0.25) - 2008/08/12 - 19:07:06 (ET)
Table 'Kalevala III' 9-max Seat #9 is the button
Seat 1: PSUBLOWS ($50.50 in chips) 
Seat 3: qu4nTuM-fLuX ($27 in chips) 
Seat 4: fioro ($24.20 in chips) 
Seat 5: CafePlayer ($24.65 in chips) 
Seat 6: ashiXIII ($25.25 in chips) 
Seat 8: Alameda22 ($25.25 in chips) 
Seat 9: bilsinho ($26.70 in chips) 
PSUBLOWS: posts small blind $0.10
qu4nTuM-fLuX: posts big blind $0.25
*** HOLE CARDS ***
Dealt to Alameda22 [4d Kh]
fioro: folds 
CafePlayer: folds 
ashiXIII: folds 
Alameda22: folds 
bilsinho: folds 
PSUBLOWS: folds 
Uncalled bet ($0.15) returned to qu4nTuM-fLuX
qu4nTuM-fLuX collected $0.20 from pot
*** SUMMARY ***
Total pot $0.20 | Rake $0 
Seat 1: PSUBLOWS (small blind) folded before Flop
Seat 3: qu4nTuM-fLuX (big blind) collected ($0.20)
Seat 4: fioro folded before Flop (didn't bet)
Seat 5: CafePlayer folded before Flop (didn't bet)
Seat 6: ashiXIII folded before Flop (didn't bet)
Seat 8: Alameda22 folded before Flop (didn't bet)
Seat 9: bilsinho (button) folded before Flop (didn't bet)



PokerStars Game #19570791022:  Hold'em No Limit ($0.10/$0.25) - 2008/08/12 - 19:07:56 (ET)
Table 'Kalevala III' 9-max Seat #1 is the button
Seat 1: PSUBLOWS ($50.40 in chips) 
Seat 3: qu4nTuM-fLuX ($27.10 in chips) 
Seat 4: fioro ($24.20 in chips) 
Seat 5: CafePlayer ($24.65 in chips) 
Seat 6: ashiXIII ($25.25 in chips) 
Seat 8: Alameda22 ($25.25 in chips) 
Seat 9: bilsinho ($26.70 in chips) 
qu4nTuM-fLuX: posts small blind $0.10
fioro: posts big blind $0.25
*** HOLE CARDS ***
Dealt to Alameda22 [As 2d]
CafePlayer: folds 
ashiXIII: folds 
Alameda22: folds 
bilsinho: raises $0.75 to $1
PSUBLOWS: folds 
qu4nTuM-fLuX: folds 
fioro: calls $0.75
*** FLOP *** [5s 4h Kd]
fioro: checks 
bilsinho: bets $1.50
fioro: raises $2.75 to $4.25
bilsinho: folds 
Uncalled bet ($2.75) returned to fioro
fioro collected $4.85 from pot
fioro: doesn't show hand 
*** SUMMARY ***
Total pot $5.10 | Rake $0.25 
Board [5s 4h Kd]
Seat 1: PSUBLOWS (button) folded before Flop (didn't bet)
Seat 3: qu4nTuM-fLuX (small blind) folded before Flop
Seat 4: fioro (big blind) collected ($4.85)
Seat 5: CafePlayer folded before Flop (didn't bet)
Seat 6: ashiXIII folded before Flop (didn't bet)
Seat 8: Alameda22 folded before Flop (didn't bet)
Seat 9: bilsinho folded on the Flop



PokerStars Game #19570817506:  Hold'em No Limit ($0.10/$0.25) - 2008/08/12 - 19:09:04 (ET)
Table 'Kalevala III' 9-max Seat #3 is the button
Seat 1: PSUBLOWS ($50.40 in chips) 
Seat 3: qu4nTuM-fLuX ($27 in chips) 
Seat 4: fioro ($26.55 in chips) 
Seat 5: CafePlayer ($24.65 in chips) 
Seat 6: ashiXIII ($25.25 in chips) 
Seat 8: Alameda22 ($25.25 in chips) 
Seat 9: bilsinho ($25 in chips) 
fioro: posts small blind $0.10
CafePlayer: posts big blind $0.25
*** HOLE CARDS ***
Dealt to Alameda22 [Qd 9s]
ashiXIII: folds 
Alameda22: folds 
bilsinho: folds 
PSUBLOWS: folds 
qu4nTuM-fLuX: raises $0.50 to $0.75
Kevin French joins the table at seat #7 
fioro: folds 
CafePlayer: raises $0.50 to $1.25
qu4nTuM-fLuX: calls $0.50
*** FLOP *** [8d 6s 6h]
CafePlayer: bets $2
leroyZY joins the table at seat #2 
qu4nTuM-fLuX: raises $2.50 to $4.50
CafePlayer: raises $2.50 to $7
qu4nTuM-fLuX: calls $2.50
*** TURN *** [8d 6s 6h] [7s]
CafePlayer: bets $10
qu4nTuM-fLuX: raises $8.75 to $18.75 and is all-in
CafePlayer: calls $6.40 and is all-in
Uncalled bet ($2.35) returned to qu4nTuM-fLuX
*** RIVER *** [8d 6s 6h 7s] [Tc]
*** SHOW DOWN ***
CafePlayer: shows [Ad Ah] (two pair, Aces and Sixes)
qu4nTuM-fLuX: shows [6c 3c] (three of a kind, Sixes)
qu4nTuM-fLuX collected $47 from pot
*** SUMMARY ***
Total pot $49.40 | Rake $2.40 
Board [8d 6s 6h 7s Tc]
Seat 1: PSUBLOWS folded before Flop (didn't bet)
Seat 3: qu4nTuM-fLuX (button) showed [6c 3c] and won ($47) with three of a kind, Sixes
Seat 4: fioro (small blind) folded before Flop
Seat 5: CafePlayer (big blind) showed [Ad Ah] and lost with two pair, Aces and Sixes
Seat 6: ashiXIII folded before Flop (didn't bet)
Seat 8: Alameda22 folded before Flop (didn't bet)
Seat 9: bilsinho folded before Flop (didn't bet)



PokerStars Game #19570864042:  Hold'em No Limit ($0.10/$0.25) - 2008/08/12 - 19:11:04 (ET)
Table 'Kalevala III' 9-max Seat #4 is the button
Seat 1: PSUBLOWS ($50.40 in chips) 
Seat 3: qu4nTuM-fLuX ($49.35 in chips) 
Seat 4: fioro ($26.45 in chips) 
Seat 6: ashiXIII ($25.25 in chips) 
Seat 7: Kevin French ($5 in chips) 
Seat 8: Alameda22 ($25.25 in chips) 
Seat 9: bilsinho ($25 in chips) 
ashiXIII: posts small blind $0.10
Kevin French: posts big blind $0.25
leroyZY: sits out 
*** HOLE CARDS ***
Dealt to Alameda22 [7d 2s]
Alameda22: folds 
bilsinho: folds 
PSUBLOWS: folds 
qu4nTuM-fLuX: folds 
fioro: raises $0.75 to $1
ashiXIII: folds 
Kevin French: folds 
Uncalled bet ($0.75) returned to fioro
fioro collected $0.60 from pot
fioro: doesn't show hand 
*** SUMMARY ***
Total pot $0.60 | Rake $0 
Seat 1: PSUBLOWS folded before Flop (didn't bet)
Seat 3: qu4nTuM-fLuX folded before Flop (didn't bet)
Seat 4: fioro (button) collected ($0.60)
Seat 6: ashiXIII (small blind) folded before Flop
Seat 7: Kevin French (big blind) folded before Flop
Seat 8: Alameda22 folded before Flop (didn't bet)
Seat 9: bilsinho folded before Flop (didn't bet)



PokerStars Game #19570881925:  Hold'em No Limit ($0.10/$0.25) - 2008/08/12 - 19:11:51 (ET)
Table 'Kalevala III' 9-max Seat #6 is the button
Seat 1: PSUBLOWS ($50.40 in chips) 
Seat 3: qu4nTuM-fLuX ($49.35 in chips) 
Seat 4: fioro ($26.80 in chips) 
Seat 6: ashiXIII ($25.15 in chips) 
Seat 7: Kevin French ($4.75 in chips) 
Seat 8: Alameda22 ($25.25 in chips) 
Seat 9: bilsinho ($25 in chips) 
Kevin French: posts small blind $0.10
Alameda22: posts big blind $0.25
leroyZY: sits out 
*** HOLE CARDS ***
Dealt to Alameda22 [9d Jc]
bilsinho: folds 
PSUBLOWS: raises $0.75 to $1
qu4nTuM-fLuX: folds 
fioro: folds 
ashiXIII: folds 
Kevin French: folds 
CafePlayer leaves the table
Alameda22: folds 
Uncalled bet ($0.75) returned to PSUBLOWS
PSUBLOWS collected $0.60 from pot
PSUBLOWS: doesn't show hand 
*** SUMMARY ***
Total pot $0.60 | Rake $0 
Seat 1: PSUBLOWS collected ($0.60)
Seat 3: qu4nTuM-fLuX folded before Flop (didn't bet)
Seat 4: fioro folded before Flop (didn't bet)
Seat 6: ashiXIII (button) folded before Flop (didn't bet)
Seat 7: Kevin French (small blind) folded before Flop
Seat 8: Alameda22 (big blind) folded before Flop
Seat 9: bilsinho folded before Flop (didn't bet)



PokerStars Game #19570899305:  Hold'em No Limit ($0.10/$0.25) - 2008/08/12 - 19:12:35 (ET)
Table 'Kalevala III' 9-max Seat #7 is the button
Seat 1: PSUBLOWS ($50.75 in chips) 
Seat 3: qu4nTuM-fLuX ($49.35 in chips) 
Seat 4: fioro ($26.80 in chips) 
Seat 6: ashiXIII ($25.15 in chips) 
Seat 7: Kevin French ($4.65 in chips) 
Seat 8: Alameda22 ($25 in chips) 
Seat 9: bilsinho ($25 in chips) 
Alameda22: posts small blind $0.10
bilsinho: posts big blind $0.25
leroyZY: sits out 
*** HOLE CARDS ***
Dealt to Alameda22 [3d 7d]
PSUBLOWS: folds 
qu4nTuM-fLuX: folds 
fioro: folds 
ashiXIII: folds 
Kevin French: folds 
Alameda22: folds 
Uncalled bet ($0.15) returned to bilsinho
bilsinho collected $0.20 from pot
bilsinho: doesn't show hand 
*** SUMMARY ***
Total pot $0.20 | Rake $0 
Seat 1: PSUBLOWS folded before Flop (didn't bet)
Seat 3: qu4nTuM-fLuX folded before Flop (didn't bet)
Seat 4: fioro folded before Flop (didn't bet)
Seat 6: ashiXIII folded before Flop (didn't bet)
Seat 7: Kevin French (button) folded before Flop (didn't bet)
Seat 8: Alameda22 (small blind) folded before Flop
Seat 9: bilsinho (big blind) collected ($0.20)



PokerStars Game #19570912191:  Hold'em No Limit ($0.10/$0.25) - 2008/08/12 - 19:13:10 (ET)
Table 'Kalevala III' 9-max Seat #8 is the button
Seat 1: PSUBLOWS ($50.75 in chips) 
Seat 3: qu4nTuM-fLuX ($49.35 in chips) 
Seat 4: fioro ($26.80 in chips) 
Seat 6: ashiXIII ($25.15 in chips) 
Seat 7: Kevin French ($4.65 in chips) 
Seat 8: Alameda22 ($24.90 in chips) 
Seat 9: bilsinho ($25.10 in chips) 
bilsinho: posts small blind $0.10
PSUBLOWS: posts big blind $0.25
leroyZY: sits out 
*** HOLE CARDS ***
Dealt to Alameda22 [3c Qc]
qu4nTuM-fLuX: folds 
fioro: folds 
ashiXIII has timed out
ashiXIII: folds 
ashiXIII is sitting out
ashiXIII has returned
Kevin French: raises $0.50 to $0.75
Alameda22: folds 
bilsinho: folds 
PSUBLOWS: folds 
Uncalled bet ($0.50) returned to Kevin French
Kevin French collected $0.60 from pot
Kevin French: doesn't show hand 
*** SUMMARY ***
Total pot $0.60 | Rake $0 
Seat 1: PSUBLOWS (big blind) folded before Flop
Seat 3: qu4nTuM-fLuX folded before Flop (didn't bet)
Seat 4: fioro folded before Flop (didn't bet)
Seat 6: ashiXIII folded before Flop (didn't bet)
Seat 7: Kevin French collected ($0.60)
Seat 8: Alameda22 (button) folded before Flop (didn't bet)
Seat 9: bilsinho (small blind) folded before Flop



PokerStars Game #19570945851:  Hold'em No Limit ($0.10/$0.25) - 2008/08/12 - 19:14:40 (ET)
Table 'Kalevala III' 9-max Seat #9 is the button
Seat 1: PSUBLOWS ($50.50 in chips) 
Seat 2: leroyZY ($5 in chips) 
Seat 3: qu4nTuM-fLuX ($49.35 in chips) 
Seat 4: fioro ($26.80 in chips) 
Seat 6: ashiXIII ($25.15 in chips) 
Seat 7: Kevin French ($5 in chips) 
Seat 8: Alameda22 ($24.90 in chips) 
Seat 9: bilsinho ($25 in chips) 
PSUBLOWS: posts small blind $0.10
leroyZY: posts big blind $0.25
*** HOLE CARDS ***
Dealt to Alameda22 [3c Tc]
qu4nTuM-fLuX: folds 
fioro: folds 
ashiXIII: folds 
Kevin French: raises $0.25 to $0.50
Alameda22: folds 
bilsinho: folds 
PSUBLOWS: raises $1.50 to $2
leroyZY: folds 
Kevin French: folds 
Uncalled bet ($1.50) returned to PSUBLOWS
PSUBLOWS collected $1.25 from pot
PSUBLOWS: doesn't show hand 
*** SUMMARY ***
Total pot $1.25 | Rake $0 
Seat 1: PSUBLOWS (small blind) collected ($1.25)
Seat 2: leroyZY (big blind) folded before Flop
Seat 3: qu4nTuM-fLuX folded before Flop (didn't bet)
Seat 4: fioro folded before Flop (didn't bet)
Seat 6: ashiXIII folded before Flop (didn't bet)
Seat 7: Kevin French folded before Flop
Seat 8: Alameda22 folded before Flop (didn't bet)
Seat 9: bilsinho (button) folded before Flop (didn't bet)



PokerStars Game #19570970947:  Hold'em No Limit ($0.10/$0.25) - 2008/08/12 - 19:15:46 (ET)
Table 'Kalevala III' 9-max Seat #1 is the button
Seat 1: PSUBLOWS ($51.25 in chips) 
Seat 2: leroyZY ($4.75 in chips) 
Seat 3: qu4nTuM-fLuX ($49.35 in chips) 
Seat 4: fioro ($26.80 in chips) 
Seat 6: ashiXIII ($25.15 in chips) 
Seat 7: Kevin French ($4.50 in chips) 
Seat 8: Alameda22 ($24.90 in chips) 
Seat 9: bilsinho ($25 in chips) 
leroyZY: posts small blind $0.10
qu4nTuM-fLuX: posts big blind $0.25
*** HOLE CARDS ***
Dealt to Alameda22 [Jd 9d]
fioro: folds 
ashiXIII: folds 
Kevin French: folds 
Alameda22: folds 
bilsinho: folds 
PSUBLOWS: raises $0.50 to $0.75
leroyZY: folds 
qu4nTuM-fLuX: folds 
Uncalled bet ($0.50) returned to PSUBLOWS
PSUBLOWS collected $0.60 from pot
PSUBLOWS: doesn't show hand 
*** SUMMARY ***
Total pot $0.60 | Rake $0 
Seat 1: PSUBLOWS (button) collected ($0.60)
Seat 2: leroyZY (small blind) folded before Flop
Seat 3: qu4nTuM-fLuX (big blind) folded before Flop
Seat 4: fioro folded before Flop (didn't bet)
Seat 6: ashiXIII folded before Flop (didn't bet)
Seat 7: Kevin French folded before Flop (didn't bet)
Seat 8: Alameda22 folded before Flop (didn't bet)
Seat 9: bilsinho folded before Flop (didn't bet)



PokerStars Game #19570985973:  Hold'em No Limit ($0.10/$0.25) - 2008/08/12 - 19:16:25 (ET)
Table 'Kalevala III' 9-max Seat #2 is the button
Seat 1: PSUBLOWS ($51.60 in chips) 
Seat 2: leroyZY ($4.65 in chips) 
Seat 3: qu4nTuM-fLuX ($49.10 in chips) 
Seat 4: fioro ($26.80 in chips) 
Seat 6: ashiXIII ($25.15 in chips) 
Seat 7: Kevin French ($4.50 in chips) 
Seat 8: Alameda22 ($24.90 in chips) 
Seat 9: bilsinho ($25 in chips) 
qu4nTuM-fLuX: posts small blind $0.10
fioro: posts big blind $0.25
*** HOLE CARDS ***
Dealt to Alameda22 [6c Ts]
ashiXIII: folds 
Kevin French: folds 
Alameda22: folds 
bilsinho: folds 
PSUBLOWS: raises $0.50 to $0.75
leroyZY: folds 
qu4nTuM-fLuX: folds 
fioro: folds 
Uncalled bet ($0.50) returned to PSUBLOWS
PSUBLOWS collected $0.60 from pot
PSUBLOWS: doesn't show hand 
*** SUMMARY ***
Total pot $0.60 | Rake $0 
Seat 1: PSUBLOWS collected ($0.60)
Seat 2: leroyZY (button) folded before Flop (didn't bet)
Seat 3: qu4nTuM-fLuX (small blind) folded before Flop
Seat 4: fioro (big blind) folded before Flop
Seat 6: ashiXIII folded before Flop (didn't bet)
Seat 7: Kevin French folded before Flop (didn't bet)
Seat 8: Alameda22 folded before Flop (didn't bet)
Seat 9: bilsinho folded before Flop (didn't bet)



PokerStars Game #19570998432:  Hold'em No Limit ($0.10/$0.25) - 2008/08/12 - 19:16:58 (ET)
Table 'Kalevala III' 9-max Seat #3 is the button
Seat 1: PSUBLOWS ($51.95 in chips) 
Seat 2: leroyZY ($4.65 in chips) 
Seat 3: qu4nTuM-fLuX ($49 in chips) 
Seat 4: fioro ($26.55 in chips) 
Seat 6: ashiXIII ($25.15 in chips) 
Seat 7: Kevin French ($4.50 in chips) 
Seat 8: Alameda22 ($24.90 in chips) 
Seat 9: bilsinho ($25 in chips) 
fioro: posts small blind $0.10
ashiXIII: posts big blind $0.25
*** HOLE CARDS ***
Dealt to Alameda22 [6h 8d]
Kevin French: folds 
Alameda22: folds 
KingGraf90 joins the table at seat #5 
bilsinho: folds 
PSUBLOWS: folds 
leroyZY: raises $0.75 to $1
qu4nTuM-fLuX: folds 
fioro: folds 
ashiXIII: folds 
Uncalled bet ($0.75) returned to leroyZY
leroyZY collected $0.60 from pot
leroyZY: doesn't show hand 
*** SUMMARY ***
Total pot $0.60 | Rake $0 
Seat 1: PSUBLOWS folded before Flop (didn't bet)
Seat 2: leroyZY collected ($0.60)
Seat 3: qu4nTuM-fLuX (button) folded before Flop (didn't bet)
Seat 4: fioro (small blind) folded before Flop
Seat 6: ashiXIII (big blind) folded before Flop
Seat 7: Kevin French folded before Flop (didn't bet)
Seat 8: Alameda22 folded before Flop (didn't bet)
Seat 9: bilsinho folded before Flop (didn't bet)



PokerStars Game #19571015445:  Hold'em No Limit ($0.10/$0.25) - 2008/08/12 - 19:17:42 (ET)
Table 'Kalevala III' 9-max Seat #4 is the button
Seat 1: PSUBLOWS ($51.95 in chips) 
Seat 2: leroyZY ($5 in chips) 
Seat 3: qu4nTuM-fLuX ($49 in chips) 
Seat 4: fioro ($26.45 in chips) 
Seat 6: ashiXIII ($24.90 in chips) 
Seat 8: Alameda22 ($24.90 in chips) 
Seat 9: bilsinho ($25 in chips) 
KingGraf90 will be allowed to play after the button
ashiXIII: posts small blind $0.10
Kevin French: is sitting out 
Alameda22: posts big blind $0.25
*** HOLE CARDS ***
Dealt to Alameda22 [3c Ks]
Kevin French leaves the table
bilsinho: folds 
PSUBLOWS: folds 
leroyZY: folds 
qu4nTuM-fLuX: raises $0.75 to $1
Aconda1 joins the table at seat #7 
fioro: calls $1
ashiXIII: folds 
Alameda22: folds 
*** FLOP *** [2h Ac 6c]
qu4nTuM-fLuX: bets $1.50
fioro: raises $3.25 to $4.75
qu4nTuM-fLuX: folds 
Uncalled bet ($3.25) returned to fioro
fioro collected $5.10 from pot
fioro: doesn't show hand 
*** SUMMARY ***
Total pot $5.35 | Rake $0.25 
Board [2h Ac 6c]
Seat 1: PSUBLOWS folded before Flop (didn't bet)
Seat 2: leroyZY folded before Flop (didn't bet)
Seat 3: qu4nTuM-fLuX folded on the Flop
Seat 4: fioro (button) collected ($5.10)
Seat 6: ashiXIII (small blind) folded before Flop
Seat 8: Alameda22 (big blind) folded before Flop
Seat 9: bilsinho folded before Flop (didn't bet)



PokerStars Game #19571041324:  Hold'em No Limit ($0.10/$0.25) - 2008/08/12 - 19:18:50 (ET)
Table 'Kalevala III' 9-max Seat #6 is the button
Seat 1: PSUBLOWS ($51.95 in chips) 
Seat 2: leroyZY ($5 in chips) 
Seat 3: qu4nTuM-fLuX ($46.50 in chips) 
Seat 4: fioro ($29.05 in chips) 
Seat 5: KingGraf90 ($25 in chips) 
Seat 6: ashiXIII ($24.80 in chips) 
Seat 8: Alameda22 ($24.65 in chips) 
Seat 9: bilsinho ($25 in chips) 
Aconda1 will be allowed to play after the button
Alameda22: posts small blind $0.10
bilsinho: posts big blind $0.25
KingGraf90: posts big blind $0.25
*** HOLE CARDS ***
Dealt to Alameda22 [8h Js]
PSUBLOWS: folds 
leroyZY: folds 
qu4nTuM-fLuX: folds 
fioro: calls $0.25
KingGraf90: checks 
ashiXIII: folds 
Alameda22: folds 
bilsinho: checks 
*** FLOP *** [4d 7d 6s]
bilsinho: checks 
fioro: bets $5.50
KingGraf90: folds 
bilsinho: folds 
Uncalled bet ($5.50) returned to fioro
fioro collected $0.85 from pot
fioro: doesn't show hand 
*** SUMMARY ***
Total pot $0.85 | Rake $0 
Board [4d 7d 6s]
Seat 1: PSUBLOWS folded before Flop (didn't bet)
Seat 2: leroyZY folded before Flop (didn't bet)
Seat 3: qu4nTuM-fLuX folded before Flop (didn't bet)
Seat 4: fioro collected ($0.85)
Seat 5: KingGraf90 folded on the Flop
Seat 6: ashiXIII (button) folded before Flop (didn't bet)
Seat 8: Alameda22 (small blind) folded before Flop
Seat 9: bilsinho (big blind) folded on the Flop



PokerStars Game #19571085675:  Hold'em No Limit ($0.10/$0.25) - 2008/08/12 - 19:20:46 (ET)
Table 'Kalevala III' 9-max Seat #8 is the button
Seat 1: PSUBLOWS ($51.95 in chips) 
Seat 2: leroyZY ($5 in chips) 
Seat 3: qu4nTuM-fLuX ($46.50 in chips) 
Seat 4: fioro ($29.65 in chips) 
Seat 5: KingGraf90 ($24.75 in chips) 
Seat 6: ashiXIII ($24.80 in chips) 
Seat 8: Alameda22 ($24.55 in chips) 
Seat 9: bilsinho ($24.75 in chips) 
bilsinho: posts small blind $0.10
PSUBLOWS: posts big blind $0.25
Aconda1: sits out 
*** HOLE CARDS ***
Dealt to Alameda22 [Ah Qs]
leroyZY: folds 
qu4nTuM-fLuX: folds 
fioro: folds 
KingGraf90: folds 
ashiXIII: folds 
Alameda22: raises $0.50 to $0.75
bilsinho said, "nice bet fioro"
bilsinho: folds 
PSUBLOWS: folds 
Uncalled bet ($0.50) returned to Alameda22
Alameda22 collected $0.60 from pot
Alameda22: doesn't show hand 
*** SUMMARY ***
Total pot $0.60 | Rake $0 
Seat 1: PSUBLOWS (big blind) folded before Flop
Seat 2: leroyZY folded before Flop (didn't bet)
Seat 3: qu4nTuM-fLuX folded before Flop (didn't bet)
Seat 4: fioro folded before Flop (didn't bet)
Seat 5: KingGraf90 folded before Flop (didn't bet)
Seat 6: ashiXIII folded before Flop (didn't bet)
Seat 8: Alameda22 (button) collected ($0.60)
Seat 9: bilsinho (small blind) folded before Flop



PokerStars Game #19571107992:  Hold'em No Limit ($0.10/$0.25) - 2008/08/12 - 19:21:44 (ET)
Table 'Kalevala III' 9-max Seat #9 is the button
Seat 1: PSUBLOWS ($51.70 in chips) 
Seat 2: leroyZY ($5 in chips) 
Seat 3: qu4nTuM-fLuX ($46.50 in chips) 
Seat 4: fioro ($29.65 in chips) 
Seat 5: KingGraf90 ($24.75 in chips) 
Seat 6: ashiXIII ($24.80 in chips) 
Seat 8: Alameda22 ($24.90 in chips) 
Seat 9: bilsinho ($24.65 in chips) 
PSUBLOWS: posts small blind $0.10
leroyZY: posts big blind $0.25
Aconda1: sits out 
*** HOLE CARDS ***
Dealt to Alameda22 [6s Jc]
qu4nTuM-fLuX: folds 
fioro: folds 
KingGraf90: folds 
Aconda1 leaves the table
ashiXIII: folds 
Alameda22: folds 
bilsinho: folds 
PSUBLOWS: raises $0.50 to $0.75
leroyZY: folds 
Uncalled bet ($0.50) returned to PSUBLOWS
PSUBLOWS collected $0.50 from pot
PSUBLOWS: doesn't show hand 
*** SUMMARY ***
Total pot $0.50 | Rake $0 
Seat 1: PSUBLOWS (small blind) collected ($0.50)
Seat 2: leroyZY (big blind) folded before Flop
Seat 3: qu4nTuM-fLuX folded before Flop (didn't bet)
Seat 4: fioro folded before Flop (didn't bet)
Seat 5: KingGraf90 folded before Flop (didn't bet)
Seat 6: ashiXIII folded before Flop (didn't bet)
Seat 8: Alameda22 folded before Flop (didn't bet)
Seat 9: bilsinho (button) folded before Flop (didn't bet)



PokerStars Game #19571129121:  Hold'em No Limit ($0.10/$0.25) - 2008/08/12 - 19:22:40 (ET)
Table 'Kalevala III' 9-max Seat #1 is the button
Seat 1: PSUBLOWS ($51.95 in chips) 
Seat 2: leroyZY ($4.75 in chips) 
Seat 3: qu4nTuM-fLuX ($46.50 in chips) 
Seat 4: fioro ($29.65 in chips) 
Seat 5: KingGraf90 ($24.75 in chips) 
Seat 6: ashiXIII ($24.80 in chips) 
Seat 8: Alameda22 ($24.90 in chips) 
Seat 9: bilsinho ($25 in chips) 
leroyZY: posts small blind $0.10
qu4nTuM-fLuX: posts big blind $0.25
*** HOLE CARDS ***
Dealt to Alameda22 [3c 7h]
fioro: raises $0.75 to $1
KingGraf90: folds 
ashiXIII: folds 
Felinolog joins the table at seat #7 
Alameda22: folds 
bilsinho: folds 
PSUBLOWS: folds 
leroyZY: raises $3.75 to $4.75 and is all-in
qu4nTuM-fLuX: folds 
fioro: calls $3.75
*** FLOP *** [4s 8c 2s]
*** TURN *** [4s 8c 2s] [6h]
*** RIVER *** [4s 8c 2s 6h] [Js]
*** SHOW DOWN ***
leroyZY: shows [Kd Ah] (high card Ace)
fioro: shows [Jh Jd] (three of a kind, Jacks)
fioro collected $9.30 from pot
*** SUMMARY ***
Total pot $9.75 | Rake $0.45 
Board [4s 8c 2s 6h Js]
Seat 1: PSUBLOWS (button) folded before Flop (didn't bet)
Seat 2: leroyZY (small blind) showed [Kd Ah] and lost with high card Ace
Seat 3: qu4nTuM-fLuX (big blind) folded before Flop
Seat 4: fioro showed [Jh Jd] and won ($9.30) with three of a kind, Jacks
Seat 5: KingGraf90 folded before Flop (didn't bet)
Seat 6: ashiXIII folded before Flop (didn't bet)
Seat 8: Alameda22 folded before Flop (didn't bet)
Seat 9: bilsinho folded before Flop (didn't bet)



PokerStars Game #19571151154:  Hold'em No Limit ($0.10/$0.25) - 2008/08/12 - 19:23:38 (ET)
Table 'Kalevala III' 9-max Seat #3 is the button
Seat 1: PSUBLOWS ($51.95 in chips) 
Seat 3: qu4nTuM-fLuX ($46.25 in chips) 
Seat 4: fioro ($34.20 in chips) 
Seat 5: KingGraf90 ($24.75 in chips) 
Seat 6: ashiXIII ($24.80 in chips) 
Seat 7: Felinolog ($25 in chips) 
Seat 8: Alameda22 ($24.90 in chips) 
Seat 9: bilsinho ($25 in chips) 
fioro: posts small blind $0.10
leroyZY has returned
KingGraf90: posts big blind $0.25
Felinolog: posts big blind $0.25
*** HOLE CARDS ***
Dealt to Alameda22 [3d Jh]
ashiXIII: folds 
Felinolog: checks 
Alameda22: folds 
bilsinho: folds 
PSUBLOWS: folds 
qu4nTuM-fLuX: folds 
fioro: folds 
KingGraf90: checks 
*** FLOP *** [Ks Kc 7c]
fioro leaves the table
KingGraf90: checks 
Felinolog: checks 
*** TURN *** [Ks Kc 7c] [Qd]
KingGraf90: checks 
Felinolog: bets $0.50
KingGraf90: folds 
Uncalled bet ($0.50) returned to Felinolog
Felinolog collected $0.60 from pot
Felinolog: doesn't show hand 
*** SUMMARY ***
Total pot $0.60 | Rake $0 
Board [Ks Kc 7c Qd]
Seat 1: PSUBLOWS folded before Flop (didn't bet)
Seat 3: qu4nTuM-fLuX (button) folded before Flop (didn't bet)
Seat 4: fioro (small blind) folded before Flop
Seat 5: KingGraf90 (big blind) folded on the Turn
Seat 6: ashiXIII folded before Flop (didn't bet)
Seat 7: Felinolog collected ($0.60)
Seat 8: Alameda22 folded before Flop (didn't bet)
Seat 9: bilsinho folded before Flop (didn't bet)



PokerStars Game #19571182198:  Hold'em No Limit ($0.10/$0.25) - 2008/08/12 - 19:24:59 (ET)
Table 'Kalevala III' 9-max Seat #5 is the button
Seat 1: PSUBLOWS ($51.95 in chips) 
Seat 2: leroyZY ($5 in chips) 
Seat 3: qu4nTuM-fLuX ($46.25 in chips) 
Seat 5: KingGraf90 ($24.50 in chips) 
Seat 6: ashiXIII ($24.80 in chips) 
Seat 7: Felinolog ($25.35 in chips) 
Seat 8: Alameda22 ($24.90 in chips) 
Seat 9: bilsinho ($25 in chips) 
ashiXIII: posts small blind $0.10
Felinolog: posts big blind $0.25
*** HOLE CARDS ***
Dealt to Alameda22 [9h 3c]
Alameda22: folds 
bilsinho: folds 
PSUBLOWS: folds 
leroyZY: folds 
qu4nTuM-fLuX: raises $0.75 to $1
KingGraf90: folds 
ashiXIII: folds 
Felinolog: folds 
Uncalled bet ($0.75) returned to qu4nTuM-fLuX
qu4nTuM-fLuX collected $0.60 from pot
qu4nTuM-fLuX: doesn't show hand 
*** SUMMARY ***
Total pot $0.60 | Rake $0 
Seat 1: PSUBLOWS folded before Flop (didn't bet)
Seat 2: leroyZY folded before Flop (didn't bet)
Seat 3: qu4nTuM-fLuX collected ($0.60)
Seat 5: KingGraf90 (button) folded before Flop (didn't bet)
Seat 6: ashiXIII (small blind) folded before Flop
Seat 7: Felinolog (big blind) folded before Flop
Seat 8: Alameda22 folded before Flop (didn't bet)
Seat 9: bilsinho folded before Flop (didn't bet)



PokerStars Game #19571192282:  Hold'em No Limit ($0.10/$0.25) - 2008/08/12 - 19:25:26 (ET)
Table 'Kalevala III' 9-max Seat #6 is the button
Seat 1: PSUBLOWS ($51.95 in chips) 
Seat 2: leroyZY ($5 in chips) 
Seat 3: qu4nTuM-fLuX ($46.60 in chips) 
Seat 5: KingGraf90 ($24.50 in chips) 
Seat 6: ashiXIII ($24.70 in chips) 
Seat 7: Felinolog ($25.10 in chips) 
Seat 8: Alameda22 ($24.90 in chips) 
Seat 9: bilsinho ($25 in chips) 
Felinolog: posts small blind $0.10
Alameda22: posts big blind $0.25
*** HOLE CARDS ***
Dealt to Alameda22 [Ah 6h]
bilsinho: folds 
PSUBLOWS: folds 
leroyZY: folds 
qu4nTuM-fLuX: folds 
KingGraf90: folds 
ashiXIII: folds 
Felinolog: folds 
Uncalled bet ($0.15) returned to Alameda22
Alameda22 collected $0.20 from pot
Alameda22: doesn't show hand 
*** SUMMARY ***
Total pot $0.20 | Rake $0 
Seat 1: PSUBLOWS folded before Flop (didn't bet)
Seat 2: leroyZY folded before Flop (didn't bet)
Seat 3: qu4nTuM-fLuX folded before Flop (didn't bet)
Seat 5: KingGraf90 folded before Flop (didn't bet)
Seat 6: ashiXIII (button) folded before Flop (didn't bet)
Seat 7: Felinolog (small blind) folded before Flop
Seat 8: Alameda22 (big blind) collected ($0.20)
Seat 9: bilsinho folded before Flop (didn't bet)



PokerStars Game #19571205907:  Hold'em No Limit ($0.10/$0.25) - 2008/08/12 - 19:26:02 (ET)
Table 'Kalevala III' 9-max Seat #7 is the button
Seat 1: PSUBLOWS ($51.95 in chips) 
Seat 2: leroyZY ($5 in chips) 
Seat 3: qu4nTuM-fLuX ($46.60 in chips) 
Seat 5: KingGraf90 ($24.50 in chips) 
Seat 6: ashiXIII ($24.70 in chips) 
Seat 7: Felinolog ($25 in chips) 
Seat 8: Alameda22 ($25 in chips) 
Seat 9: bilsinho ($25 in chips) 
Alameda22: posts small blind $0.10
bilsinho: posts big blind $0.25
*** HOLE CARDS ***
Dealt to Alameda22 [9d Ac]
PSUBLOWS: folds 
leroyZY: folds 
qu4nTuM-fLuX: raises $0.75 to $1
KingGraf90: folds 
ashiXIII: folds 
Felinolog: folds 
Alameda22: folds 
bilsinho: folds 
Uncalled bet ($0.75) returned to qu4nTuM-fLuX
qu4nTuM-fLuX collected $0.60 from pot
qu4nTuM-fLuX: doesn't show hand 
*** SUMMARY ***
Total pot $0.60 | Rake $0 
Seat 1: PSUBLOWS folded before Flop (didn't bet)
Seat 2: leroyZY folded before Flop (didn't bet)
Seat 3: qu4nTuM-fLuX collected ($0.60)
Seat 5: KingGraf90 folded before Flop (didn't bet)
Seat 6: ashiXIII folded before Flop (didn't bet)
Seat 7: Felinolog (button) folded before Flop (didn't bet)
Seat 8: Alameda22 (small blind) folded before Flop
Seat 9: bilsinho (big blind) folded before Flop



PokerStars Game #19571216731:  Hold'em No Limit ($0.10/$0.25) - 2008/08/12 - 19:26:30 (ET)
Table 'Kalevala III' 9-max Seat #8 is the button
Seat 1: PSUBLOWS ($51.95 in chips) 
Seat 2: leroyZY ($5 in chips) 
Seat 3: qu4nTuM-fLuX ($46.95 in chips) 
Seat 5: KingGraf90 ($24.50 in chips) 
Seat 6: ashiXIII ($24.70 in chips) 
Seat 7: Felinolog ($25 in chips) 
Seat 8: Alameda22 ($24.90 in chips) 
Seat 9: bilsinho ($24.75 in chips) 
bilsinho: posts small blind $0.10
PSUBLOWS: posts big blind $0.25
*** HOLE CARDS ***
Dealt to Alameda22 [Qc 7h]
leroyZY: calls $0.25
qu4nTuM-fLuX: raises $1 to $1.25
KingGraf90: folds 
ashiXIII: folds 
Felinolog: folds 
Alameda22: folds 
bilsinho: folds 
PSUBLOWS: folds 
leroyZY: raises $3.75 to $5 and is all-in
qu4nTuM-fLuX: calls $3.75
*** FLOP *** [Th 6s 2h]
*** TURN *** [Th 6s 2h] [Td]
*** RIVER *** [Th 6s 2h Td] [Jd]
*** SHOW DOWN ***
leroyZY: shows [9h 9s] (two pair, Tens and Nines)
qu4nTuM-fLuX: mucks hand 
leroyZY collected $9.85 from pot
*** SUMMARY ***
Total pot $10.35 | Rake $0.50 
Board [Th 6s 2h Td Jd]
Seat 1: PSUBLOWS (big blind) folded before Flop
Seat 2: leroyZY showed [9h 9s] and won ($9.85) with two pair, Tens and Nines
Seat 3: qu4nTuM-fLuX mucked [Ks Ac]
Seat 5: KingGraf90 folded before Flop (didn't bet)
Seat 6: ashiXIII folded before Flop (didn't bet)
Seat 7: Felinolog folded before Flop (didn't bet)
Seat 8: Alameda22 (button) folded before Flop (didn't bet)
Seat 9: bilsinho (small blind) folded before Flop



PokerStars Game #19571244435:  Hold'em No Limit ($0.10/$0.25) - 2008/08/12 - 19:27:44 (ET)
Table 'Kalevala III' 9-max Seat #9 is the button
Seat 3: qu4nTuM-fLuX ($41.95 in chips) 
Seat 5: KingGraf90 ($24.50 in chips) 
Seat 6: ashiXIII ($24.70 in chips) 
Seat 7: Felinolog ($25 in chips) 
Seat 8: Alameda22 ($24.90 in chips) 
Seat 9: bilsinho ($24.65 in chips) 
PSUBLOWS: is sitting out 
PSUBLOWS leaves the table
leroyZY: is sitting out 
qu4nTuM-fLuX: posts small blind $0.10
leroyZY leaves the table
KingGraf90: posts big blind $0.25
*** HOLE CARDS ***
Dealt to Alameda22 [4c 5h]
ashiXIII: folds 
Felinolog: raises $0.75 to $1
Alameda22: folds 
bilsinho: folds 
bilsinho is sitting out
qu4nTuM-fLuX: calls $0.90
KingGraf90: folds 
*** FLOP *** [6c Tc Ac]
xScarabeox joins the table at seat #4 
qu4nTuM-fLuX: checks 
Felinolog: bets $1.50
qu4nTuM-fLuX: folds 
Uncalled bet ($1.50) returned to Felinolog
Felinolog collected $2.15 from pot
Felinolog: doesn't show hand 
*** SUMMARY ***
Total pot $2.25 | Rake $0.10 
Board [6c Tc Ac]
Seat 3: qu4nTuM-fLuX (small blind) folded on the Flop
Seat 5: KingGraf90 (big blind) folded before Flop
Seat 6: ashiXIII folded before Flop (didn't bet)
Seat 7: Felinolog collected ($2.15)
Seat 8: Alameda22 folded before Flop (didn't bet)
Seat 9: bilsinho (button) folded before Flop (didn't bet)



PokerStars Game #19571263041:  Hold'em No Limit ($0.10/$0.25) - 2008/08/12 - 19:28:33 (ET)
Table 'Kalevala III' 9-max Seat #3 is the button
Seat 3: qu4nTuM-fLuX ($40.95 in chips) 
Seat 5: KingGraf90 ($24.25 in chips) 
Seat 6: ashiXIII ($24.70 in chips) 
Seat 7: Felinolog ($26.15 in chips) 
Seat 8: Alameda22 ($24.90 in chips) 
xScarabeox will be allowed to play after the button
KingGraf90: posts small blind $0.10
ashiXIII: posts big blind $0.25
*** HOLE CARDS ***
Dealt to Alameda22 [3d 7h]
Felinolog: folds 
Alameda22: folds 
qu4nTuM-fLuX: folds 
KingGraf90: raises $0.75 to $1
ashiXIII: folds 
Uncalled bet ($0.75) returned to KingGraf90
KingGraf90 collected $0.50 from pot
KingGraf90: doesn't show hand 
*** SUMMARY ***
Total pot $0.50 | Rake $0 
Seat 3: qu4nTuM-fLuX (button) folded before Flop (didn't bet)
Seat 5: KingGraf90 (small blind) collected ($0.50)
Seat 6: ashiXIII (big blind) folded before Flop
Seat 7: Felinolog folded before Flop (didn't bet)
Seat 8: Alameda22 folded before Flop (didn't bet)



PokerStars Game #19571273592:  Hold'em No Limit ($0.10/$0.25) - 2008/08/12 - 19:29:00 (ET)
Table 'Kalevala III' 9-max Seat #5 is the button
Seat 3: qu4nTuM-fLuX ($40.95 in chips) 
Seat 4: xScarabeox ($5 in chips) 
Seat 5: KingGraf90 ($24.50 in chips) 
Seat 6: ashiXIII ($24.45 in chips) 
Seat 7: Felinolog ($26.15 in chips) 
Seat 8: Alameda22 ($24.90 in chips) 
ashiXIII: posts small blind $0.10
Felinolog: posts big blind $0.25
xScarabeox: posts big blind $0.25
*** HOLE CARDS ***
Dealt to Alameda22 [Qc 9h]
Alameda22: folds 
qu4nTuM-fLuX: folds 
xScarabeox: checks 
KingGraf90: folds 
ashiXIII: folds 
Ybarradj1 joins the table at seat #2 
Mrs_OFFICER? joins the table at seat #1 
Felinolog: raises $1 to $1.25
xScarabeox: calls $1
*** FLOP *** [3h 7h Ah]
Felinolog: bets $1.50
xScarabeox: raises $2.25 to $3.75 and is all-in
Felinolog: folds 
Uncalled bet ($2.25) returned to xScarabeox
xScarabeox collected $5.35 from pot
*** SUMMARY ***
Total pot $5.60 | Rake $0.25 
Board [3h 7h Ah]
Seat 3: qu4nTuM-fLuX folded before Flop (didn't bet)
Seat 4: xScarabeox collected ($5.35)
Seat 5: KingGraf90 (button) folded before Flop (didn't bet)
Seat 6: ashiXIII (small blind) folded before Flop
Seat 7: Felinolog (big blind) folded on the Flop
Seat 8: Alameda22 folded before Flop (didn't bet)



PokerStars Game #19571296662:  Hold'em No Limit ($0.10/$0.25) - 2008/08/12 - 19:30:01 (ET)
Table 'Kalevala III' 9-max Seat #6 is the button
Seat 3: qu4nTuM-fLuX ($40.95 in chips) 
Seat 4: xScarabeox ($7.60 in chips) 
Seat 5: KingGraf90 ($24.50 in chips) 
Seat 6: ashiXIII ($24.35 in chips) 
Seat 7: Felinolog ($23.40 in chips) 
Seat 8: Alameda22 ($24.90 in chips) 
Felinolog: posts small blind $0.10
Alameda22: posts big blind $0.25
Mrs_OFFICER?: sits out 
Ybarradj1: sits out 
*** HOLE CARDS ***
Dealt to Alameda22 [Ac Qd]
qu4nTuM-fLuX: raises $0.60 to $0.85
xScarabeox: folds 
KingGraf90: folds 
ashiXIII: folds 
Felinolog: folds 
Alameda22: calls $0.60
*** FLOP *** [4h 9d 4s]
Alameda22: checks 
qu4nTuM-fLuX: checks 
*** TURN *** [4h 9d 4s] [8c]
Alameda22: bets $1.25
qu4nTuM-fLuX: calls $1.25
*** RIVER *** [4h 9d 4s 8c] [3c]
Alameda22: checks 
qu4nTuM-fLuX: bets $4
Alameda22: folds 
Uncalled bet ($4) returned to qu4nTuM-fLuX
qu4nTuM-fLuX collected $4.10 from pot
qu4nTuM-fLuX: doesn't show hand 
*** SUMMARY ***
Total pot $4.30 | Rake $0.20 
Board [4h 9d 4s 8c 3c]
Seat 3: qu4nTuM-fLuX collected ($4.10)
Seat 4: xScarabeox folded before Flop (didn't bet)
Seat 5: KingGraf90 folded before Flop (didn't bet)
Seat 6: ashiXIII (button) folded before Flop (didn't bet)
Seat 7: Felinolog (small blind) folded before Flop
Seat 8: Alameda22 (big blind) folded on the River



PokerStars Game #19571338142:  Hold'em No Limit ($0.10/$0.25) - 2008/08/12 - 19:31:48 (ET)
Table 'Kalevala III' 9-max Seat #7 is the button
Seat 1: Mrs_OFFICER? ($15 in chips) 
Seat 3: qu4nTuM-fLuX ($42.95 in chips) 
Seat 4: xScarabeox ($7.60 in chips) 
Seat 5: KingGraf90 ($24.50 in chips) 
Seat 6: ashiXIII ($24.35 in chips) 
Seat 7: Felinolog ($23.30 in chips) 
Seat 8: Alameda22 ($22.80 in chips) 
Alameda22: posts small blind $0.10
Mrs_OFFICER?: posts big blind $0.25
Ybarradj1: sits out 
*** HOLE CARDS ***
Dealt to Alameda22 [Kc 7d]
qu4nTuM-fLuX: raises $0.60 to $0.85
xScarabeox: folds 
xScarabeox leaves the table
KingGraf90: folds 
ashiXIII: folds 
Felinolog: raises $1.40 to $2.25
Alameda22: folds 
Mrs_OFFICER?: folds 
qu4nTuM-fLuX: folds 
Uncalled bet ($1.40) returned to Felinolog
Felinolog collected $2.05 from pot
*** SUMMARY ***
Total pot $2.05 | Rake $0 
Seat 1: Mrs_OFFICER? (big blind) folded before Flop
Seat 3: qu4nTuM-fLuX folded before Flop
Seat 4: xScarabeox folded before Flop (didn't bet)
Seat 5: KingGraf90 folded before Flop (didn't bet)
Seat 6: ashiXIII folded before Flop (didn't bet)
Seat 7: Felinolog (button) collected ($2.05)
Seat 8: Alameda22 (small blind) folded before Flop



PokerStars Game #19571359266:  Hold'em No Limit ($0.10/$0.25) - 2008/08/12 - 19:32:44 (ET)
Table 'Kalevala III' 9-max Seat #8 is the button
Seat 1: Mrs_OFFICER? ($14.75 in chips) 
Seat 2: Ybarradj1 ($5 in chips) 
Seat 3: qu4nTuM-fLuX ($42.10 in chips) 
Seat 5: KingGraf90 ($24.50 in chips) 
Seat 6: ashiXIII ($24.35 in chips) 
Seat 7: Felinolog ($24.50 in chips) 
Seat 8: Alameda22 ($22.70 in chips) 
Mrs_OFFICER?: posts small blind $0.10
Ybarradj1: posts big blind $0.25
*** HOLE CARDS ***
Dealt to Alameda22 [7h 4h]
qu4nTuM-fLuX: folds 
KingGraf90: folds 
ashiXIII: folds 
Felinolog: raises $0.75 to $1
Alameda22: folds 
Mrs_OFFICER?: folds 
Ybarradj1: calls $0.75
*** FLOP *** [9h 5s 9s]
Ybarradj1: checks 
Felinolog: checks 
*** TURN *** [9h 5s 9s] [Td]
Ybarradj1: checks 
Felinolog: bets $1.25
Ybarradj1: folds 
Uncalled bet ($1.25) returned to Felinolog
Felinolog collected $2 from pot
Felinolog: doesn't show hand 
*** SUMMARY ***
Total pot $2.10 | Rake $0.10 
Board [9h 5s 9s Td]
Seat 1: Mrs_OFFICER? (small blind) folded before Flop
Seat 2: Ybarradj1 (big blind) folded on the Turn
Seat 3: qu4nTuM-fLuX folded before Flop (didn't bet)
Seat 5: KingGraf90 folded before Flop (didn't bet)
Seat 6: ashiXIII folded before Flop (didn't bet)
Seat 7: Felinolog collected ($2)
Seat 8: Alameda22 (button) folded before Flop (didn't bet)



PokerStars Game #19571380603:  Hold'em No Limit ($0.10/$0.25) - 2008/08/12 - 19:33:39 (ET)
Table 'Kalevala III' 9-max Seat #1 is the button
Seat 1: Mrs_OFFICER? ($14.65 in chips) 
Seat 2: Ybarradj1 ($4 in chips) 
Seat 3: qu4nTuM-fLuX ($42.10 in chips) 
Seat 5: KingGraf90 ($24.50 in chips) 
Seat 6: ashiXIII ($24.35 in chips) 
Seat 7: Felinolog ($25.50 in chips) 
Seat 8: Alameda22 ($22.70 in chips) 
Ybarradj1: posts small blind $0.10
qu4nTuM-fLuX: posts big blind $0.25
*** HOLE CARDS ***
Dealt to Alameda22 [Tc Ah]
KingGraf90 has timed out
KingGraf90: folds 
KingGraf90 is sitting out
KingGraf90 has returned
ashiXIII: folds 
Felinolog: folds 
Alameda22: folds 
Mrs_OFFICER?: folds 
Ybarradj1: calls $0.15
qu4nTuM-fLuX: checks 
*** FLOP *** [Jd 6d 7s]
Ybarradj1: checks 
qu4nTuM-fLuX: checks 
*** TURN *** [Jd 6d 7s] [2d]
Ybarradj1: checks 
qu4nTuM-fLuX: checks 
*** RIVER *** [Jd 6d 7s 2d] [3h]
Ybarradj1: bets $0.25
qu4nTuM-fLuX: calls $0.25
*** SHOW DOWN ***
Ybarradj1: shows [6s Jh] (two pair, Jacks and Sixes)
qu4nTuM-fLuX: mucks hand 
Ybarradj1 collected $0.95 from pot
*** SUMMARY ***
Total pot $1 | Rake $0.05 
Board [Jd 6d 7s 2d 3h]
Seat 1: Mrs_OFFICER? (button) folded before Flop (didn't bet)
Seat 2: Ybarradj1 (small blind) showed [6s Jh] and won ($0.95) with two pair, Jacks and Sixes
Seat 3: qu4nTuM-fLuX (big blind) mucked [3s Qd]
Seat 5: KingGraf90 folded before Flop (didn't bet)
Seat 6: ashiXIII folded before Flop (didn't bet)
Seat 7: Felinolog folded before Flop (didn't bet)
Seat 8: Alameda22 folded before Flop (didn't bet)



PokerStars Game #19571416154:  Hold'em No Limit ($0.10/$0.25) - 2008/08/12 - 19:35:11 (ET)
Table 'Kalevala III' 9-max Seat #2 is the button
Seat 1: Mrs_OFFICER? ($14.65 in chips) 
Seat 2: Ybarradj1 ($4.45 in chips) 
Seat 3: qu4nTuM-fLuX ($41.60 in chips) 
Seat 5: KingGraf90 ($24.50 in chips) 
Seat 6: ashiXIII ($24.35 in chips) 
Seat 7: Felinolog ($25.50 in chips) 
Seat 8: Alameda22 ($22.70 in chips) 
qu4nTuM-fLuX: posts small blind $0.10
KingGraf90: posts big blind $0.25
*** HOLE CARDS ***
Dealt to Alameda22 [6h 6c]
ashiXIII: folds 
Felinolog: folds 
Alameda22: folds 
Mrs_OFFICER?: folds 
Ybarradj1: folds 
qu4nTuM-fLuX: raises $0.75 to $1
KingGraf90: folds 
Uncalled bet ($0.75) returned to qu4nTuM-fLuX
qu4nTuM-fLuX collected $0.50 from pot
qu4nTuM-fLuX: doesn't show hand 
*** SUMMARY ***
Total pot $0.50 | Rake $0 
Seat 1: Mrs_OFFICER? folded before Flop (didn't bet)
Seat 2: Ybarradj1 (button) folded before Flop (didn't bet)
Seat 3: qu4nTuM-fLuX (small blind) collected ($0.50)
Seat 5: KingGraf90 (big blind) folded before Flop
Seat 6: ashiXIII folded before Flop (didn't bet)
Seat 7: Felinolog folded before Flop (didn't bet)
Seat 8: Alameda22 folded before Flop (didn't bet)



PokerStars Game #19571431887:  Hold'em No Limit ($0.10/$0.25) - 2008/08/12 - 19:35:52 (ET)
Table 'Kalevala III' 9-max Seat #3 is the button
Seat 1: Mrs_OFFICER? ($14.65 in chips) 
Seat 2: Ybarradj1 ($4.45 in chips) 
Seat 3: qu4nTuM-fLuX ($41.85 in chips) 
Seat 5: KingGraf90 ($24.25 in chips) 
Seat 6: ashiXIII ($24.35 in chips) 
Seat 7: Felinolog ($25.50 in chips) 
Seat 8: Alameda22 ($22.70 in chips) 
KingGraf90: posts small blind $0.10
ashiXIII: posts big blind $0.25
*** HOLE CARDS ***
Dealt to Alameda22 [8d 8s]
gowild19 joins the table at seat #4 
Felinolog: folds 
Alameda22: folds 
Mrs_OFFICER?: folds 
Ybarradj1: calls $0.25
qu4nTuM-fLuX: folds 
KingGraf90: calls $0.15
ashiXIII: checks 
*** FLOP *** [4d 6c 3c]
KingGraf90: bets $0.75
ashiXIII: folds 
Ybarradj1: folds 
Uncalled bet ($0.75) returned to KingGraf90
KingGraf90 collected $0.75 from pot
*** SUMMARY ***
Total pot $0.75 | Rake $0 
Board [4d 6c 3c]
Seat 1: Mrs_OFFICER? folded before Flop (didn't bet)
Seat 2: Ybarradj1 folded on the Flop
Seat 3: qu4nTuM-fLuX (button) folded before Flop (didn't bet)
Seat 5: KingGraf90 (small blind) collected ($0.75)
Seat 6: ashiXIII (big blind) folded on the Flop
Seat 7: Felinolog folded before Flop (didn't bet)
Seat 8: Alameda22 folded before Flop (didn't bet)



PokerStars Game #19571455280:  Hold'em No Limit ($0.10/$0.25) - 2008/08/12 - 19:36:54 (ET)
Table 'Kalevala III' 9-max Seat #5 is the button
Seat 1: Mrs_OFFICER? ($14.65 in chips) 
Seat 2: Ybarradj1 ($4.20 in chips) 
Seat 3: qu4nTuM-fLuX ($41.85 in chips) 
Seat 5: KingGraf90 ($24.75 in chips) 
Seat 6: ashiXIII ($24.10 in chips) 
Seat 7: Felinolog ($25.50 in chips) 
Seat 8: Alameda22 ($22.70 in chips) 
ashiXIII: posts small blind $0.10
Felinolog: posts big blind $0.25
gowild19: sits out 
*** HOLE CARDS ***
Dealt to Alameda22 [3s 7c]
Alameda22: folds 
Mrs_OFFICER?: folds 
Ybarradj1: folds 
qu4nTuM-fLuX: folds 
KingGraf90: raises $0.75 to $1
ashiXIII: folds 
Felinolog: folds 
Uncalled bet ($0.75) returned to KingGraf90
KingGraf90 collected $0.60 from pot
*** SUMMARY ***
Total pot $0.60 | Rake $0 
Seat 1: Mrs_OFFICER? folded before Flop (didn't bet)
Seat 2: Ybarradj1 folded before Flop (didn't bet)
Seat 3: qu4nTuM-fLuX folded before Flop (didn't bet)
Seat 5: KingGraf90 (button) collected ($0.60)
Seat 6: ashiXIII (small blind) folded before Flop
Seat 7: Felinolog (big blind) folded before Flop
Seat 8: Alameda22 folded before Flop (didn't bet)



PokerStars Game #19571473272:  Hold'em No Limit ($0.10/$0.25) - 2008/08/12 - 19:37:41 (ET)
Table 'Kalevala III' 9-max Seat #6 is the button
Seat 1: Mrs_OFFICER? ($14.65 in chips) 
Seat 2: Ybarradj1 ($4.20 in chips) 
Seat 3: qu4nTuM-fLuX ($41.85 in chips) 
Seat 5: KingGraf90 ($25.10 in chips) 
Seat 6: ashiXIII ($24 in chips) 
Seat 7: Felinolog ($25.25 in chips) 
Seat 8: Alameda22 ($22.70 in chips) 
Felinolog: posts small blind $0.10
Alameda22: posts big blind $0.25
gowild19: sits out 
*** HOLE CARDS ***
Dealt to Alameda22 [7h 3d]
Mrs_OFFICER?: folds 
Ybarradj1: folds 
qu4nTuM-fLuX: folds 
KingGraf90: folds 
ashiXIII: folds 
Felinolog: raises $0.75 to $1
Alameda22: folds 
Uncalled bet ($0.75) returned to Felinolog
Felinolog collected $0.50 from pot
Felinolog: doesn't show hand 
*** SUMMARY ***
Total pot $0.50 | Rake $0 
Seat 1: Mrs_OFFICER? folded before Flop (didn't bet)
Seat 2: Ybarradj1 folded before Flop (didn't bet)
Seat 3: qu4nTuM-fLuX folded before Flop (didn't bet)
Seat 5: KingGraf90 folded before Flop (didn't bet)
Seat 6: ashiXIII (button) folded before Flop (didn't bet)
Seat 7: Felinolog (small blind) collected ($0.50)
Seat 8: Alameda22 (big blind) folded before Flop



PokerStars Game #19571484950:  Hold'em No Limit ($0.10/$0.25) - 2008/08/12 - 19:38:12 (ET)
Table 'Kalevala III' 9-max Seat #7 is the button
Seat 1: Mrs_OFFICER? ($14.65 in chips) 
Seat 2: Ybarradj1 ($4.20 in chips) 
Seat 3: qu4nTuM-fLuX ($41.85 in chips) 
Seat 5: KingGraf90 ($25.10 in chips) 
Seat 6: ashiXIII ($24 in chips) 
Seat 7: Felinolog ($25.50 in chips) 
Seat 8: Alameda22 ($22.45 in chips) 
Alameda22: posts small blind $0.10
Mrs_OFFICER?: posts big blind $0.25
gowild19: sits out 
*** HOLE CARDS ***
Dealt to Alameda22 [Kd Th]
Ybarradj1: calls $0.25
qu4nTuM-fLuX: folds 
KingGraf90: raises $1.25 to $1.50
ashiXIII: folds 
Felinolog: folds 
Alameda22: folds 
Mrs_OFFICER?: folds 
Ybarradj1: calls $1.25
*** FLOP *** [9c 4c 9h]
Ybarradj1: checks 
KingGraf90: bets $23.60 and is all-in
Ybarradj1: calls $2.70 and is all-in
Uncalled bet ($20.90) returned to KingGraf90
*** TURN *** [9c 4c 9h] [2d]
*** RIVER *** [9c 4c 9h 2d] [4s]
*** SHOW DOWN ***
Ybarradj1: shows [6h 6s] (two pair, Nines and Sixes)
KingGraf90: mucks hand 
Ybarradj1 collected $8.35 from pot
*** SUMMARY ***
Total pot $8.75 | Rake $0.40 
Board [9c 4c 9h 2d 4s]
Seat 1: Mrs_OFFICER? (big blind) folded before Flop
Seat 2: Ybarradj1 showed [6h 6s] and won ($8.35) with two pair, Nines and Sixes
Seat 3: qu4nTuM-fLuX folded before Flop (didn't bet)
Seat 5: KingGraf90 mucked [As Qs]
Seat 6: ashiXIII folded before Flop (didn't bet)
Seat 7: Felinolog (button) folded before Flop (didn't bet)
Seat 8: Alameda22 (small blind) folded before Flop



PokerStars Game #19571501385:  Hold'em No Limit ($0.10/$0.25) - 2008/08/12 - 19:38:55 (ET)
Table 'Kalevala III' 9-max Seat #8 is the button
Seat 1: Mrs_OFFICER? ($14.40 in chips) 
Seat 2: Ybarradj1 ($8.35 in chips) 
Seat 3: qu4nTuM-fLuX ($41.85 in chips) 
Seat 5: KingGraf90 ($20.90 in chips) 
Seat 6: ashiXIII ($24 in chips) 
Seat 7: Felinolog ($25.50 in chips) 
Seat 8: Alameda22 ($22.35 in chips) 
Mrs_OFFICER?: posts small blind $0.10
Ybarradj1: posts big blind $0.25
gowild19: sits out 
*** HOLE CARDS ***
Dealt to Alameda22 [6c 4c]
qu4nTuM-fLuX: folds 
KingGraf90: folds 
ashiXIII: folds 
Felinolog: raises $0.75 to $1
Alameda22: folds 
Mrs_OFFICER?: folds 
Ybarradj1: calls $0.75
*** FLOP *** [2c Td 7c]
Ybarradj1: checks 
Felinolog: checks 
*** TURN *** [2c Td 7c] [As]
Ybarradj1: checks 
Felinolog: bets $1.50
Ybarradj1: folds 
Uncalled bet ($1.50) returned to Felinolog
Felinolog collected $2 from pot
Felinolog: doesn't show hand 
*** SUMMARY ***
Total pot $2.10 | Rake $0.10 
Board [2c Td 7c As]
Seat 1: Mrs_OFFICER? (small blind) folded before Flop
Seat 2: Ybarradj1 (big blind) folded on the Turn
Seat 3: qu4nTuM-fLuX folded before Flop (didn't bet)
Seat 5: KingGraf90 folded before Flop (didn't bet)
Seat 6: ashiXIII folded before Flop (didn't bet)
Seat 7: Felinolog collected ($2)
Seat 8: Alameda22 (button) folded before Flop (didn't bet)



PokerStars Game #19571519337:  Hold'em No Limit ($0.10/$0.25) - 2008/08/12 - 19:39:43 (ET)
Table 'Kalevala III' 9-max Seat #1 is the button
Seat 1: Mrs_OFFICER? ($14.30 in chips) 
Seat 2: Ybarradj1 ($7.35 in chips) 
Seat 3: qu4nTuM-fLuX ($41.85 in chips) 
Seat 5: KingGraf90 ($20.90 in chips) 
Seat 6: ashiXIII ($24 in chips) 
Seat 7: Felinolog ($26.50 in chips) 
Seat 8: Alameda22 ($22.35 in chips) 
Ybarradj1: posts small blind $0.10
qu4nTuM-fLuX: posts big blind $0.25
gowild19: sits out 
*** HOLE CARDS ***
Dealt to Alameda22 [5s Ks]
KingGraf90: folds 
ashiXIII: folds 
Felinolog: folds 
Alameda22: folds 
Mrs_OFFICER?: raises $0.75 to $1
Ybarradj1: folds 
qu4nTuM-fLuX: folds 
Uncalled bet ($0.75) returned to Mrs_OFFICER?
Mrs_OFFICER? collected $0.60 from pot
Mrs_OFFICER?: doesn't show hand 
*** SUMMARY ***
Total pot $0.60 | Rake $0 
Seat 1: Mrs_OFFICER? (button) collected ($0.60)
Seat 2: Ybarradj1 (small blind) folded before Flop
Seat 3: qu4nTuM-fLuX (big blind) folded before Flop
Seat 5: KingGraf90 folded before Flop (didn't bet)
Seat 6: ashiXIII folded before Flop (didn't bet)
Seat 7: Felinolog folded before Flop (didn't bet)
Seat 8: Alameda22 folded before Flop (didn't bet)



PokerStars Game #19571540327:  Hold'em No Limit ($0.10/$0.25) - 2008/08/12 - 19:40:37 (ET)
Table 'Kalevala III' 9-max Seat #2 is the button
Seat 1: Mrs_OFFICER? ($14.65 in chips) 
Seat 2: Ybarradj1 ($7.25 in chips) 
Seat 3: qu4nTuM-fLuX ($41.60 in chips) 
Seat 4: gowild19 ($25 in chips) 
Seat 5: KingGraf90 ($20.90 in chips) 
Seat 6: ashiXIII ($24 in chips) 
Seat 7: Felinolog ($26.50 in chips) 
Seat 8: Alameda22 ($22.35 in chips) 
qu4nTuM-fLuX: posts small blind $0.10
gowild19: posts big blind $0.25
*** HOLE CARDS ***
Dealt to Alameda22 [7c Ks]
KingGraf90: folds 
ashiXIII: raises $0.75 to $1
Felinolog: folds 
Alameda22: folds 
Mrs_OFFICER?: folds 
Ybarradj1: folds 
qu4nTuM-fLuX: folds 
gowild19: folds 
Uncalled bet ($0.75) returned to ashiXIII
ashiXIII collected $0.60 from pot
ashiXIII: doesn't show hand 
*** SUMMARY ***
Total pot $0.60 | Rake $0 
Seat 1: Mrs_OFFICER? folded before Flop (didn't bet)
Seat 2: Ybarradj1 (button) folded before Flop (didn't bet)
Seat 3: qu4nTuM-fLuX (small blind) folded before Flop
Seat 4: gowild19 (big blind) folded before Flop
Seat 5: KingGraf90 folded before Flop (didn't bet)
Seat 6: ashiXIII collected ($0.60)
Seat 7: Felinolog folded before Flop (didn't bet)
Seat 8: Alameda22 folded before Flop (didn't bet)



PokerStars Game #19571559335:  Hold'em No Limit ($0.10/$0.25) - 2008/08/12 - 19:41:26 (ET)
Table 'Kalevala III' 9-max Seat #3 is the button
Seat 1: Mrs_OFFICER? ($14.65 in chips) 
Seat 2: Ybarradj1 ($7.25 in chips) 
Seat 3: qu4nTuM-fLuX ($41.50 in chips) 
Seat 4: gowild19 ($24.75 in chips) 
Seat 5: KingGraf90 ($20.90 in chips) 
Seat 6: ashiXIII ($24.35 in chips) 
Seat 7: Felinolog ($26.50 in chips) 
Seat 8: Alameda22 ($22.35 in chips) 
gowild19: posts small blind $0.10
KingGraf90: posts big blind $0.25
*** HOLE CARDS ***
Dealt to Alameda22 [Th Qd]
ashiXIII: folds 
Felinolog: folds 
Alameda22: folds 
Mrs_OFFICER?: folds 
Ybarradj1: folds 
qu4nTuM-fLuX: folds 
gowild19: folds 
Uncalled bet ($0.15) returned to KingGraf90
KingGraf90 collected $0.20 from pot
KingGraf90: doesn't show hand 
*** SUMMARY ***
Total pot $0.20 | Rake $0 
Seat 1: Mrs_OFFICER? folded before Flop (didn't bet)
Seat 2: Ybarradj1 folded before Flop (didn't bet)
Seat 3: qu4nTuM-fLuX (button) folded before Flop (didn't bet)
Seat 4: gowild19 (small blind) folded before Flop
Seat 5: KingGraf90 (big blind) collected ($0.20)
Seat 6: ashiXIII folded before Flop (didn't bet)
Seat 7: Felinolog folded before Flop (didn't bet)
Seat 8: Alameda22 folded before Flop (didn't bet)



PokerStars Game #19571569757:  Hold'em No Limit ($0.10/$0.25) - 2008/08/12 - 19:41:52 (ET)
Table 'Kalevala III' 9-max Seat #4 is the button
Seat 1: Mrs_OFFICER? ($14.65 in chips) 
Seat 2: Ybarradj1 ($7.25 in chips) 
Seat 3: qu4nTuM-fLuX ($41.50 in chips) 
Seat 4: gowild19 ($24.65 in chips) 
Seat 5: KingGraf90 ($21 in chips) 
Seat 6: ashiXIII ($24.35 in chips) 
Seat 7: Felinolog ($26.50 in chips) 
Seat 8: Alameda22 ($22.35 in chips) 
KingGraf90: posts small blind $0.10
ashiXIII: posts big blind $0.25
*** HOLE CARDS ***
Dealt to Alameda22 [Kh 7d]
Felinolog: folds 
Alameda22: folds 
Mrs_OFFICER?: folds 
Ybarradj1: calls $0.25
qu4nTuM-fLuX: folds 
gowild19: folds 
KingGraf90: calls $0.15
ashiXIII: checks 
*** FLOP *** [As Td 9c]
KingGraf90: checks 
ashiXIII: bets $0.50
Ybarradj1: calls $0.50
KingGraf90: calls $0.50
*** TURN *** [As Td 9c] [2h]
KingGraf90: checks 
ashiXIII: checks 
Ybarradj1: bets $0.25
KingGraf90: calls $0.25
ashiXIII: raises $1.50 to $1.75
Ybarradj1: raises $4.75 to $6.50 and is all-in
KingGraf90: folds 
ashiXIII: folds 
Uncalled bet ($4.75) returned to Ybarradj1
Ybarradj1 collected $5.75 from pot
Ybarradj1: shows [Tc Ah] (two pair, Aces and Tens)
*** SUMMARY ***
Total pot $6 | Rake $0.25 
Board [As Td 9c 2h]
Seat 1: Mrs_OFFICER? folded before Flop (didn't bet)
Seat 2: Ybarradj1 collected ($5.75)
Seat 3: qu4nTuM-fLuX folded before Flop (didn't bet)
Seat 4: gowild19 (button) folded before Flop (didn't bet)
Seat 5: KingGraf90 (small blind) folded on the Turn
Seat 6: ashiXIII (big blind) folded on the Turn
Seat 7: Felinolog folded before Flop (didn't bet)
Seat 8: Alameda22 folded before Flop (didn't bet)



PokerStars Game #19571610894:  Hold'em No Limit ($0.10/$0.25) - 2008/08/12 - 19:43:40 (ET)
Table 'Kalevala III' 9-max Seat #5 is the button
Seat 1: Mrs_OFFICER? ($14.65 in chips) 
Seat 2: Ybarradj1 ($10.50 in chips) 
Seat 3: qu4nTuM-fLuX ($41.50 in chips) 
Seat 4: gowild19 ($24.65 in chips) 
Seat 5: KingGraf90 ($20 in chips) 
Seat 6: ashiXIII ($21.85 in chips) 
Seat 7: Felinolog ($26.50 in chips) 
Seat 8: Alameda22 ($22.35 in chips) 
ashiXIII: posts small blind $0.10
Felinolog: posts big blind $0.25
*** HOLE CARDS ***
Dealt to Alameda22 [Ah Ad]
Alameda22: raises $0.50 to $0.75
Mrs_OFFICER?: calls $0.75
Ybarradj1: folds 
qu4nTuM-fLuX: folds 
gowild19: folds 
KingGraf90: folds 
ashiXIII: folds 
Felinolog: folds 
*** FLOP *** [Th 4c 7h]
Alameda22: bets $1.25
Mrs_OFFICER?: raises $3 to $4.25
Alameda22: raises $5.50 to $9.75
Mrs_OFFICER?: folds 
Uncalled bet ($5.50) returned to Alameda22
Alameda22 collected $9.85 from pot
Alameda22: doesn't show hand 
*** SUMMARY ***
Total pot $10.35 | Rake $0.50 
Board [Th 4c 7h]
Seat 1: Mrs_OFFICER? folded on the Flop
Seat 2: Ybarradj1 folded before Flop (didn't bet)
Seat 3: qu4nTuM-fLuX folded before Flop (didn't bet)
Seat 4: gowild19 folded before Flop (didn't bet)
Seat 5: KingGraf90 (button) folded before Flop (didn't bet)
Seat 6: ashiXIII (small blind) folded before Flop
Seat 7: Felinolog (big blind) folded before Flop
Seat 8: Alameda22 collected ($9.85)



PokerStars Game #19571636814:  Hold'em No Limit ($0.10/$0.25) - 2008/08/12 - 19:44:48 (ET)
Table 'Kalevala III' 9-max Seat #6 is the button
Seat 1: Mrs_OFFICER? ($9.65 in chips) 
Seat 2: Ybarradj1 ($10.50 in chips) 
Seat 3: qu4nTuM-fLuX ($41.50 in chips) 
Seat 4: gowild19 ($24.65 in chips) 
Seat 5: KingGraf90 ($20 in chips) 
Seat 6: ashiXIII ($24.90 in chips) 
Seat 7: Felinolog ($26.25 in chips) 
Seat 8: Alameda22 ($27.20 in chips) 
Felinolog: posts small blind $0.10
Alameda22: posts big blind $0.25
*** HOLE CARDS ***
Dealt to Alameda22 [7c Qc]
Mrs_OFFICER?: raises $0.50 to $0.75
Ybarradj1: folds 
qu4nTuM-fLuX: folds 
gowild19: folds 
KingGraf90: folds 
ashiXIII: folds 
Felinolog: folds 
Alameda22: folds 
Uncalled bet ($0.50) returned to Mrs_OFFICER?
Mrs_OFFICER? collected $0.60 from pot
Mrs_OFFICER?: doesn't show hand 
*** SUMMARY ***
Total pot $0.60 | Rake $0 
Seat 1: Mrs_OFFICER? collected ($0.60)
Seat 2: Ybarradj1 folded before Flop (didn't bet)
Seat 3: qu4nTuM-fLuX folded before Flop (didn't bet)
Seat 4: gowild19 folded before Flop (didn't bet)
Seat 5: KingGraf90 folded before Flop (didn't bet)
Seat 6: ashiXIII (button) folded before Flop (didn't bet)
Seat 7: Felinolog (small blind) folded before Flop
Seat 8: Alameda22 (big blind) folded before Flop



PokerStars Game #19571657340:  Hold'em No Limit ($0.10/$0.25) - 2008/08/12 - 19:45:42 (ET)
Table 'Kalevala III' 9-max Seat #7 is the button
Seat 1: Mrs_OFFICER? ($10 in chips) 
Seat 2: Ybarradj1 ($10.50 in chips) 
Seat 3: qu4nTuM-fLuX ($41.50 in chips) 
Seat 4: gowild19 ($24.65 in chips) 
Seat 5: KingGraf90 ($20 in chips) 
Seat 6: ashiXIII ($24.90 in chips) 
Seat 7: Felinolog ($26.15 in chips) 
Seat 8: Alameda22 ($26.95 in chips) 
Alameda22: posts small blind $0.10
Mrs_OFFICER?: posts big blind $0.25
*** HOLE CARDS ***
Dealt to Alameda22 [2d 6s]
Ybarradj1: folds 
qu4nTuM-fLuX: folds 
gowild19: folds 
KingGraf90: folds 
ashiXIII: folds 
Felinolog: folds 
Alameda22: folds 
Uncalled bet ($0.15) returned to Mrs_OFFICER?
Mrs_OFFICER? collected $0.20 from pot
Mrs_OFFICER?: doesn't show hand 
*** SUMMARY ***
Total pot $0.20 | Rake $0 
Seat 1: Mrs_OFFICER? (big blind) collected ($0.20)
Seat 2: Ybarradj1 folded before Flop (didn't bet)
Seat 3: qu4nTuM-fLuX folded before Flop (didn't bet)
Seat 4: gowild19 folded before Flop (didn't bet)
Seat 5: KingGraf90 folded before Flop (didn't bet)
Seat 6: ashiXIII folded before Flop (didn't bet)
Seat 7: Felinolog (button) folded before Flop (didn't bet)
Seat 8: Alameda22 (small blind) folded before Flop



PokerStars Game #19571667274:  Hold'em No Limit ($0.10/$0.25) - 2008/08/12 - 19:46:09 (ET)
Table 'Kalevala III' 9-max Seat #8 is the button
Seat 1: Mrs_OFFICER? ($10.10 in chips) 
Seat 2: Ybarradj1 ($10.50 in chips) 
Seat 3: qu4nTuM-fLuX ($41.50 in chips) 
Seat 4: gowild19 ($24.65 in chips) 
Seat 5: KingGraf90 ($20 in chips) 
Seat 6: ashiXIII ($24.90 in chips) 
Seat 7: Felinolog ($26.15 in chips) 
Seat 8: Alameda22 ($26.85 in chips) 
Mrs_OFFICER?: posts small blind $0.10
Ybarradj1: posts big blind $0.25
*** HOLE CARDS ***
Dealt to Alameda22 [6d Tc]
qu4nTuM-fLuX: folds 
gowild19: calls $0.25
KingGraf90: folds 
ashiXIII: folds 
Felinolog: raises $1 to $1.25
Alameda22: folds 
Mrs_OFFICER?: raises $8.85 to $10.10 and is all-in
Ybarradj1: folds 
gowild19: folds 
Felinolog: folds 
Uncalled bet ($8.85) returned to Mrs_OFFICER?
Mrs_OFFICER? collected $3 from pot
Mrs_OFFICER?: doesn't show hand 
*** SUMMARY ***
Total pot $3 | Rake $0 
Seat 1: Mrs_OFFICER? (small blind) collected ($3)
Seat 2: Ybarradj1 (big blind) folded before Flop
Seat 3: qu4nTuM-fLuX folded before Flop (didn't bet)
Seat 4: gowild19 folded before Flop
Seat 5: KingGraf90 folded before Flop (didn't bet)
Seat 6: ashiXIII folded before Flop (didn't bet)
Seat 7: Felinolog folded before Flop
Seat 8: Alameda22 (button) folded before Flop (didn't bet)



PokerStars Game #19571684008:  Hold'em No Limit ($0.10/$0.25) - 2008/08/12 - 19:46:53 (ET)
Table 'Kalevala III' 9-max Seat #1 is the button
Seat 1: Mrs_OFFICER? ($11.85 in chips) 
Seat 2: Ybarradj1 ($10.25 in chips) 
Seat 3: qu4nTuM-fLuX ($41.50 in chips) 
Seat 4: gowild19 ($24.40 in chips) 
Seat 5: KingGraf90 ($20 in chips) 
Seat 6: ashiXIII ($24.90 in chips) 
Seat 7: Felinolog ($24.90 in chips) 
Seat 8: Alameda22 ($26.85 in chips) 
Ybarradj1: posts small blind $0.10
qu4nTuM-fLuX: posts big blind $0.25
*** HOLE CARDS ***
Dealt to Alameda22 [9h 7c]
gowild19: folds 
KingGraf90: folds 
ashiXIII: folds 
Felinolog: folds 
Alameda22: folds 
Mrs_OFFICER?: raises $1.25 to $1.50
Ybarradj1: calls $1.40
qu4nTuM-fLuX: raises $4.50 to $6
Mrs_OFFICER?: raises $5.85 to $11.85 and is all-in
Ybarradj1: folds 
qu4nTuM-fLuX: calls $5.85
*** FLOP *** [Ad 6d 6s]
*** TURN *** [Ad 6d 6s] [2s]
*** RIVER *** [Ad 6d 6s 2s] [Qd]
*** SHOW DOWN ***
qu4nTuM-fLuX: shows [Jc As] (two pair, Aces and Sixes)
Mrs_OFFICER?: shows [Td Tc] (two pair, Tens and Sixes)
qu4nTuM-fLuX collected $23.95 from pot
*** SUMMARY ***
Total pot $25.20 | Rake $1.25 
Board [Ad 6d 6s 2s Qd]
Seat 1: Mrs_OFFICER? (button) showed [Td Tc] and lost with two pair, Tens and Sixes
Seat 2: Ybarradj1 (small blind) folded before Flop
Seat 3: qu4nTuM-fLuX (big blind) showed [Jc As] and won ($23.95) with two pair, Aces and Sixes
Seat 4: gowild19 folded before Flop (didn't bet)
Seat 5: KingGraf90 folded before Flop (didn't bet)
Seat 6: ashiXIII folded before Flop (didn't bet)
Seat 7: Felinolog folded before Flop (didn't bet)
Seat 8: Alameda22 folded before Flop (didn't bet)



PokerStars Game #19571701988:  Hold'em No Limit ($0.10/$0.25) - 2008/08/12 - 19:47:41 (ET)
Table 'Kalevala III' 9-max Seat #2 is the button
Seat 2: Ybarradj1 ($8.75 in chips) 
Seat 3: qu4nTuM-fLuX ($53.60 in chips) 
Seat 4: gowild19 ($24.40 in chips) 
Seat 5: KingGraf90 ($20 in chips) 
Seat 6: ashiXIII ($24.90 in chips) 
Seat 7: Felinolog ($24.90 in chips) 
Seat 8: Alameda22 ($26.85 in chips) 
qu4nTuM-fLuX: posts small blind $0.10
gowild19: posts big blind $0.25
*** HOLE CARDS ***
Dealt to Alameda22 [3c 4d]
Mrs_OFFICER? has returned
KingGraf90: calls $0.25
ashiXIII: folds 
Felinolog: folds 
Alameda22: folds 
Ybarradj1: calls $0.25
qu4nTuM-fLuX: folds 
gowild19: checks 
*** FLOP *** [2c 7h Kd]
gowild19: bets $0.50
KingGraf90: calls $0.50
Ybarradj1: folds 
*** TURN *** [2c 7h Kd] [Th]
Mrs_OFFICER? said, "got lucky that time"
gowild19: checks 
KingGraf90: checks 
*** RIVER *** [2c 7h Kd Th] [Qs]
gowild19: checks 
KingGraf90: checks 
*** SHOW DOWN ***
gowild19: shows [Kc 8d] (a pair of Kings)
KingGraf90: mucks hand 
gowild19 collected $1.80 from pot
*** SUMMARY ***
Total pot $1.85 | Rake $0.05 
Board [2c 7h Kd Th Qs]
Seat 2: Ybarradj1 (button) folded on the Flop
Seat 3: qu4nTuM-fLuX (small blind) folded before Flop
Seat 4: gowild19 (big blind) showed [Kc 8d] and won ($1.80) with a pair of Kings
Seat 5: KingGraf90 mucked [7s As]
Seat 6: ashiXIII folded before Flop (didn't bet)
Seat 7: Felinolog folded before Flop (didn't bet)
Seat 8: Alameda22 folded before Flop (didn't bet)



PokerStars Game #19571726457:  Hold'em No Limit ($0.10/$0.25) - 2008/08/12 - 19:48:45 (ET)
Table 'Kalevala III' 9-max Seat #3 is the button
Seat 1: Mrs_OFFICER? ($15 in chips) 
Seat 2: Ybarradj1 ($8.50 in chips) 
Seat 3: qu4nTuM-fLuX ($53.50 in chips) 
Seat 4: gowild19 ($25.45 in chips) 
Seat 5: KingGraf90 ($19.25 in chips) 
Seat 6: ashiXIII ($24.90 in chips) 
Seat 7: Felinolog ($24.90 in chips) 
Seat 8: Alameda22 ($26.85 in chips) 
gowild19: posts small blind $0.10
KingGraf90: posts big blind $0.25
*** HOLE CARDS ***
Dealt to Alameda22 [8d 3d]
ashiXIII: folds 
Felinolog: folds 
Alameda22: folds 
Mrs_OFFICER?: raises $0.75 to $1
Ybarradj1: folds 
qu4nTuM-fLuX: folds 
gowild19: folds 
KingGraf90: folds 
Uncalled bet ($0.75) returned to Mrs_OFFICER?
Mrs_OFFICER? collected $0.60 from pot
*** SUMMARY ***
Total pot $0.60 | Rake $0 
Seat 1: Mrs_OFFICER? collected ($0.60)
Seat 2: Ybarradj1 folded before Flop (didn't bet)
Seat 3: qu4nTuM-fLuX (button) folded before Flop (didn't bet)
Seat 4: gowild19 (small blind) folded before Flop
Seat 5: KingGraf90 (big blind) folded before Flop
Seat 6: ashiXIII folded before Flop (didn't bet)
Seat 7: Felinolog folded before Flop (didn't bet)
Seat 8: Alameda22 folded before Flop (didn't bet)



PokerStars Game #19571755506:  Hold'em No Limit ($0.10/$0.25) - 2008/08/12 - 19:50:02 (ET)
Table 'Kalevala III' 9-max Seat #4 is the button
Seat 1: Mrs_OFFICER? ($15.35 in chips) 
Seat 2: Ybarradj1 ($8.50 in chips) 
Seat 3: qu4nTuM-fLuX ($53.50 in chips) 
Seat 4: gowild19 ($25.35 in chips) 
Seat 5: KingGraf90 ($19 in chips) 
Seat 6: ashiXIII ($24.90 in chips) 
Seat 7: Felinolog ($24.90 in chips) 
Seat 8: Alameda22 ($26.85 in chips) 
KingGraf90: posts small blind $0.10
ashiXIII: posts big blind $0.25
*** HOLE CARDS ***
Dealt to Alameda22 [8s 7s]
Felinolog: folds 
Alameda22: folds 
Mrs_OFFICER?: calls $0.25
Ybarradj1: calls $0.25
qu4nTuM-fLuX: folds 
gowild19: folds 
KingGraf90: folds 
ashiXIII: checks 
*** FLOP *** [4d Jh 6s]
ashiXIII: bets $0.60
Mrs_OFFICER?: folds 
Ybarradj1: calls $0.60
*** TURN *** [4d Jh 6s] [Js]
ashiXIII: bets $1.50
Ybarradj1: folds 
Uncalled bet ($1.50) returned to ashiXIII
ashiXIII collected $1.95 from pot
ashiXIII: doesn't show hand 
*** SUMMARY ***
Total pot $2.05 | Rake $0.10 
Board [4d Jh 6s Js]
Seat 1: Mrs_OFFICER? folded on the Flop
Seat 2: Ybarradj1 folded on the Turn
Seat 3: qu4nTuM-fLuX folded before Flop (didn't bet)
Seat 4: gowild19 (button) folded before Flop (didn't bet)
Seat 5: KingGraf90 (small blind) folded before Flop
Seat 6: ashiXIII (big blind) collected ($1.95)
Seat 7: Felinolog folded before Flop (didn't bet)
Seat 8: Alameda22 folded before Flop (didn't bet)



PokerStars Game #19571776884:  Hold'em No Limit ($0.10/$0.25) - 2008/08/12 - 19:50:58 (ET)
Table 'Kalevala III' 9-max Seat #5 is the button
Seat 1: Mrs_OFFICER? ($15.10 in chips) 
Seat 2: Ybarradj1 ($7.65 in chips) 
Seat 3: qu4nTuM-fLuX ($53.50 in chips) 
Seat 4: gowild19 ($25.35 in chips) 
Seat 5: KingGraf90 ($18.90 in chips) 
Seat 6: ashiXIII ($26 in chips) 
Seat 7: Felinolog ($24.90 in chips) 
Seat 8: Alameda22 ($26.85 in chips) 
ashiXIII: posts small blind $0.10
Felinolog: posts big blind $0.25
*** HOLE CARDS ***
Dealt to Alameda22 [Qs 8c]
Alameda22: folds 
Mrs_OFFICER?: folds 
Ybarradj1: folds 
qu4nTuM-fLuX: folds 
gowild19: folds 
KingGraf90: folds 
ashiXIII: folds 
Uncalled bet ($0.15) returned to Felinolog
Felinolog collected $0.20 from pot
Felinolog: doesn't show hand 
*** SUMMARY ***
Total pot $0.20 | Rake $0 
Seat 1: Mrs_OFFICER? folded before Flop (didn't bet)
Seat 2: Ybarradj1 folded before Flop (didn't bet)
Seat 3: qu4nTuM-fLuX folded before Flop (didn't bet)
Seat 4: gowild19 folded before Flop (didn't bet)
Seat 5: KingGraf90 (button) folded before Flop (didn't bet)
Seat 6: ashiXIII (small blind) folded before Flop
Seat 7: Felinolog (big blind) collected ($0.20)
Seat 8: Alameda22 folded before Flop (didn't bet)



PokerStars Game #19571792814:  Hold'em No Limit ($0.10/$0.25) - 2008/08/12 - 19:51:41 (ET)
Table 'Kalevala III' 9-max Seat #6 is the button
Seat 1: Mrs_OFFICER? ($15.10 in chips) 
Seat 2: Ybarradj1 ($7.65 in chips) 
Seat 3: qu4nTuM-fLuX ($53.50 in chips) 
Seat 4: gowild19 ($25.35 in chips) 
Seat 5: KingGraf90 ($18.90 in chips) 
Seat 6: ashiXIII ($25.90 in chips) 
Seat 7: Felinolog ($25 in chips) 
Seat 8: Alameda22 ($26.85 in chips) 
Felinolog: posts small blind $0.10
Alameda22: posts big blind $0.25
*** HOLE CARDS ***
Dealt to Alameda22 [5h Ks]
Mrs_OFFICER?: folds 
Ybarradj1: folds 
qu4nTuM-fLuX: raises $0.75 to $1
gowild19: folds 
KingGraf90: raises $2 to $3
ashiXIII: folds 
Felinolog: folds 
Alameda22: folds 
qu4nTuM-fLuX: calls $2
*** FLOP *** [2c 5d Js]
qu4nTuM-fLuX: checks 
KingGraf90: bets $2.50
qu4nTuM-fLuX: calls $2.50
*** TURN *** [2c 5d Js] [4h]
qu4nTuM-fLuX: checks 
KingGraf90: checks 
*** RIVER *** [2c 5d Js 4h] [6s]
qu4nTuM-fLuX: checks 
KingGraf90: checks 
*** SHOW DOWN ***
qu4nTuM-fLuX: shows [Qc Qd] (a pair of Queens)
KingGraf90: mucks hand 
qu4nTuM-fLuX collected $10.80 from pot
*** SUMMARY ***
Total pot $11.35 | Rake $0.55 
Board [2c 5d Js 4h 6s]
Seat 1: Mrs_OFFICER? folded before Flop (didn't bet)
Seat 2: Ybarradj1 folded before Flop (didn't bet)
Seat 3: qu4nTuM-fLuX showed [Qc Qd] and won ($10.80) with a pair of Queens
Seat 4: gowild19 folded before Flop (didn't bet)
Seat 5: KingGraf90 mucked [Kh Ac]
Seat 6: ashiXIII (button) folded before Flop (didn't bet)
Seat 7: Felinolog (small blind) folded before Flop
Seat 8: Alameda22 (big blind) folded before Flop



PokerStars Game #19571818580:  Hold'em No Limit ($0.10/$0.25) - 2008/08/12 - 19:52:49 (ET)
Table 'Kalevala III' 9-max Seat #7 is the button
Seat 1: Mrs_OFFICER? ($15.10 in chips) 
Seat 2: Ybarradj1 ($7.65 in chips) 
Seat 3: qu4nTuM-fLuX ($58.80 in chips) 
Seat 4: gowild19 ($25.35 in chips) 
Seat 5: KingGraf90 ($13.40 in chips) 
Seat 6: ashiXIII ($25.90 in chips) 
Seat 7: Felinolog ($24.90 in chips) 
Seat 8: Alameda22 ($26.60 in chips) 
Alameda22: posts small blind $0.10
Mrs_OFFICER?: posts big blind $0.25
*** HOLE CARDS ***
Dealt to Alameda22 [5h 5s]
Ybarradj1: calls $0.25
qu4nTuM-fLuX: raises $1.25 to $1.50
gowild19: folds 
KingGraf90: folds 
ashiXIII: raises $2 to $3.50
Felinolog: folds 
Alameda22: folds 
Mrs_OFFICER?: folds 
Ybarradj1: folds 
qu4nTuM-fLuX: folds 
Uncalled bet ($2) returned to ashiXIII
ashiXIII collected $3.60 from pot
ashiXIII: doesn't show hand 
*** SUMMARY ***
Total pot $3.60 | Rake $0 
Seat 1: Mrs_OFFICER? (big blind) folded before Flop
Seat 2: Ybarradj1 folded before Flop
Seat 3: qu4nTuM-fLuX folded before Flop
Seat 4: gowild19 folded before Flop (didn't bet)
Seat 5: KingGraf90 folded before Flop (didn't bet)
Seat 6: ashiXIII collected ($3.60)
Seat 7: Felinolog (button) folded before Flop (didn't bet)
Seat 8: Alameda22 (small blind) folded before Flop



PokerStars Game #19571842112:  Hold'em No Limit ($0.10/$0.25) - 2008/08/12 - 19:53:52 (ET)
Table 'Kalevala III' 9-max Seat #8 is the button
Seat 1: Mrs_OFFICER? ($14.85 in chips) 
Seat 2: Ybarradj1 ($7.40 in chips) 
Seat 3: qu4nTuM-fLuX ($57.30 in chips) 
Seat 4: gowild19 ($25.35 in chips) 
Seat 5: KingGraf90 ($13.40 in chips) 
Seat 6: ashiXIII ($28 in chips) 
Seat 7: Felinolog ($24.90 in chips) 
Seat 8: Alameda22 ($26.50 in chips) 
bilsinho was removed from the table for failing to post
Mrs_OFFICER?: posts small blind $0.10
Ybarradj1: posts big blind $0.25
*** HOLE CARDS ***
Dealt to Alameda22 [6c 4s]
qu4nTuM-fLuX: folds 
gowild19: folds 
KingGraf90: folds 
ashiXIII: folds 
Felinolog: folds 
Alameda22: folds 
Mrs_OFFICER?: raises $1 to $1.25
Ybarradj1: folds 
Uncalled bet ($1) returned to Mrs_OFFICER?
Mrs_OFFICER? collected $0.50 from pot
Mrs_OFFICER?: doesn't show hand 
*** SUMMARY ***
Total pot $0.50 | Rake $0 
Seat 1: Mrs_OFFICER? (small blind) collected ($0.50)
Seat 2: Ybarradj1 (big blind) folded before Flop
Seat 3: qu4nTuM-fLuX folded before Flop (didn't bet)
Seat 4: gowild19 folded before Flop (didn't bet)
Seat 5: KingGraf90 folded before Flop (didn't bet)
Seat 6: ashiXIII folded before Flop (didn't bet)
Seat 7: Felinolog folded before Flop (didn't bet)
Seat 8: Alameda22 (button) folded before Flop (didn't bet)



PokerStars Game #19571853386:  Hold'em No Limit ($0.10/$0.25) - 2008/08/12 - 19:54:23 (ET)
Table 'Kalevala III' 9-max Seat #1 is the button
Seat 1: Mrs_OFFICER? ($15.10 in chips) 
Seat 2: Ybarradj1 ($7.15 in chips) 
Seat 3: qu4nTuM-fLuX ($57.30 in chips) 
Seat 4: gowild19 ($25.35 in chips) 
Seat 5: KingGraf90 ($13.40 in chips) 
Seat 6: ashiXIII ($28 in chips) 
Seat 7: Felinolog ($24.90 in chips) 
Seat 8: Alameda22 ($26.50 in chips) 
Ybarradj1: posts small blind $0.10
qu4nTuM-fLuX: posts big blind $0.25
*** HOLE CARDS ***
Dealt to Alameda22 [Qc 3h]
gowild19: folds 
KingGraf90: folds 
ashiXIII: folds 
Felinolog: folds 
Alameda22: folds 
Mrs_OFFICER?: folds 
Ybarradj1: calls $0.15
qu4nTuM-fLuX: raises $0.75 to $1
Ybarradj1: calls $0.75
*** FLOP *** [5c Js Kh]
Ybarradj1: checks 
qu4nTuM-fLuX: bets $0.75
Ybarradj1: folds 
Uncalled bet ($0.75) returned to qu4nTuM-fLuX
qu4nTuM-fLuX collected $1.90 from pot
*** SUMMARY ***
Total pot $2 | Rake $0.10 
Board [5c Js Kh]
Seat 1: Mrs_OFFICER? (button) folded before Flop (didn't bet)
Seat 2: Ybarradj1 (small blind) folded on the Flop
Seat 3: qu4nTuM-fLuX (big blind) collected ($1.90)
Seat 4: gowild19 folded before Flop (didn't bet)
Seat 5: KingGraf90 folded before Flop (didn't bet)
Seat 6: ashiXIII folded before Flop (didn't bet)
Seat 7: Felinolog folded before Flop (didn't bet)
Seat 8: Alameda22 folded before Flop (didn't bet)



PokerStars Game #19571872751:  Hold'em No Limit ($0.10/$0.25) - 2008/08/12 - 19:55:14 (ET)
Table 'Kalevala III' 9-max Seat #2 is the button
Seat 1: Mrs_OFFICER? ($15.10 in chips) 
Seat 2: Ybarradj1 ($6.15 in chips) 
Seat 3: qu4nTuM-fLuX ($58.20 in chips) 
Seat 4: gowild19 ($25.35 in chips) 
Seat 5: KingGraf90 ($13.40 in chips) 
Seat 6: ashiXIII ($28 in chips) 
Seat 7: Felinolog ($24.90 in chips) 
Seat 8: Alameda22 ($26.50 in chips) 
qu4nTuM-fLuX: posts small blind $0.10
gowild19: posts big blind $0.25
*** HOLE CARDS ***
Dealt to Alameda22 [7h 7c]
KingGraf90: folds 
ashiXIII: folds 
Felinolog: folds 
Alameda22: folds 
Mrs_OFFICER?: folds 
Ybarradj1: calls $0.25
qu4nTuM-fLuX: folds 
gowild19: checks 
*** FLOP *** [8d Tc 6s]
gowild19: checks 
Ybarradj1: checks 
*** TURN *** [8d Tc 6s] [7d]
gowild19: bets $0.50
Ybarradj1: raises $0.50 to $1
gowild19: calls $0.50
*** RIVER *** [8d Tc 6s 7d] [4d]
gowild19: checks 
Ybarradj1: bets $4.90 and is all-in
gowild19: folds 
Uncalled bet ($4.90) returned to Ybarradj1
Ybarradj1 collected $2.50 from pot
Ybarradj1: doesn't show hand 
*** SUMMARY ***
Total pot $2.60 | Rake $0.10 
Board [8d Tc 6s 7d 4d]
Seat 1: Mrs_OFFICER? folded before Flop (didn't bet)
Seat 2: Ybarradj1 (button) collected ($2.50)
Seat 3: qu4nTuM-fLuX (small blind) folded before Flop
Seat 4: gowild19 (big blind) folded on the River
Seat 5: KingGraf90 folded before Flop (didn't bet)
Seat 6: ashiXIII folded before Flop (didn't bet)
Seat 7: Felinolog folded before Flop (didn't bet)
Seat 8: Alameda22 folded before Flop (didn't bet)



PokerStars Game #19571896503:  Hold'em No Limit ($0.10/$0.25) - 2008/08/12 - 19:56:18 (ET)
Table 'Kalevala III' 9-max Seat #3 is the button
Seat 1: Mrs_OFFICER? ($15.10 in chips) 
Seat 2: Ybarradj1 ($7.40 in chips) 
Seat 3: qu4nTuM-fLuX ($58.10 in chips) 
Seat 4: gowild19 ($24.10 in chips) 
Seat 5: KingGraf90 ($13.40 in chips) 
Seat 6: ashiXIII ($28 in chips) 
Seat 7: Felinolog ($24.90 in chips) 
Seat 8: Alameda22 ($26.50 in chips) 
gowild19: posts small blind $0.10
KingGraf90: posts big blind $0.25
*** HOLE CARDS ***
Dealt to Alameda22 [8s 2d]
ashiXIII: folds 
Felinolog: folds 
Felinolog leaves the table
Alameda22: folds 
Mrs_OFFICER?: folds 
Ybarradj1: folds 
qu4nTuM-fLuX: raises $0.50 to $0.75
gowild19: folds 
KingGraf90: folds 
Uncalled bet ($0.50) returned to qu4nTuM-fLuX
qu4nTuM-fLuX collected $0.60 from pot
qu4nTuM-fLuX: doesn't show hand 
*** SUMMARY ***
Total pot $0.60 | Rake $0 
Seat 1: Mrs_OFFICER? folded before Flop (didn't bet)
Seat 2: Ybarradj1 folded before Flop (didn't bet)
Seat 3: qu4nTuM-fLuX (button) collected ($0.60)
Seat 4: gowild19 (small blind) folded before Flop
Seat 5: KingGraf90 (big blind) folded before Flop
Seat 6: ashiXIII folded before Flop (didn't bet)
Seat 7: Felinolog folded before Flop (didn't bet)
Seat 8: Alameda22 folded before Flop (didn't bet)



PokerStars Game #19571911377:  Hold'em No Limit ($0.10/$0.25) - 2008/08/12 - 19:56:58 (ET)
Table 'Kalevala III' 9-max Seat #4 is the button
Seat 1: Mrs_OFFICER? ($15.10 in chips) 
Seat 2: Ybarradj1 ($7.40 in chips) 
Seat 3: qu4nTuM-fLuX ($58.45 in chips) 
Seat 4: gowild19 ($24 in chips) 
Seat 5: KingGraf90 ($13.15 in chips) 
Seat 6: ashiXIII ($28 in chips) 
Seat 8: Alameda22 ($26.50 in chips) 
KingGraf90: posts small blind $0.10
ashiXIII: posts big blind $0.25
*** HOLE CARDS ***
Dealt to Alameda22 [3h Qc]
Alameda22: folds 
Mrs_OFFICER?: folds 
Ybarradj1: calls $0.25
qu4nTuM-fLuX: calls $0.25
gowild19: folds 
KingGraf90: folds 
ashiXIII: checks 
*** FLOP *** [Td Ac 8d]
ashiXIII: checks 
Ybarradj1: checks 
qu4nTuM-fLuX: bets $0.75
ashiXIII: folds 
Ybarradj1: folds 
Uncalled bet ($0.75) returned to qu4nTuM-fLuX
qu4nTuM-fLuX collected $0.85 from pot
qu4nTuM-fLuX: doesn't show hand 
*** SUMMARY ***
Total pot $0.85 | Rake $0 
Board [Td Ac 8d]
Seat 1: Mrs_OFFICER? folded before Flop (didn't bet)
Seat 2: Ybarradj1 folded on the Flop
Seat 3: qu4nTuM-fLuX collected ($0.85)
Seat 4: gowild19 (button) folded before Flop (didn't bet)
Seat 5: KingGraf90 (small blind) folded before Flop
Seat 6: ashiXIII (big blind) folded on the Flop
Seat 8: Alameda22 folded before Flop (didn't bet)



PokerStars Game #19571938724:  Hold'em No Limit ($0.10/$0.25) - 2008/08/12 - 19:58:10 (ET)
Table 'Kalevala III' 9-max Seat #5 is the button
Seat 1: Mrs_OFFICER? ($15.10 in chips) 
Seat 2: Ybarradj1 ($7.15 in chips) 
Seat 3: qu4nTuM-fLuX ($59.05 in chips) 
Seat 4: gowild19 ($24 in chips) 
Seat 5: KingGraf90 ($13.05 in chips) 
Seat 6: ashiXIII ($27.75 in chips) 
Seat 8: Alameda22 ($26.50 in chips) 
ashiXIII: posts small blind $0.10
Alameda22: posts big blind $0.25
*** HOLE CARDS ***
Dealt to Alameda22 [5h Th]
Mrs_OFFICER?: folds 
Ybarradj1: folds 
qu4nTuM-fLuX: raises $0.75 to $1
gowild19: calls $1
KingGraf90: folds 
KingGraf90 leaves the table
ashiXIII: folds 
Alameda22: folds 
*** FLOP *** [Ah Qc 4s]
qu4nTuM-fLuX: checks 
gowild19: bets $1.75
qu4nTuM-fLuX: folds 
Uncalled bet ($1.75) returned to gowild19
gowild19 collected $2.25 from pot
gowild19: doesn't show hand 
*** SUMMARY ***
Total pot $2.35 | Rake $0.10 
Board [Ah Qc 4s]
Seat 1: Mrs_OFFICER? folded before Flop (didn't bet)
Seat 2: Ybarradj1 folded before Flop (didn't bet)
Seat 3: qu4nTuM-fLuX folded on the Flop
Seat 4: gowild19 collected ($2.25)
Seat 5: KingGraf90 (button) folded before Flop (didn't bet)
Seat 6: ashiXIII (small blind) folded before Flop
Seat 8: Alameda22 (big blind) folded before Flop



PokerStars Game #19571959637:  Hold'em No Limit ($0.10/$0.25) - 2008/08/12 - 19:59:06 (ET)
Table 'Kalevala III' 9-max Seat #6 is the button
Seat 1: Mrs_OFFICER? ($15.10 in chips) 
Seat 2: Ybarradj1 ($7.15 in chips) 
Seat 3: qu4nTuM-fLuX ($58.05 in chips) 
Seat 4: gowild19 ($25.25 in chips) 
Seat 6: ashiXIII ($27.65 in chips) 
Seat 8: Alameda22 ($26.25 in chips) 
Alameda22: posts small blind $0.10
Mrs_OFFICER?: posts big blind $0.25
*** HOLE CARDS ***
Dealt to Alameda22 [Tc 7h]
Ybarradj1: folds 
qu4nTuM-fLuX: folds 
gowild19: calls $0.25
ashiXIII: folds 
Alameda22: folds 
Mrs_OFFICER?: checks 
*** FLOP *** [4s 2s 9s]
Mrs_OFFICER?: checks 
gowild19: checks 
*** TURN *** [4s 2s 9s] [As]
Mrs_OFFICER?: checks 
gowild19: checks 
*** RIVER *** [4s 2s 9s As] [4h]
Mrs_OFFICER?: bets $0.50
gowild19: folds 
Uncalled bet ($0.50) returned to Mrs_OFFICER?
Mrs_OFFICER? collected $0.60 from pot
Mrs_OFFICER?: doesn't show hand 
*** SUMMARY ***
Total pot $0.60 | Rake $0 
Board [4s 2s 9s As 4h]
Seat 1: Mrs_OFFICER? (big blind) collected ($0.60)
Seat 2: Ybarradj1 folded before Flop (didn't bet)
Seat 3: qu4nTuM-fLuX folded before Flop (didn't bet)
Seat 4: gowild19 folded on the River
Seat 6: ashiXIII (button) folded before Flop (didn't bet)
Seat 8: Alameda22 (small blind) folded before Flop



PokerStars Game #19571988506:  Hold'em No Limit ($0.10/$0.25) - 2008/08/12 - 20:00:22 (ET)
Table 'Kalevala III' 9-max Seat #8 is the button
Seat 1: Mrs_OFFICER? ($15.45 in chips) 
Seat 2: Ybarradj1 ($7.15 in chips) 
Seat 3: qu4nTuM-fLuX ($58.05 in chips) 
Seat 4: gowild19 ($25 in chips) 
Seat 6: ashiXIII ($27.65 in chips) 
Seat 8: Alameda22 ($26.15 in chips) 
Mrs_OFFICER?: posts small blind $0.10
Ybarradj1: posts big blind $0.25
*** HOLE CARDS ***
Dealt to Alameda22 [3d 9h]
qu4nTuM-fLuX: raises $0.75 to $1
gowild19: folds 
ashiXIII: folds 
Alameda22: folds 
Mrs_OFFICER?: calls $0.90
Ybarradj1: folds 
*** FLOP *** [7h 9s 4h]
Mrs_OFFICER?: bets $1.50
qu4nTuM-fLuX: folds 
Uncalled bet ($1.50) returned to Mrs_OFFICER?
Mrs_OFFICER? collected $2.15 from pot
Mrs_OFFICER?: doesn't show hand 
*** SUMMARY ***
Total pot $2.25 | Rake $0.10 
Board [7h 9s 4h]
Seat 1: Mrs_OFFICER? (small blind) collected ($2.15)
Seat 2: Ybarradj1 (big blind) folded before Flop
Seat 3: qu4nTuM-fLuX folded on the Flop
Seat 4: gowild19 folded before Flop (didn't bet)
Seat 6: ashiXIII folded before Flop (didn't bet)
Seat 8: Alameda22 (button) folded before Flop (didn't bet)



PokerStars Game #19572003618:  Hold'em No Limit ($0.10/$0.25) - 2008/08/12 - 20:01:02 (ET)
Table 'Kalevala III' 9-max Seat #1 is the button
Seat 1: Mrs_OFFICER? ($16.60 in chips) 
Seat 2: Ybarradj1 ($6.90 in chips) 
Seat 3: qu4nTuM-fLuX ($57.05 in chips) 
Seat 4: gowild19 ($25 in chips) 
Seat 6: ashiXIII ($27.65 in chips) 
Seat 8: Alameda22 ($26.15 in chips) 
Ybarradj1: posts small blind $0.10
qu4nTuM-fLuX: posts big blind $0.25
*** HOLE CARDS ***
Dealt to Alameda22 [Jh 8h]
gowild19: folds 
ashiXIII: folds 
Alameda22: folds 
Mrs_OFFICER?: folds 
Ybarradj1: calls $0.15
qu4nTuM-fLuX: checks 
*** FLOP *** [7h 6c 6d]
Ybarradj1: checks 
qu4nTuM-fLuX: checks 
*** TURN *** [7h 6c 6d] [6h]
Ybarradj1: checks 
qu4nTuM-fLuX: bets $0.50
Ybarradj1: calls $0.50
*** RIVER *** [7h 6c 6d 6h] [Ks]
Ybarradj1: checks 
qu4nTuM-fLuX: bets $0.75
Ybarradj1: raises $1.50 to $2.25
qu4nTuM-fLuX: folds 
Uncalled bet ($1.50) returned to Ybarradj1
Ybarradj1 collected $2.90 from pot
Ybarradj1: doesn't show hand 
*** SUMMARY ***
Total pot $3 | Rake $0.10 
Board [7h 6c 6d 6h Ks]
Seat 1: Mrs_OFFICER? (button) folded before Flop (didn't bet)
Seat 2: Ybarradj1 (small blind) collected ($2.90)
Seat 3: qu4nTuM-fLuX (big blind) folded on the River
Seat 4: gowild19 folded before Flop (didn't bet)
Seat 6: ashiXIII folded before Flop (didn't bet)
Seat 8: Alameda22 folded before Flop (didn't bet)



PokerStars Game #19572031202:  Hold'em No Limit ($0.10/$0.25) - 2008/08/12 - 20:02:15 (ET)
Table 'Kalevala III' 9-max Seat #2 is the button
Seat 1: Mrs_OFFICER? ($16.60 in chips) 
Seat 2: Ybarradj1 ($8.30 in chips) 
Seat 3: qu4nTuM-fLuX ($55.55 in chips) 
Seat 4: gowild19 ($25 in chips) 
Seat 6: ashiXIII ($27.65 in chips) 
Seat 8: Alameda22 ($26.15 in chips) 
qu4nTuM-fLuX: posts small blind $0.10
gowild19: posts big blind $0.25
*** HOLE CARDS ***
Dealt to Alameda22 [Ks 9c]
ashiXIII: folds 
Alameda22: folds 
Mrs_OFFICER?: raises $0.75 to $1
Ybarradj1: folds 
qu4nTuM-fLuX: folds 
gowild19: folds 
Uncalled bet ($0.75) returned to Mrs_OFFICER?
Mrs_OFFICER? collected $0.60 from pot
Mrs_OFFICER?: doesn't show hand 
*** SUMMARY ***
Total pot $0.60 | Rake $0 
Seat 1: Mrs_OFFICER? collected ($0.60)
Seat 2: Ybarradj1 (button) folded before Flop (didn't bet)
Seat 3: qu4nTuM-fLuX (small blind) folded before Flop
Seat 4: gowild19 (big blind) folded before Flop
Seat 6: ashiXIII folded before Flop (didn't bet)
Seat 8: Alameda22 folded before Flop (didn't bet)



PokerStars Game #19572044429:  Hold'em No Limit ($0.10/$0.25) - 2008/08/12 - 20:02:50 (ET)
Table 'Kalevala III' 9-max Seat #3 is the button
Seat 1: Mrs_OFFICER? ($16.95 in chips) 
Seat 2: Ybarradj1 ($8.30 in chips) 
Seat 3: qu4nTuM-fLuX ($55.45 in chips) 
Seat 4: gowild19 ($24.75 in chips) 
Seat 6: ashiXIII ($27.65 in chips) 
Seat 8: Alameda22 ($26.15 in chips) 
gowild19: posts small blind $0.10
ashiXIII: posts big blind $0.25
*** HOLE CARDS ***
Dealt to Alameda22 [Ah Th]
Alameda22: folds 
Mrs_OFFICER?: folds 
Ybarradj1: folds 
qu4nTuM-fLuX: raises $0.50 to $0.75
gowild19: folds 
ashiXIII: calls $0.50
*** FLOP *** [5d 6h 4h]
ashiXIII: bets $0.80
qu4nTuM-fLuX: folds 
Uncalled bet ($0.80) returned to ashiXIII
ashiXIII collected $1.55 from pot
ashiXIII: doesn't show hand 
*** SUMMARY ***
Total pot $1.60 | Rake $0.05 
Board [5d 6h 4h]
Seat 1: Mrs_OFFICER? folded before Flop (didn't bet)
Seat 2: Ybarradj1 folded before Flop (didn't bet)
Seat 3: qu4nTuM-fLuX (button) folded on the Flop
Seat 4: gowild19 (small blind) folded before Flop
Seat 6: ashiXIII (big blind) collected ($1.55)
Seat 8: Alameda22 folded before Flop (didn't bet)



PokerStars Game #19572060796:  Hold'em No Limit ($0.10/$0.25) - 2008/08/12 - 20:03:33 (ET)
Table 'Kalevala III' 9-max Seat #4 is the button
Seat 1: Mrs_OFFICER? ($16.95 in chips) 
Seat 2: Ybarradj1 ($8.30 in chips) 
Seat 3: qu4nTuM-fLuX ($54.70 in chips) 
Seat 4: gowild19 ($24.65 in chips) 
Seat 6: ashiXIII ($28.45 in chips) 
Seat 8: Alameda22 ($26.15 in chips) 
ashiXIII: posts small blind $0.10
Alameda22: posts big blind $0.25
*** HOLE CARDS ***
Dealt to Alameda22 [6h 2c]
Mrs_OFFICER?: folds 
Ybarradj1: calls $0.25
qu4nTuM-fLuX: folds 
gowild19: calls $0.25
ashiXIII: calls $0.15
Alameda22: checks 
*** FLOP *** [Ad 2s 7d]
ashiXIII: checks 
Alameda22: checks 
Ybarradj1: checks 
gowild19: bets $0.75
ashiXIII: folds 
Alameda22: folds 
Ybarradj1: folds 
Uncalled bet ($0.75) returned to gowild19
Ybarradj1 leaves the table
gowild19 collected $0.95 from pot
gowild19: doesn't show hand 
*** SUMMARY ***
Total pot $1 | Rake $0.05 
Board [Ad 2s 7d]
Seat 1: Mrs_OFFICER? folded before Flop (didn't bet)
Seat 2: Ybarradj1 folded on the Flop
Seat 3: qu4nTuM-fLuX folded before Flop (didn't bet)
Seat 4: gowild19 (button) collected ($0.95)
Seat 6: ashiXIII (small blind) folded on the Flop
Seat 8: Alameda22 (big blind) folded on the Flop



PokerStars Game #19572081095:  Hold'em No Limit ($0.10/$0.25) - 2008/08/12 - 20:04:27 (ET)
Table 'Kalevala III' 9-max Seat #6 is the button
Seat 1: Mrs_OFFICER? ($16.95 in chips) 
Seat 3: qu4nTuM-fLuX ($54.70 in chips) 
Seat 4: gowild19 ($25.35 in chips) 
Seat 6: ashiXIII ($28.20 in chips) 
Seat 8: Alameda22 ($25.90 in chips) 
Alameda22: posts small blind $0.10
Mrs_OFFICER?: posts big blind $0.25
*** HOLE CARDS ***
Dealt to Alameda22 [Qd 7c]
qu4nTuM-fLuX: folds 
gowild19: folds 
ashiXIII: folds 
Alameda22: folds 
Uncalled bet ($0.15) returned to Mrs_OFFICER?
Mrs_OFFICER? collected $0.20 from pot
Mrs_OFFICER?: doesn't show hand 
*** SUMMARY ***
Total pot $0.20 | Rake $0 
Seat 1: Mrs_OFFICER? (big blind) collected ($0.20)
Seat 3: qu4nTuM-fLuX folded before Flop (didn't bet)
Seat 4: gowild19 folded before Flop (didn't bet)
Seat 6: ashiXIII (button) folded before Flop (didn't bet)
Seat 8: Alameda22 (small blind) folded before Flop



PokerStars Game #19572095233:  Hold'em No Limit ($0.10/$0.25) - 2008/08/12 - 20:05:05 (ET)
Table 'Kalevala III' 9-max Seat #8 is the button
Seat 1: Mrs_OFFICER? ($17.05 in chips) 
Seat 4: gowild19 ($25.35 in chips) 
Seat 6: ashiXIII ($28.20 in chips) 
Seat 8: Alameda22 ($25.80 in chips) 
Mrs_OFFICER?: posts small blind $0.10
qu4nTuM-fLuX: is sitting out 
gowild19: posts big blind $0.25
*** HOLE CARDS ***
Dealt to Alameda22 [7c 6c]
ashiXIII: folds 
bongman428 joins the table at seat #9 
Alameda22: raises $0.50 to $0.75
Mrs_OFFICER?: folds 
gowild19: folds 
Uncalled bet ($0.50) returned to Alameda22
Alameda22 collected $0.60 from pot
Alameda22: doesn't show hand 
*** SUMMARY ***
Total pot $0.60 | Rake $0 
Seat 1: Mrs_OFFICER? (small blind) folded before Flop
Seat 4: gowild19 (big blind) folded before Flop
Seat 6: ashiXIII folded before Flop (didn't bet)
Seat 8: Alameda22 (button) collected ($0.60)



PokerStars Game #19572107020:  Hold'em No Limit ($0.10/$0.25) - 2008/08/12 - 20:05:37 (ET)
Table 'Kalevala III' 9-max Seat #1 is the button
Seat 1: Mrs_OFFICER? ($16.95 in chips) 
Seat 4: gowild19 ($25.10 in chips) 
Seat 6: ashiXIII ($28.20 in chips) 
Seat 8: Alameda22 ($26.15 in chips) 
Seat 9: bongman428 ($14.15 in chips) 
gowild19: posts small blind $0.10
ashiXIII: posts big blind $0.25
bongman428: posts big blind $0.25
*** HOLE CARDS ***
Dealt to Alameda22 [4s 4c]
Alameda22: calls $0.25
bongman428: checks 
Mrs_OFFICER?: folds 
gowild19: calls $0.15
ashiXIII: checks 
*** FLOP *** [3h 3s 8c]
gowild19: checks 
ashiXIII: checks 
Alameda22: checks 
bongman428: bets $0.75
gowild19: folds 
ashiXIII: folds 
Alameda22: folds 
Uncalled bet ($0.75) returned to bongman428
bongman428 collected $0.95 from pot
bongman428: doesn't show hand 
*** SUMMARY ***
Total pot $1 | Rake $0.05 
Board [3h 3s 8c]
Seat 1: Mrs_OFFICER? (button) folded before Flop (didn't bet)
Seat 4: gowild19 (small blind) folded on the Flop
Seat 6: ashiXIII (big blind) folded on the Flop
Seat 8: Alameda22 folded on the Flop
Seat 9: bongman428 collected ($0.95)



PokerStars Game #19572124499:  Hold'em No Limit ($0.10/$0.25) - 2008/08/12 - 20:06:24 (ET)
Table 'Kalevala III' 9-max Seat #4 is the button
Seat 1: Mrs_OFFICER? ($16.95 in chips) 
Seat 4: gowild19 ($24.85 in chips) 
Seat 6: ashiXIII ($27.95 in chips) 
Seat 8: Alameda22 ($25.90 in chips) 
Seat 9: bongman428 ($14.85 in chips) 
ashiXIII: posts small blind $0.10
Alameda22: posts big blind $0.25
*** HOLE CARDS ***
Dealt to Alameda22 [Kh Js]
bongman428: folds 
Mrs_OFFICER?: raises $0.50 to $0.75
gowild19: folds 
ashiXIII: folds 
Alameda22: folds 
Uncalled bet ($0.50) returned to Mrs_OFFICER?
qu4nTuM-fLuX has returned
Mrs_OFFICER? collected $0.60 from pot
Mrs_OFFICER?: doesn't show hand 
*** SUMMARY ***
Total pot $0.60 | Rake $0 
Seat 1: Mrs_OFFICER? collected ($0.60)
Seat 4: gowild19 (button) folded before Flop (didn't bet)
Seat 6: ashiXIII (small blind) folded before Flop
Seat 8: Alameda22 (big blind) folded before Flop
Seat 9: bongman428 folded before Flop (didn't bet)



PokerStars Game #19572136780:  Hold'em No Limit ($0.10/$0.25) - 2008/08/12 - 20:06:56 (ET)
Table 'Kalevala III' 9-max Seat #6 is the button
Seat 1: Mrs_OFFICER? ($17.30 in chips) 
Seat 4: gowild19 ($24.85 in chips) 
Seat 6: ashiXIII ($27.85 in chips) 
Seat 8: Alameda22 ($25.65 in chips) 
Seat 9: bongman428 ($14.85 in chips) 
Alameda22: posts small blind $0.10
bongman428: posts big blind $0.25
qu4nTuM-fLuX: is sitting out 
*** HOLE CARDS ***
Dealt to Alameda22 [7h 7s]
Mrs_OFFICER?: folds 
gowild19: folds 
ashiXIII: folds 
Alameda22: calls $0.15
bongman428: raises $0.75 to $1
Alameda22: calls $0.75
*** FLOP *** [3c Tc Ah]
Alameda22: checks 
bongman428: bets $2
Alameda22: folds 
Uncalled bet ($2) returned to bongman428
bongman428 collected $1.90 from pot
bongman428: doesn't show hand 
*** SUMMARY ***
Total pot $2 | Rake $0.10 
Board [3c Tc Ah]
Seat 1: Mrs_OFFICER? folded before Flop (didn't bet)
Seat 4: gowild19 folded before Flop (didn't bet)
Seat 6: ashiXIII (button) folded before Flop (didn't bet)
Seat 8: Alameda22 (small blind) folded on the Flop
Seat 9: bongman428 (big blind) collected ($1.90)



PokerStars Game #19572170669:  Hold'em No Limit ($0.10/$0.25) - 2008/08/12 - 20:08:26 (ET)
Table 'Kalevala III' 9-max Seat #8 is the button
Seat 1: Mrs_OFFICER? ($17.30 in chips) 
Seat 4: gowild19 ($24.85 in chips) 
Seat 6: ashiXIII ($27.85 in chips) 
Seat 8: Alameda22 ($24.65 in chips) 
Seat 9: bongman428 ($15.75 in chips) 
bongman428: posts small blind $0.10
Mrs_OFFICER?: posts big blind $0.25
*** HOLE CARDS ***
Dealt to Alameda22 [4c 2c]
gowild19: folds 
ashiXIII: folds 
Alameda22: folds 
bongman428: raises $0.50 to $0.75
qu4nTuM-fLuX leaves the table
Mrs_OFFICER?: folds 
Uncalled bet ($0.50) returned to bongman428
bongman428 collected $0.50 from pot
bongman428: doesn't show hand 
*** SUMMARY ***
Total pot $0.50 | Rake $0 
Seat 1: Mrs_OFFICER? (big blind) folded before Flop
Seat 4: gowild19 folded before Flop (didn't bet)
Seat 6: ashiXIII folded before Flop (didn't bet)
Seat 8: Alameda22 (button) folded before Flop (didn't bet)
Seat 9: bongman428 (small blind) collected ($0.50)



PokerStars Game #19572187400:  Hold'em No Limit ($0.10/$0.25) - 2008/08/12 - 20:09:11 (ET)
Table 'Kalevala III' 9-max Seat #9 is the button
Seat 1: Mrs_OFFICER? ($17.05 in chips) 
Seat 4: gowild19 ($24.85 in chips) 
Seat 6: ashiXIII ($27.85 in chips) 
Seat 8: Alameda22 ($24.65 in chips) 
Seat 9: bongman428 ($16 in chips) 
Mrs_OFFICER?: posts small blind $0.10
gowild19: posts big blind $0.25
*** HOLE CARDS ***
Dealt to Alameda22 [6c 2d]
ashiXIII: folds 
Alameda22: folds 
bongman428: folds 
Mrs_OFFICER?: raises $0.25 to $0.50
gowild19: calls $0.25
*** FLOP *** [4c Kd Jd]
Mrs_OFFICER?: bets $0.75
gowild19: folds 
Uncalled bet ($0.75) returned to Mrs_OFFICER?
Mrs_OFFICER? collected $0.95 from pot
Mrs_OFFICER?: doesn't show hand 
*** SUMMARY ***
Total pot $1 | Rake $0.05 
Board [4c Kd Jd]
Seat 1: Mrs_OFFICER? (small blind) collected ($0.95)
Seat 4: gowild19 (big blind) folded on the Flop
Seat 6: ashiXIII folded before Flop (didn't bet)
Seat 8: Alameda22 folded before Flop (didn't bet)
Seat 9: bongman428 (button) folded before Flop (didn't bet)



