PokerStars Game #20022676994:  Hold'em No Limit ($0.10/$0.25) - 2008/08/30 - 18:31:33 (ET)
Table 'Peitho III' 9-max Seat #1 is the button
Seat 1: Methrik ($12.70 in chips) 
Seat 2: helios25 ($52.20 in chips) 
Seat 3: McCdaddy31 ($15 in chips) 
Seat 4: andywt ($16.45 in chips) 
Seat 5: eljiji59 ($40.30 in chips) 
Seat 6: robinwhy ($30.20 in chips) 
Seat 7: g.villeneuve ($18.45 in chips) 
Seat 8: timleery ($21.70 in chips) 
Seat 9: Alameda22 ($25 in chips) 
helios25: posts small blind $0.10
McCdaddy31: posts big blind $0.25
Alameda22: posts big blind $0.25
*** HOLE CARDS ***
Dealt to Alameda22 [6c Kc]
andywt: calls $0.25
eljiji59: folds 
robinwhy: calls $0.25
g.villeneuve: folds 
timleery: folds 
Alameda22: checks 
Methrik: raises $1 to $1.25
helios25: folds 
McCdaddy31: folds 
andywt: calls $1
robinwhy: folds 
Alameda22: folds 
*** FLOP *** [9d 5h 6h]
andywt: checks 
Methrik: bets $1.75
andywt: folds 
Uncalled bet ($1.75) returned to Methrik
Methrik collected $3.20 from pot
*** SUMMARY ***
Total pot $3.35 | Rake $0.15 
Board [9d 5h 6h]
Seat 1: Methrik (button) collected ($3.20)
Seat 2: helios25 (small blind) folded before Flop
Seat 3: McCdaddy31 (big blind) folded before Flop
Seat 4: andywt folded on the Flop
Seat 5: eljiji59 folded before Flop (didn't bet)
Seat 6: robinwhy folded before Flop
Seat 7: g.villeneuve folded before Flop (didn't bet)
Seat 8: timleery folded before Flop (didn't bet)
Seat 9: Alameda22 folded before Flop



PokerStars Game #20022702181:  Hold'em No Limit ($0.10/$0.25) - 2008/08/30 - 18:32:44 (ET)
Table 'Peitho III' 9-max Seat #2 is the button
Seat 1: Methrik ($14.65 in chips) 
Seat 2: helios25 ($52.10 in chips) 
Seat 3: McCdaddy31 ($14.75 in chips) 
Seat 4: andywt ($15.20 in chips) 
Seat 5: eljiji59 ($40.30 in chips) 
Seat 6: robinwhy ($29.95 in chips) 
Seat 7: g.villeneuve ($18.45 in chips) 
Seat 8: timleery ($21.70 in chips) 
Seat 9: Alameda22 ($24.75 in chips) 
McCdaddy31: posts small blind $0.10
andywt: posts big blind $0.25
*** HOLE CARDS ***
Dealt to Alameda22 [5c Jd]
eljiji59: folds 
robinwhy: folds 
g.villeneuve: folds 
timleery: folds 
Alameda22: folds 
Methrik: calls $0.25
helios25: folds 
McCdaddy31: calls $0.15
andywt: checks 
*** FLOP *** [8d 8s Ad]
McCdaddy31: checks 
andywt: checks 
Methrik: checks 
*** TURN *** [8d 8s Ad] [4h]
McCdaddy31: bets $0.50
andywt: folds 
Methrik: calls $0.50
*** RIVER *** [8d 8s Ad 4h] [7h]
McCdaddy31: checks 
Methrik: bets $1
McCdaddy31: folds 
Uncalled bet ($1) returned to Methrik
Methrik collected $1.70 from pot
Methrik: doesn't show hand 
*** SUMMARY ***
Total pot $1.75 | Rake $0.05 
Board [8d 8s Ad 4h 7h]
Seat 1: Methrik collected ($1.70)
Seat 2: helios25 (button) folded before Flop (didn't bet)
Seat 3: McCdaddy31 (small blind) folded on the River
Seat 4: andywt (big blind) folded on the Turn
Seat 5: eljiji59 folded before Flop (didn't bet)
Seat 6: robinwhy folded before Flop (didn't bet)
Seat 7: g.villeneuve folded before Flop (didn't bet)
Seat 8: timleery folded before Flop (didn't bet)
Seat 9: Alameda22 folded before Flop (didn't bet)



PokerStars Game #20022728987:  Hold'em No Limit ($0.10/$0.25) - 2008/08/30 - 18:33:59 (ET)
Table 'Peitho III' 9-max Seat #3 is the button
Seat 1: Methrik ($15.60 in chips) 
Seat 2: helios25 ($52.10 in chips) 
Seat 3: McCdaddy31 ($14 in chips) 
Seat 4: andywt ($14.95 in chips) 
Seat 5: eljiji59 ($40.30 in chips) 
Seat 6: robinwhy ($29.95 in chips) 
Seat 7: g.villeneuve ($18.45 in chips) 
Seat 8: timleery ($21.70 in chips) 
Seat 9: Alameda22 ($24.75 in chips) 
andywt: posts small blind $0.10
eljiji59: posts big blind $0.25
*** HOLE CARDS ***
Dealt to Alameda22 [Ad Kd]
robinwhy: folds 
g.villeneuve: raises $0.25 to $0.50
timleery: folds 
Alameda22: raises $1.50 to $2
Methrik: folds 
helios25: folds 
McCdaddy31: folds 
andywt has timed out
andywt: folds 
andywt is sitting out
eljiji59: folds 
g.villeneuve: folds 
Uncalled bet ($1.50) returned to Alameda22
Alameda22 collected $1.35 from pot
Alameda22: doesn't show hand 
*** SUMMARY ***
Total pot $1.35 | Rake $0 
Seat 1: Methrik folded before Flop (didn't bet)
Seat 2: helios25 folded before Flop (didn't bet)
Seat 3: McCdaddy31 (button) folded before Flop (didn't bet)
Seat 4: andywt (small blind) folded before Flop
Seat 5: eljiji59 (big blind) folded before Flop
Seat 6: robinwhy folded before Flop (didn't bet)
Seat 7: g.villeneuve folded before Flop
Seat 8: timleery folded before Flop (didn't bet)
Seat 9: Alameda22 collected ($1.35)



PokerStars Game #20022775201:  Hold'em No Limit ($0.10/$0.25) - 2008/08/30 - 18:36:08 (ET)
Table 'Peitho III' 9-max Seat #5 is the button
Seat 1: Methrik ($15.60 in chips) 
Seat 2: helios25 ($52.10 in chips) 
Seat 3: McCdaddy31 ($14 in chips) 
Seat 5: eljiji59 ($40.05 in chips) 
Seat 6: robinwhy ($29.95 in chips) 
Seat 7: g.villeneuve ($17.95 in chips) 
Seat 8: timleery ($21.70 in chips) 
Seat 9: Alameda22 ($25.60 in chips) 
robinwhy: posts small blind $0.10
g.villeneuve: posts big blind $0.25
*** HOLE CARDS ***
Dealt to Alameda22 [3h 5h]
timleery: raises $0.50 to $0.75
Alameda22: folds 
Methrik: folds 
helios25: folds 
McCdaddy31: folds 
eljiji59: folds 
robinwhy: folds 
g.villeneuve: folds 
Uncalled bet ($0.50) returned to timleery
timleery collected $0.60 from pot
*** SUMMARY ***
Total pot $0.60 | Rake $0 
Seat 1: Methrik folded before Flop (didn't bet)
Seat 2: helios25 folded before Flop (didn't bet)
Seat 3: McCdaddy31 folded before Flop (didn't bet)
Seat 5: eljiji59 (button) folded before Flop (didn't bet)
Seat 6: robinwhy (small blind) folded before Flop
Seat 7: g.villeneuve (big blind) folded before Flop
Seat 8: timleery collected ($0.60)
Seat 9: Alameda22 folded before Flop (didn't bet)



PokerStars Game #20022784925:  Hold'em No Limit ($0.10/$0.25) - 2008/08/30 - 18:36:36 (ET)
Table 'Peitho III' 9-max Seat #6 is the button
Seat 1: Methrik ($15.60 in chips) 
Seat 2: helios25 ($52.10 in chips) 
Seat 3: McCdaddy31 ($14 in chips) 
Seat 5: eljiji59 ($40.05 in chips) 
Seat 6: robinwhy ($29.85 in chips) 
Seat 7: g.villeneuve ($17.70 in chips) 
Seat 8: timleery ($22.05 in chips) 
Seat 9: Alameda22 ($25.60 in chips) 
g.villeneuve: posts small blind $0.10
timleery: posts big blind $0.25
*** HOLE CARDS ***
Dealt to Alameda22 [Ah 8s]
Alameda22: folds 
Methrik: folds 
andywt has returned
helios25: folds 
andywt leaves the table
McCdaddy31: folds 
eljiji59: calls $0.25
robinwhy: folds 
g.villeneuve: calls $0.15
timleery: checks 
*** FLOP *** [6c Th 2h]
g.villeneuve: checks 
timleery: checks 
eljiji59: checks 
*** TURN *** [6c Th 2h] [Ac]
g.villeneuve: checks 
timleery: checks 
eljiji59: checks 
*** RIVER *** [6c Th 2h Ac] [4d]
g.villeneuve: checks 
timleery: checks 
eljiji59: checks 
*** SHOW DOWN ***
g.villeneuve: shows [9d Qc] (high card Ace)
timleery: mucks hand 
eljiji59: mucks hand 
nprtree joins the table at seat #4 
g.villeneuve collected $0.75 from pot
*** SUMMARY ***
Total pot $0.75 | Rake $0 
Board [6c Th 2h Ac 4d]
Seat 1: Methrik folded before Flop (didn't bet)
Seat 2: helios25 folded before Flop (didn't bet)
Seat 3: McCdaddy31 folded before Flop (didn't bet)
Seat 5: eljiji59 mucked [8d 7d]
Seat 6: robinwhy (button) folded before Flop (didn't bet)
Seat 7: g.villeneuve (small blind) showed [9d Qc] and won ($0.75) with high card Ace
Seat 8: timleery (big blind) mucked [5d 7c]
Seat 9: Alameda22 folded before Flop (didn't bet)



PokerStars Game #20022809591:  Hold'em No Limit ($0.10/$0.25) - 2008/08/30 - 18:37:44 (ET)
Table 'Peitho III' 9-max Seat #7 is the button
Seat 1: Methrik ($15.60 in chips) 
Seat 2: helios25 ($52.10 in chips) 
Seat 3: McCdaddy31 ($14 in chips) 
Seat 5: eljiji59 ($39.80 in chips) 
Seat 6: robinwhy ($29.85 in chips) 
Seat 7: g.villeneuve ($18.20 in chips) 
Seat 8: timleery ($21.80 in chips) 
Seat 9: Alameda22 ($25.60 in chips) 
timleery: posts small blind $0.10
Alameda22: posts big blind $0.25
nprtree: sits out 
*** HOLE CARDS ***
Dealt to Alameda22 [6s Ad]
Methrik: folds 
helios25: folds 
McCdaddy31: calls $0.25
eljiji59: folds 
eljiji59 is sitting out
robinwhy: calls $0.25
g.villeneuve: folds 
timleery: folds 
Alameda22: checks 
*** FLOP *** [Th Td 3s]
Alameda22: checks 
McCdaddy31: checks 
robinwhy: bets $0.75
Alameda22: folds 
McCdaddy31: folds 
Uncalled bet ($0.75) returned to robinwhy
robinwhy collected $0.85 from pot
robinwhy: doesn't show hand 
*** SUMMARY ***
Total pot $0.85 | Rake $0 
Board [Th Td 3s]
Seat 1: Methrik folded before Flop (didn't bet)
Seat 2: helios25 folded before Flop (didn't bet)
Seat 3: McCdaddy31 folded on the Flop
Seat 5: eljiji59 folded before Flop (didn't bet)
Seat 6: robinwhy collected ($0.85)
Seat 7: g.villeneuve (button) folded before Flop (didn't bet)
Seat 8: timleery (small blind) folded before Flop
Seat 9: Alameda22 (big blind) folded on the Flop



PokerStars Game #20022833007:  Hold'em No Limit ($0.10/$0.25) - 2008/08/30 - 18:38:48 (ET)
Table 'Peitho III' 9-max Seat #8 is the button
Seat 1: Methrik ($15.60 in chips) 
Seat 2: helios25 ($52.10 in chips) 
Seat 3: McCdaddy31 ($13.75 in chips) 
Seat 6: robinwhy ($30.45 in chips) 
Seat 7: g.villeneuve ($18.20 in chips) 
Seat 8: timleery ($21.70 in chips) 
Seat 9: Alameda22 ($25.35 in chips) 
Alameda22: posts small blind $0.10
Methrik: posts big blind $0.25
nprtree: sits out 
*** HOLE CARDS ***
Dealt to Alameda22 [5d 3c]
helios25: folds 
McCdaddy31: calls $0.25
robinwhy: folds 
g.villeneuve: folds 
timleery: folds 
Alameda22: folds 
Methrik: checks 
*** FLOP *** [6s Jd Qh]
Methrik: checks 
McCdaddy31: bets $0.50
Methrik: folds 
Uncalled bet ($0.50) returned to McCdaddy31
McCdaddy31 collected $0.60 from pot
McCdaddy31: doesn't show hand 
*** SUMMARY ***
Total pot $0.60 | Rake $0 
Board [6s Jd Qh]
Seat 1: Methrik (big blind) folded on the Flop
Seat 2: helios25 folded before Flop (didn't bet)
Seat 3: McCdaddy31 collected ($0.60)
Seat 6: robinwhy folded before Flop (didn't bet)
Seat 7: g.villeneuve folded before Flop (didn't bet)
Seat 8: timleery (button) folded before Flop (didn't bet)
Seat 9: Alameda22 (small blind) folded before Flop



PokerStars Game #20022847245:  Hold'em No Limit ($0.10/$0.25) - 2008/08/30 - 18:39:26 (ET)
Table 'Peitho III' 9-max Seat #9 is the button
Seat 1: Methrik ($15.35 in chips) 
Seat 2: helios25 ($52.10 in chips) 
Seat 3: McCdaddy31 ($14.10 in chips) 
Seat 6: robinwhy ($30.45 in chips) 
Seat 7: g.villeneuve ($18.20 in chips) 
Seat 8: timleery ($21.70 in chips) 
Seat 9: Alameda22 ($25.25 in chips) 
Methrik: posts small blind $0.10
helios25: posts big blind $0.25
nprtree: sits out 
*** HOLE CARDS ***
Dealt to Alameda22 [6d 9c]
McCdaddy31: folds 
robinwhy: folds 
g.villeneuve: calls $0.25
timleery: folds 
Alameda22: folds 
Methrik: calls $0.15
helios25: checks 
*** FLOP *** [5c Qh 3c]
Methrik: checks 
helios25: checks 
g.villeneuve: checks 
*** TURN *** [5c Qh 3c] [7d]
Methrik: bets $0.50
helios25: folds 
g.villeneuve: folds 
Uncalled bet ($0.50) returned to Methrik
Methrik collected $0.75 from pot
Methrik: doesn't show hand 
*** SUMMARY ***
Total pot $0.75 | Rake $0 
Board [5c Qh 3c 7d]
Seat 1: Methrik (small blind) collected ($0.75)
Seat 2: helios25 (big blind) folded on the Turn
Seat 3: McCdaddy31 folded before Flop (didn't bet)
Seat 6: robinwhy folded before Flop (didn't bet)
Seat 7: g.villeneuve folded on the Turn
Seat 8: timleery folded before Flop (didn't bet)
Seat 9: Alameda22 (button) folded before Flop (didn't bet)



PokerStars Game #20022879407:  Hold'em No Limit ($0.10/$0.25) - 2008/08/30 - 18:40:54 (ET)
Table 'Peitho III' 9-max Seat #1 is the button
Seat 1: Methrik ($15.85 in chips) 
Seat 2: helios25 ($51.85 in chips) 
Seat 3: McCdaddy31 ($14.10 in chips) 
Seat 6: robinwhy ($30.45 in chips) 
Seat 7: g.villeneuve ($17.95 in chips) 
Seat 8: timleery ($21.70 in chips) 
Seat 9: Alameda22 ($25.25 in chips) 
helios25: posts small blind $0.10
McCdaddy31: posts big blind $0.25
nprtree: sits out 
*** HOLE CARDS ***
Dealt to Alameda22 [5c 7h]
robinwhy: folds 
g.villeneuve: folds 
timleery: raises $0.50 to $0.75
Alameda22: folds 
Methrik: folds 
helios25: folds 
McCdaddy31: folds 
Uncalled bet ($0.50) returned to timleery
timleery collected $0.60 from pot
timleery: doesn't show hand 
*** SUMMARY ***
Total pot $0.60 | Rake $0 
Seat 1: Methrik (button) folded before Flop (didn't bet)
Seat 2: helios25 (small blind) folded before Flop
Seat 3: McCdaddy31 (big blind) folded before Flop
Seat 6: robinwhy folded before Flop (didn't bet)
Seat 7: g.villeneuve folded before Flop (didn't bet)
Seat 8: timleery collected ($0.60)
Seat 9: Alameda22 folded before Flop (didn't bet)



PokerStars Game #20022892523:  Hold'em No Limit ($0.10/$0.25) - 2008/08/30 - 18:41:30 (ET)
Table 'Peitho III' 9-max Seat #2 is the button
Seat 1: Methrik ($15.85 in chips) 
Seat 2: helios25 ($51.75 in chips) 
Seat 3: McCdaddy31 ($13.85 in chips) 
Seat 4: nprtree ($25 in chips) 
Seat 6: robinwhy ($30.45 in chips) 
Seat 7: g.villeneuve ($17.95 in chips) 
Seat 8: timleery ($22.05 in chips) 
Seat 9: Alameda22 ($25.25 in chips) 
McCdaddy31: posts small blind $0.10
nprtree: posts big blind $0.25
*** HOLE CARDS ***
Dealt to Alameda22 [Td 2h]
robinwhy: folds 
g.villeneuve: raises $0.25 to $0.50
timleery: folds 
Alameda22: folds 
Methrik: folds 
helios25: calls $0.50
McCdaddy31: folds 
nprtree: folds 
*** FLOP *** [9h Js Kc]
g.villeneuve: bets $0.25
helios25: folds 
Uncalled bet ($0.25) returned to g.villeneuve
g.villeneuve collected $1.30 from pot
*** SUMMARY ***
Total pot $1.35 | Rake $0.05 
Board [9h Js Kc]
Seat 1: Methrik folded before Flop (didn't bet)
Seat 2: helios25 (button) folded on the Flop
Seat 3: McCdaddy31 (small blind) folded before Flop
Seat 4: nprtree (big blind) folded before Flop
Seat 6: robinwhy folded before Flop (didn't bet)
Seat 7: g.villeneuve collected ($1.30)
Seat 8: timleery folded before Flop (didn't bet)
Seat 9: Alameda22 folded before Flop (didn't bet)



PokerStars Game #20022912669:  Hold'em No Limit ($0.10/$0.25) - 2008/08/30 - 18:42:25 (ET)
Table 'Peitho III' 9-max Seat #3 is the button
Seat 1: Methrik ($15.85 in chips) 
Seat 2: helios25 ($51.25 in chips) 
Seat 3: McCdaddy31 ($13.75 in chips) 
Seat 4: nprtree ($24.75 in chips) 
Seat 6: robinwhy ($30.45 in chips) 
Seat 7: g.villeneuve ($18.75 in chips) 
Seat 8: timleery ($22.05 in chips) 
Seat 9: Alameda22 ($25.25 in chips) 
nprtree: posts small blind $0.10
robinwhy: posts big blind $0.25
*** HOLE CARDS ***
Dealt to Alameda22 [Kd Ah]
g.villeneuve: raises $0.25 to $0.50
timleery: folds 
Alameda22: raises $1.50 to $2
Methrik: folds 
helios25: folds 
McCdaddy31: folds 
nprtree: folds 
robinwhy: folds 
g.villeneuve: calls $1.50
*** FLOP *** [Jd Js 9h]
g.villeneuve: bets $1
Alameda22: calls $1
*** TURN *** [Jd Js 9h] [Ks]
g.villeneuve: bets $1
Alameda22: calls $1
*** RIVER *** [Jd Js 9h Ks] [8c]
g.villeneuve: checks 
Alameda22: bets $4
g.villeneuve: folds 
Uncalled bet ($4) returned to Alameda22
Alameda22 collected $7.95 from pot
Alameda22: doesn't show hand 
*** SUMMARY ***
Total pot $8.35 | Rake $0.40 
Board [Jd Js 9h Ks 8c]
Seat 1: Methrik folded before Flop (didn't bet)
Seat 2: helios25 folded before Flop (didn't bet)
Seat 3: McCdaddy31 (button) folded before Flop (didn't bet)
Seat 4: nprtree (small blind) folded before Flop
Seat 6: robinwhy (big blind) folded before Flop
Seat 7: g.villeneuve folded on the River
Seat 8: timleery folded before Flop (didn't bet)
Seat 9: Alameda22 collected ($7.95)



PokerStars Game #20022945277:  Hold'em No Limit ($0.10/$0.25) - 2008/08/30 - 18:43:53 (ET)
Table 'Peitho III' 9-max Seat #4 is the button
Seat 1: Methrik ($15.85 in chips) 
Seat 2: helios25 ($51.25 in chips) 
Seat 3: McCdaddy31 ($13.75 in chips) 
Seat 4: nprtree ($24.65 in chips) 
Seat 6: robinwhy ($30.20 in chips) 
Seat 7: g.villeneuve ($14.75 in chips) 
Seat 8: timleery ($22.05 in chips) 
Seat 9: Alameda22 ($29.20 in chips) 
robinwhy: posts small blind $0.10
g.villeneuve: posts big blind $0.25
*** HOLE CARDS ***
Dealt to Alameda22 [7d 2h]
timleery: folds 
eljiji59 has returned
Alameda22: folds 
Methrik: raises $0.50 to $0.75
helios25: folds 
McCdaddy31: folds 
nprtree: folds 
robinwhy: folds 
g.villeneuve: calls $0.50
*** FLOP *** [5h 3h Ks]
g.villeneuve: bets $0.50
Methrik: calls $0.50
*** TURN *** [5h 3h Ks] [As]
g.villeneuve: bets $0.25
Methrik: calls $0.25
*** RIVER *** [5h 3h Ks As] [Kh]
g.villeneuve: bets $5
Methrik: folds 
Uncalled bet ($5) returned to g.villeneuve
g.villeneuve collected $2.95 from pot
*** SUMMARY ***
Total pot $3.10 | Rake $0.15 
Board [5h 3h Ks As Kh]
Seat 1: Methrik folded on the River
Seat 2: helios25 folded before Flop (didn't bet)
Seat 3: McCdaddy31 folded before Flop (didn't bet)
Seat 4: nprtree (button) folded before Flop (didn't bet)
Seat 6: robinwhy (small blind) folded before Flop
Seat 7: g.villeneuve (big blind) collected ($2.95)
Seat 8: timleery folded before Flop (didn't bet)
Seat 9: Alameda22 folded before Flop (didn't bet)



PokerStars Game #20022972294:  Hold'em No Limit ($0.10/$0.25) - 2008/08/30 - 18:45:08 (ET)
Table 'Peitho III' 9-max Seat #6 is the button
Seat 1: Methrik ($14.35 in chips) 
Seat 2: helios25 ($51.25 in chips) 
Seat 3: McCdaddy31 ($13.75 in chips) 
Seat 4: nprtree ($24.65 in chips) 
Seat 5: eljiji59 ($39.80 in chips) 
Seat 6: robinwhy ($30.10 in chips) 
Seat 7: g.villeneuve ($16.20 in chips) 
Seat 8: timleery ($22.05 in chips) 
Seat 9: Alameda22 ($29.20 in chips) 
g.villeneuve: posts small blind $0.10
timleery: posts big blind $0.25
eljiji59: posts small & big blinds $0.35
*** HOLE CARDS ***
Dealt to Alameda22 [4h 3h]
Alameda22: folds 
Methrik: calls $0.25
helios25: folds 
McCdaddy31: folds 
nprtree: folds 
eljiji59: checks 
robinwhy: folds 
g.villeneuve: calls $0.15
timleery: checks 
*** FLOP *** [As 2s Kc]
g.villeneuve: checks 
timleery: checks 
Methrik: bets $0.50
eljiji59: calls $0.50
g.villeneuve: calls $0.50
timleery: folds 
*** TURN *** [As 2s Kc] [Ts]
g.villeneuve: bets $0.50
Methrik: calls $0.50
eljiji59: folds 
*** RIVER *** [As 2s Kc Ts] [Th]
g.villeneuve: checks 
Methrik: checks 
*** SHOW DOWN ***
g.villeneuve: shows [Qs 2c] (two pair, Tens and Deuces)
Methrik: shows [5s Ah] (two pair, Aces and Tens)
Methrik collected $3.45 from pot
*** SUMMARY ***
Total pot $3.60 | Rake $0.15 
Board [As 2s Kc Ts Th]
Seat 1: Methrik showed [5s Ah] and won ($3.45) with two pair, Aces and Tens
Seat 2: helios25 folded before Flop (didn't bet)
Seat 3: McCdaddy31 folded before Flop (didn't bet)
Seat 4: nprtree folded before Flop (didn't bet)
Seat 5: eljiji59 folded on the Turn
Seat 6: robinwhy (button) folded before Flop (didn't bet)
Seat 7: g.villeneuve (small blind) showed [Qs 2c] and lost with two pair, Tens and Deuces
Seat 8: timleery (big blind) folded on the Flop
Seat 9: Alameda22 folded before Flop (didn't bet)



PokerStars Game #20023013090:  Hold'em No Limit ($0.10/$0.25) - 2008/08/30 - 18:47:00 (ET)
Table 'Peitho III' 9-max Seat #7 is the button
Seat 1: Methrik ($16.55 in chips) 
Seat 2: helios25 ($51.25 in chips) 
Seat 3: McCdaddy31 ($13.75 in chips) 
Seat 4: nprtree ($24.65 in chips) 
Seat 5: eljiji59 ($38.95 in chips) 
Seat 6: robinwhy ($30.10 in chips) 
Seat 7: g.villeneuve ($14.95 in chips) 
Seat 8: timleery ($21.80 in chips) 
Seat 9: Alameda22 ($29.20 in chips) 
timleery: posts small blind $0.10
Alameda22: posts big blind $0.25
*** HOLE CARDS ***
Dealt to Alameda22 [9s 2c]
Methrik: calls $0.25
helios25: folds 
McCdaddy31: folds 
nprtree: folds 
eljiji59: folds 
robinwhy: calls $0.25
g.villeneuve: folds 
timleery: folds 
Alameda22: checks 
*** FLOP *** [5s 6s 6h]
Alameda22: checks 
Methrik: bets $0.50
robinwhy: folds 
Alameda22: folds 
Uncalled bet ($0.50) returned to Methrik
Methrik collected $0.85 from pot
Methrik: doesn't show hand 
*** SUMMARY ***
Total pot $0.85 | Rake $0 
Board [5s 6s 6h]
Seat 1: Methrik collected ($0.85)
Seat 2: helios25 folded before Flop (didn't bet)
Seat 3: McCdaddy31 folded before Flop (didn't bet)
Seat 4: nprtree folded before Flop (didn't bet)
Seat 5: eljiji59 folded before Flop (didn't bet)
Seat 6: robinwhy folded on the Flop
Seat 7: g.villeneuve (button) folded before Flop (didn't bet)
Seat 8: timleery (small blind) folded before Flop
Seat 9: Alameda22 (big blind) folded on the Flop



PokerStars Game #20023037608:  Hold'em No Limit ($0.10/$0.25) - 2008/08/30 - 18:48:07 (ET)
Table 'Peitho III' 9-max Seat #8 is the button
Seat 1: Methrik ($17.15 in chips) 
Seat 2: helios25 ($51.25 in chips) 
Seat 3: McCdaddy31 ($13.75 in chips) 
Seat 4: nprtree ($24.65 in chips) 
Seat 5: eljiji59 ($38.95 in chips) 
Seat 6: robinwhy ($29.85 in chips) 
Seat 7: g.villeneuve ($14.95 in chips) 
Seat 8: timleery ($21.70 in chips) 
Seat 9: Alameda22 ($28.95 in chips) 
Alameda22: posts small blind $0.10
Methrik: posts big blind $0.25
*** HOLE CARDS ***
Dealt to Alameda22 [4c Qc]
helios25: raises $0.75 to $1
McCdaddy31: folds 
nprtree: folds 
eljiji59: folds 
robinwhy: folds 
g.villeneuve: folds 
timleery: calls $1
Alameda22: folds 
Methrik: folds 
*** FLOP *** [7d 2s 2c]
helios25: checks 
timleery: bets $1
helios25: folds 
Uncalled bet ($1) returned to timleery
timleery collected $2.25 from pot
timleery: doesn't show hand 
*** SUMMARY ***
Total pot $2.35 | Rake $0.10 
Board [7d 2s 2c]
Seat 1: Methrik (big blind) folded before Flop
Seat 2: helios25 folded on the Flop
Seat 3: McCdaddy31 folded before Flop (didn't bet)
Seat 4: nprtree folded before Flop (didn't bet)
Seat 5: eljiji59 folded before Flop (didn't bet)
Seat 6: robinwhy folded before Flop (didn't bet)
Seat 7: g.villeneuve folded before Flop (didn't bet)
Seat 8: timleery (button) collected ($2.25)
Seat 9: Alameda22 (small blind) folded before Flop



PokerStars Game #20023060641:  Hold'em No Limit ($0.10/$0.25) - 2008/08/30 - 18:49:10 (ET)
Table 'Peitho III' 9-max Seat #9 is the button
Seat 1: Methrik ($16.90 in chips) 
Seat 2: helios25 ($50.25 in chips) 
Seat 3: McCdaddy31 ($13.75 in chips) 
Seat 4: nprtree ($24.65 in chips) 
Seat 5: eljiji59 ($38.95 in chips) 
Seat 6: robinwhy ($29.85 in chips) 
Seat 7: g.villeneuve ($14.95 in chips) 
Seat 8: timleery ($22.95 in chips) 
Seat 9: Alameda22 ($28.85 in chips) 
Methrik: posts small blind $0.10
helios25: posts big blind $0.25
*** HOLE CARDS ***
Dealt to Alameda22 [8d 8s]
McCdaddy31: calls $0.25
nprtree: folds 
eljiji59: folds 
robinwhy: folds 
g.villeneuve: folds 
timleery: folds 
Alameda22: calls $0.25
Methrik: calls $0.15
helios25: checks 
*** FLOP *** [2c 7h Qs]
Methrik: checks 
helios25: checks 
McCdaddy31: checks 
Alameda22: checks 
*** TURN *** [2c 7h Qs] [3c]
Methrik: bets $0.50
helios25: folds 
McCdaddy31: folds 
Alameda22: calls $0.50
*** RIVER *** [2c 7h Qs 3c] [Td]
Methrik: bets $0.75
Alameda22: calls $0.75
*** SHOW DOWN ***
Methrik: shows [9d 7s] (a pair of Sevens)
Alameda22: shows [8d 8s] (a pair of Eights)
Alameda22 collected $3.35 from pot
*** SUMMARY ***
Total pot $3.50 | Rake $0.15 
Board [2c 7h Qs 3c Td]
Seat 1: Methrik (small blind) showed [9d 7s] and lost with a pair of Sevens
Seat 2: helios25 (big blind) folded on the Turn
Seat 3: McCdaddy31 folded on the Turn
Seat 4: nprtree folded before Flop (didn't bet)
Seat 5: eljiji59 folded before Flop (didn't bet)
Seat 6: robinwhy folded before Flop (didn't bet)
Seat 7: g.villeneuve folded before Flop (didn't bet)
Seat 8: timleery folded before Flop (didn't bet)
Seat 9: Alameda22 (button) showed [8d 8s] and won ($3.35) with a pair of Eights



PokerStars Game #20023104344:  Hold'em No Limit ($0.10/$0.25) - 2008/08/30 - 18:51:10 (ET)
Table 'Peitho III' 9-max Seat #1 is the button
Seat 1: Methrik ($15.40 in chips) 
Seat 2: helios25 ($50 in chips) 
Seat 3: McCdaddy31 ($13.50 in chips) 
Seat 4: nprtree ($24.65 in chips) 
Seat 5: eljiji59 ($38.95 in chips) 
Seat 6: robinwhy ($29.85 in chips) 
Seat 7: g.villeneuve ($14.95 in chips) 
Seat 8: timleery ($22.95 in chips) 
Seat 9: Alameda22 ($30.70 in chips) 
helios25: posts small blind $0.10
McCdaddy31: posts big blind $0.25
*** HOLE CARDS ***
Dealt to Alameda22 [4s 2c]
nprtree: folds 
eljiji59: calls $0.25
robinwhy: folds 
g.villeneuve: raises $0.25 to $0.50
timleery: folds 
Alameda22: folds 
Methrik: calls $0.50
helios25: folds 
McCdaddy31: folds 
eljiji59: calls $0.25
*** FLOP *** [2d 2s Kh]
eljiji59: bets $1
g.villeneuve: folds 
Methrik: folds 
Uncalled bet ($1) returned to eljiji59
eljiji59 collected $1.80 from pot
eljiji59: doesn't show hand 
*** SUMMARY ***
Total pot $1.85 | Rake $0.05 
Board [2d 2s Kh]
Seat 1: Methrik (button) folded on the Flop
Seat 2: helios25 (small blind) folded before Flop
Seat 3: McCdaddy31 (big blind) folded before Flop
Seat 4: nprtree folded before Flop (didn't bet)
Seat 5: eljiji59 collected ($1.80)
Seat 6: robinwhy folded before Flop (didn't bet)
Seat 7: g.villeneuve folded on the Flop
Seat 8: timleery folded before Flop (didn't bet)
Seat 9: Alameda22 folded before Flop (didn't bet)



PokerStars Game #20023131693:  Hold'em No Limit ($0.10/$0.25) - 2008/08/30 - 18:52:25 (ET)
Table 'Peitho III' 9-max Seat #2 is the button
Seat 1: Methrik ($14.90 in chips) 
Seat 2: helios25 ($49.90 in chips) 
Seat 3: McCdaddy31 ($13.25 in chips) 
Seat 4: nprtree ($24.65 in chips) 
Seat 5: eljiji59 ($40.25 in chips) 
Seat 6: robinwhy ($29.85 in chips) 
Seat 7: g.villeneuve ($14.45 in chips) 
Seat 8: timleery ($22.95 in chips) 
Seat 9: Alameda22 ($30.70 in chips) 
McCdaddy31: posts small blind $0.10
nprtree: posts big blind $0.25
*** HOLE CARDS ***
Dealt to Alameda22 [Ah 7s]
eljiji59: folds 
robinwhy: calls $0.25
g.villeneuve: raises $0.75 to $1
timleery: folds 
Alameda22: folds 
Methrik: folds 
helios25: folds 
McCdaddy31: folds 
nprtree: folds 
robinwhy: folds 
Uncalled bet ($0.75) returned to g.villeneuve
g.villeneuve collected $0.85 from pot
*** SUMMARY ***
Total pot $0.85 | Rake $0 
Seat 1: Methrik folded before Flop (didn't bet)
Seat 2: helios25 (button) folded before Flop (didn't bet)
Seat 3: McCdaddy31 (small blind) folded before Flop
Seat 4: nprtree (big blind) folded before Flop
Seat 5: eljiji59 folded before Flop (didn't bet)
Seat 6: robinwhy folded before Flop
Seat 7: g.villeneuve collected ($0.85)
Seat 8: timleery folded before Flop (didn't bet)
Seat 9: Alameda22 folded before Flop (didn't bet)



PokerStars Game #20023156588:  Hold'em No Limit ($0.10/$0.25) - 2008/08/30 - 18:53:34 (ET)
Table 'Peitho III' 9-max Seat #3 is the button
Seat 1: Methrik ($14.90 in chips) 
Seat 2: helios25 ($49.90 in chips) 
Seat 3: McCdaddy31 ($13.15 in chips) 
Seat 4: nprtree ($24.40 in chips) 
Seat 5: eljiji59 ($40.25 in chips) 
Seat 6: robinwhy ($29.60 in chips) 
Seat 7: g.villeneuve ($15.05 in chips) 
Seat 8: timleery ($22.95 in chips) 
Seat 9: Alameda22 ($30.70 in chips) 
nprtree: posts small blind $0.10
eljiji59: posts big blind $0.25
*** HOLE CARDS ***
Dealt to Alameda22 [Kd 7c]
robinwhy: folds 
g.villeneuve: folds 
timleery: folds 
Alameda22: folds 
Methrik: calls $0.25
helios25: folds 
McCdaddy31: folds 
nprtree: folds 
eljiji59: checks 
*** FLOP *** [4h 7s Ac]
eljiji59: checks 
Methrik: bets $0.40
eljiji59: folds 
Uncalled bet ($0.40) returned to Methrik
Methrik collected $0.60 from pot
Methrik: doesn't show hand 
*** SUMMARY ***
Total pot $0.60 | Rake $0 
Board [4h 7s Ac]
Seat 1: Methrik collected ($0.60)
Seat 2: helios25 folded before Flop (didn't bet)
Seat 3: McCdaddy31 (button) folded before Flop (didn't bet)
Seat 4: nprtree (small blind) folded before Flop
Seat 5: eljiji59 (big blind) folded on the Flop
Seat 6: robinwhy folded before Flop (didn't bet)
Seat 7: g.villeneuve folded before Flop (didn't bet)
Seat 8: timleery folded before Flop (didn't bet)
Seat 9: Alameda22 folded before Flop (didn't bet)



PokerStars Game #20023183873:  Hold'em No Limit ($0.10/$0.25) - 2008/08/30 - 18:54:50 (ET)
Table 'Peitho III' 9-max Seat #4 is the button
Seat 1: Methrik ($15.25 in chips) 
Seat 2: helios25 ($49.90 in chips) 
Seat 3: McCdaddy31 ($13.15 in chips) 
Seat 4: nprtree ($24.30 in chips) 
Seat 5: eljiji59 ($40 in chips) 
Seat 6: robinwhy ($29.60 in chips) 
Seat 7: g.villeneuve ($15.05 in chips) 
Seat 8: timleery ($22.95 in chips) 
Seat 9: Alameda22 ($30.70 in chips) 
eljiji59: posts small blind $0.10
robinwhy: posts big blind $0.25
*** HOLE CARDS ***
Dealt to Alameda22 [5c 6h]
g.villeneuve: folds 
timleery: folds 
Alameda22: folds 
Methrik: folds 
helios25: folds 
McCdaddy31: calls $0.25
nprtree: folds 
eljiji59: raises $0.75 to $1
robinwhy: folds 
McCdaddy31: folds 
Uncalled bet ($0.75) returned to eljiji59
eljiji59 collected $0.75 from pot
eljiji59: doesn't show hand 
*** SUMMARY ***
Total pot $0.75 | Rake $0 
Seat 1: Methrik folded before Flop (didn't bet)
Seat 2: helios25 folded before Flop (didn't bet)
Seat 3: McCdaddy31 folded before Flop
Seat 4: nprtree (button) folded before Flop (didn't bet)
Seat 5: eljiji59 (small blind) collected ($0.75)
Seat 6: robinwhy (big blind) folded before Flop
Seat 7: g.villeneuve folded before Flop (didn't bet)
Seat 8: timleery folded before Flop (didn't bet)
Seat 9: Alameda22 folded before Flop (didn't bet)



PokerStars Game #20023205660:  Hold'em No Limit ($0.10/$0.25) - 2008/08/30 - 18:55:50 (ET)
Table 'Peitho III' 9-max Seat #5 is the button
Seat 1: Methrik ($15.25 in chips) 
Seat 2: helios25 ($49.90 in chips) 
Seat 3: McCdaddy31 ($12.90 in chips) 
Seat 4: nprtree ($24.30 in chips) 
Seat 5: eljiji59 ($40.50 in chips) 
Seat 6: robinwhy ($29.35 in chips) 
Seat 7: g.villeneuve ($15.05 in chips) 
Seat 8: timleery ($22.95 in chips) 
Seat 9: Alameda22 ($30.70 in chips) 
robinwhy: posts small blind $0.10
g.villeneuve: posts big blind $0.25
*** HOLE CARDS ***
Dealt to Alameda22 [7c 6h]
timleery: folds 
Alameda22: folds 
Methrik: folds 
helios25: folds 
McCdaddy31: folds 
nprtree: folds 
eljiji59: folds 
robinwhy: raises $0.50 to $0.75
g.villeneuve: folds 
Uncalled bet ($0.50) returned to robinwhy
robinwhy collected $0.50 from pot
robinwhy: doesn't show hand 
*** SUMMARY ***
Total pot $0.50 | Rake $0 
Seat 1: Methrik folded before Flop (didn't bet)
Seat 2: helios25 folded before Flop (didn't bet)
Seat 3: McCdaddy31 folded before Flop (didn't bet)
Seat 4: nprtree folded before Flop (didn't bet)
Seat 5: eljiji59 (button) folded before Flop (didn't bet)
Seat 6: robinwhy (small blind) collected ($0.50)
Seat 7: g.villeneuve (big blind) folded before Flop
Seat 8: timleery folded before Flop (didn't bet)
Seat 9: Alameda22 folded before Flop (didn't bet)



PokerStars Game #20023219526:  Hold'em No Limit ($0.10/$0.25) - 2008/08/30 - 18:56:29 (ET)
Table 'Peitho III' 9-max Seat #6 is the button
Seat 1: Methrik ($15.25 in chips) 
Seat 2: helios25 ($49.90 in chips) 
Seat 3: McCdaddy31 ($12.90 in chips) 
Seat 4: nprtree ($24.30 in chips) 
Seat 5: eljiji59 ($40.50 in chips) 
Seat 6: robinwhy ($29.60 in chips) 
Seat 7: g.villeneuve ($14.80 in chips) 
Seat 8: timleery ($22.95 in chips) 
Seat 9: Alameda22 ($30.70 in chips) 
g.villeneuve: posts small blind $0.10
timleery: posts big blind $0.25
*** HOLE CARDS ***
Dealt to Alameda22 [8c Js]
Alameda22: folds 
Methrik: folds 
helios25: folds 
McCdaddy31: folds 
nprtree: folds 
eljiji59: calls $0.25
robinwhy: calls $0.25
g.villeneuve: calls $0.15
timleery: checks 
*** FLOP *** [Jh 6s 5s]
g.villeneuve: bets $0.25
timleery: folds 
eljiji59: calls $0.25
robinwhy: calls $0.25
*** TURN *** [Jh 6s 5s] [Jd]
g.villeneuve: bets $0.25
eljiji59: calls $0.25
robinwhy: calls $0.25
*** RIVER *** [Jh 6s 5s Jd] [4h]
g.villeneuve: bets $0.25
eljiji59: raises $1.25 to $1.50
robinwhy: folds 
g.villeneuve: folds 
Uncalled bet ($1.25) returned to eljiji59
eljiji59 collected $2.90 from pot
eljiji59: doesn't show hand 
*** SUMMARY ***
Total pot $3 | Rake $0.10 
Board [Jh 6s 5s Jd 4h]
Seat 1: Methrik folded before Flop (didn't bet)
Seat 2: helios25 folded before Flop (didn't bet)
Seat 3: McCdaddy31 folded before Flop (didn't bet)
Seat 4: nprtree folded before Flop (didn't bet)
Seat 5: eljiji59 collected ($2.90)
Seat 6: robinwhy (button) folded on the River
Seat 7: g.villeneuve (small blind) folded on the River
Seat 8: timleery (big blind) folded on the Flop
Seat 9: Alameda22 folded before Flop (didn't bet)



PokerStars Game #20023254564:  Hold'em No Limit ($0.10/$0.25) - 2008/08/30 - 18:58:07 (ET)
Table 'Peitho III' 9-max Seat #7 is the button
Seat 1: Methrik ($15.25 in chips) 
Seat 2: helios25 ($49.90 in chips) 
Seat 3: McCdaddy31 ($12.90 in chips) 
Seat 4: nprtree ($24.30 in chips) 
Seat 5: eljiji59 ($42.40 in chips) 
Seat 6: robinwhy ($28.85 in chips) 
Seat 7: g.villeneuve ($13.80 in chips) 
Seat 8: timleery ($22.70 in chips) 
Seat 9: Alameda22 ($30.70 in chips) 
timleery: posts small blind $0.10
Alameda22: posts big blind $0.25
*** HOLE CARDS ***
Dealt to Alameda22 [4s 6s]
Methrik: folds 
helios25: folds 
McCdaddy31: raises $0.50 to $0.75
nprtree: folds 
eljiji59: folds 
robinwhy: folds 
g.villeneuve: folds 
timleery: folds 
Alameda22: folds 
Uncalled bet ($0.50) returned to McCdaddy31
McCdaddy31 collected $0.60 from pot
McCdaddy31: doesn't show hand 
*** SUMMARY ***
Total pot $0.60 | Rake $0 
Seat 1: Methrik folded before Flop (didn't bet)
Seat 2: helios25 folded before Flop (didn't bet)
Seat 3: McCdaddy31 collected ($0.60)
Seat 4: nprtree folded before Flop (didn't bet)
Seat 5: eljiji59 folded before Flop (didn't bet)
Seat 6: robinwhy folded before Flop (didn't bet)
Seat 7: g.villeneuve (button) folded before Flop (didn't bet)
Seat 8: timleery (small blind) folded before Flop
Seat 9: Alameda22 (big blind) folded before Flop



PokerStars Game #20023272537:  Hold'em No Limit ($0.10/$0.25) - 2008/08/30 - 18:58:57 (ET)
Table 'Peitho III' 9-max Seat #8 is the button
Seat 1: Methrik ($15.25 in chips) 
Seat 2: helios25 ($49.90 in chips) 
Seat 3: McCdaddy31 ($13.25 in chips) 
Seat 4: nprtree ($24.30 in chips) 
Seat 5: eljiji59 ($42.40 in chips) 
Seat 6: robinwhy ($28.85 in chips) 
Seat 7: g.villeneuve ($13.80 in chips) 
Seat 8: timleery ($22.60 in chips) 
Seat 9: Alameda22 ($30.45 in chips) 
Alameda22: posts small blind $0.10
Methrik: posts big blind $0.25
*** HOLE CARDS ***
Dealt to Alameda22 [Ad Qh]
helios25: folds 
McCdaddy31: folds 
nprtree: folds 
eljiji59: folds 
robinwhy: folds 
g.villeneuve: folds 
timleery: folds 
Alameda22: raises $0.75 to $1
Methrik: calls $0.75
*** FLOP *** [7h 5s 4h]
Alameda22: bets $1.25
Methrik: raises $1.50 to $2.75
Alameda22: folds 
Uncalled bet ($1.50) returned to Methrik
Methrik collected $4.30 from pot
*** SUMMARY ***
Total pot $4.50 | Rake $0.20 
Board [7h 5s 4h]
Seat 1: Methrik (big blind) collected ($4.30)
Seat 2: helios25 folded before Flop (didn't bet)
Seat 3: McCdaddy31 folded before Flop (didn't bet)
Seat 4: nprtree folded before Flop (didn't bet)
Seat 5: eljiji59 folded before Flop (didn't bet)
Seat 6: robinwhy folded before Flop (didn't bet)
Seat 7: g.villeneuve folded before Flop (didn't bet)
Seat 8: timleery (button) folded before Flop (didn't bet)
Seat 9: Alameda22 (small blind) folded on the Flop



PokerStars Game #20023296989:  Hold'em No Limit ($0.10/$0.25) - 2008/08/30 - 19:00:05 (ET)
Table 'Peitho III' 9-max Seat #9 is the button
Seat 1: Methrik ($17.30 in chips) 
Seat 2: helios25 ($49.90 in chips) 
Seat 3: McCdaddy31 ($13.25 in chips) 
Seat 4: nprtree ($24.30 in chips) 
Seat 5: eljiji59 ($42.40 in chips) 
Seat 6: robinwhy ($28.85 in chips) 
Seat 7: g.villeneuve ($13.80 in chips) 
Seat 8: timleery ($22.60 in chips) 
Seat 9: Alameda22 ($28.20 in chips) 
Methrik: posts small blind $0.10
helios25: posts big blind $0.25
*** HOLE CARDS ***
Dealt to Alameda22 [7s Ah]
McCdaddy31: raises $0.25 to $0.50
nprtree: folds 
eljiji59: calls $0.50
robinwhy: folds 
g.villeneuve: folds 
timleery: calls $0.50
Alameda22: folds 
Methrik: calls $0.40
helios25: folds 
*** FLOP *** [8d 8h 5c]
Methrik: checks 
McCdaddy31: checks 
eljiji59: checks 
timleery: checks 
*** TURN *** [8d 8h 5c] [Qs]
Methrik: checks 
McCdaddy31: bets $0.75
eljiji59: folds 
timleery: folds 
Alameda22 is disconnected 
Methrik: folds 
Uncalled bet ($0.75) returned to McCdaddy31
McCdaddy31 collected $2.15 from pot
McCdaddy31: doesn't show hand 
*** SUMMARY ***
Total pot $2.25 | Rake $0.10 
Board [8d 8h 5c Qs]
Seat 1: Methrik (small blind) folded on the Turn
Seat 2: helios25 (big blind) folded before Flop
Seat 3: McCdaddy31 collected ($2.15)
Seat 4: nprtree folded before Flop (didn't bet)
Seat 5: eljiji59 folded on the Turn
Seat 6: robinwhy folded before Flop (didn't bet)
Seat 7: g.villeneuve folded before Flop (didn't bet)
Seat 8: timleery folded on the Turn
Seat 9: Alameda22 (button) folded before Flop (didn't bet)



PokerStars Game #20023327829:  Hold'em No Limit ($0.10/$0.25) - 2008/08/30 - 19:01:32 (ET)
Table 'Peitho III' 9-max Seat #1 is the button
Seat 1: Methrik ($16.80 in chips) 
Seat 2: helios25 ($49.65 in chips) 
Seat 3: McCdaddy31 ($14.90 in chips) 
Seat 4: nprtree ($24.30 in chips) 
Seat 5: eljiji59 ($41.90 in chips) 
Seat 6: robinwhy ($28.85 in chips) 
Seat 7: g.villeneuve ($13.80 in chips) 
Seat 8: timleery ($22.10 in chips) 
Seat 9: Alameda22 ($28.20 in chips) 
helios25: posts small blind $0.10
McCdaddy31: posts big blind $0.25
*** HOLE CARDS ***
Dealt to Alameda22 [3d Ad]
nprtree: folds 
eljiji59: folds 
robinwhy: folds 
g.villeneuve: raises $0.25 to $0.50
timleery: folds 
Alameda22 is connected 
Alameda22: folds 
Methrik: folds 
helios25: folds 
McCdaddy31: raises $0.50 to $1
g.villeneuve: calls $0.50
*** FLOP *** [5s 7d Qd]
McCdaddy31: bets $1.25
g.villeneuve: folds 
Uncalled bet ($1.25) returned to McCdaddy31
McCdaddy31 collected $2 from pot
McCdaddy31: doesn't show hand 
*** SUMMARY ***
Total pot $2.10 | Rake $0.10 
Board [5s 7d Qd]
Seat 1: Methrik (button) folded before Flop (didn't bet)
Seat 2: helios25 (small blind) folded before Flop
Seat 3: McCdaddy31 (big blind) collected ($2)
Seat 4: nprtree folded before Flop (didn't bet)
Seat 5: eljiji59 folded before Flop (didn't bet)
Seat 6: robinwhy folded before Flop (didn't bet)
Seat 7: g.villeneuve folded on the Flop
Seat 8: timleery folded before Flop (didn't bet)
Seat 9: Alameda22 folded before Flop (didn't bet)



PokerStars Game #20023346887:  Hold'em No Limit ($0.10/$0.25) - 2008/08/30 - 19:02:26 (ET)
Table 'Peitho III' 9-max Seat #2 is the button
Seat 1: Methrik ($16.80 in chips) 
Seat 2: helios25 ($49.55 in chips) 
Seat 3: McCdaddy31 ($15.90 in chips) 
Seat 4: nprtree ($25 in chips) 
Seat 5: eljiji59 ($41.90 in chips) 
Seat 6: robinwhy ($28.85 in chips) 
Seat 7: g.villeneuve ($12.80 in chips) 
Seat 8: timleery ($22.10 in chips) 
Seat 9: Alameda22 ($28.20 in chips) 
McCdaddy31: posts small blind $0.10
nprtree: posts big blind $0.25
*** HOLE CARDS ***
Dealt to Alameda22 [Qd Qh]
eljiji59: folds 
robinwhy: folds 
g.villeneuve: folds 
timleery: raises $0.25 to $0.50
Alameda22: raises $1.50 to $2
Methrik: folds 
helios25: folds 
McCdaddy31: folds 
nprtree: folds 
timleery: raises $2 to $4
Alameda22: calls $2
*** FLOP *** [4c 9c Td]
timleery: checks 
Alameda22: checks 
*** TURN *** [4c 9c Td] [2h]
timleery: bets $4
Alameda22: folds 
Uncalled bet ($4) returned to timleery
timleery collected $7.95 from pot
*** SUMMARY ***
Total pot $8.35 | Rake $0.40 
Board [4c 9c Td 2h]
Seat 1: Methrik folded before Flop (didn't bet)
Seat 2: helios25 (button) folded before Flop (didn't bet)
Seat 3: McCdaddy31 (small blind) folded before Flop
Seat 4: nprtree (big blind) folded before Flop
Seat 5: eljiji59 folded before Flop (didn't bet)
Seat 6: robinwhy folded before Flop (didn't bet)
Seat 7: g.villeneuve folded before Flop (didn't bet)
Seat 8: timleery collected ($7.95)
Seat 9: Alameda22 folded on the Turn



PokerStars Game #20023390448:  Hold'em No Limit ($0.10/$0.25) - 2008/08/30 - 19:04:27 (ET)
Table 'Peitho III' 9-max Seat #3 is the button
Seat 1: Methrik ($16.80 in chips) 
Seat 2: helios25 ($49.55 in chips) 
Seat 3: McCdaddy31 ($15.80 in chips) 
Seat 4: nprtree ($24.75 in chips) 
Seat 5: eljiji59 ($41.90 in chips) 
Seat 6: robinwhy ($28.85 in chips) 
Seat 7: g.villeneuve ($12.80 in chips) 
Seat 8: timleery ($26.05 in chips) 
Seat 9: Alameda22 ($24.20 in chips) 
nprtree: posts small blind $0.10
eljiji59: posts big blind $0.25
*** HOLE CARDS ***
Dealt to Alameda22 [6s 2s]
robinwhy: folds 
g.villeneuve: folds 
timleery: folds 
Alameda22: folds 
Methrik: folds 
helios25: folds 
McCdaddy31: raises $0.25 to $0.50
nprtree: folds 
eljiji59: calls $0.25
*** FLOP *** [5d Jd 5s]
eljiji59: checks 
McCdaddy31: checks 
*** TURN *** [5d Jd 5s] [7d]
eljiji59: checks 
McCdaddy31: bets $0.50
eljiji59: calls $0.50
*** RIVER *** [5d Jd 5s 7d] [8h]
eljiji59: bets $1
McCdaddy31: folds 
Uncalled bet ($1) returned to eljiji59
eljiji59 collected $2 from pot
eljiji59: doesn't show hand 
*** SUMMARY ***
Total pot $2.10 | Rake $0.10 
Board [5d Jd 5s 7d 8h]
Seat 1: Methrik folded before Flop (didn't bet)
Seat 2: helios25 folded before Flop (didn't bet)
Seat 3: McCdaddy31 (button) folded on the River
Seat 4: nprtree (small blind) folded before Flop
Seat 5: eljiji59 (big blind) collected ($2)
Seat 6: robinwhy folded before Flop (didn't bet)
Seat 7: g.villeneuve folded before Flop (didn't bet)
Seat 8: timleery folded before Flop (didn't bet)
Seat 9: Alameda22 folded before Flop (didn't bet)



PokerStars Game #20023416227:  Hold'em No Limit ($0.10/$0.25) - 2008/08/30 - 19:05:39 (ET)
Table 'Peitho III' 9-max Seat #4 is the button
Seat 1: Methrik ($16.80 in chips) 
Seat 2: helios25 ($49.55 in chips) 
Seat 3: McCdaddy31 ($14.80 in chips) 
Seat 4: nprtree ($24.65 in chips) 
Seat 5: eljiji59 ($42.90 in chips) 
Seat 6: robinwhy ($28.85 in chips) 
Seat 7: g.villeneuve ($12.80 in chips) 
Seat 8: timleery ($26.05 in chips) 
Seat 9: Alameda22 ($24.20 in chips) 
eljiji59: posts small blind $0.10
robinwhy: posts big blind $0.25
*** HOLE CARDS ***
Dealt to Alameda22 [4s 7d]
g.villeneuve: folds 
timleery: raises $0.50 to $0.75
Alameda22: folds 
Methrik: calls $0.75
helios25: folds 
McCdaddy31: folds 
nprtree: folds 
eljiji59: folds 
robinwhy: folds 
*** FLOP *** [5h 8h 3h]
timleery: checks 
Methrik: checks 
*** TURN *** [5h 8h 3h] [7h]
timleery: checks 
Methrik: bets $1
timleery: folds 
Uncalled bet ($1) returned to Methrik
Methrik collected $1.80 from pot
*** SUMMARY ***
Total pot $1.85 | Rake $0.05 
Board [5h 8h 3h 7h]
Seat 1: Methrik collected ($1.80)
Seat 2: helios25 folded before Flop (didn't bet)
Seat 3: McCdaddy31 folded before Flop (didn't bet)
Seat 4: nprtree (button) folded before Flop (didn't bet)
Seat 5: eljiji59 (small blind) folded before Flop
Seat 6: robinwhy (big blind) folded before Flop
Seat 7: g.villeneuve folded before Flop (didn't bet)
Seat 8: timleery folded on the Turn
Seat 9: Alameda22 folded before Flop (didn't bet)



PokerStars Game #20023453859:  Hold'em No Limit ($0.10/$0.25) - 2008/08/30 - 19:07:26 (ET)
Table 'Peitho III' 9-max Seat #5 is the button
Seat 1: Methrik ($17.85 in chips) 
Seat 2: helios25 ($49.55 in chips) 
Seat 3: McCdaddy31 ($14.80 in chips) 
Seat 4: nprtree ($24.65 in chips) 
Seat 5: eljiji59 ($42.80 in chips) 
Seat 6: robinwhy ($28.60 in chips) 
Seat 7: g.villeneuve ($12.80 in chips) 
Seat 8: timleery ($25.30 in chips) 
Seat 9: Alameda22 ($24.20 in chips) 
robinwhy: posts small blind $0.10
g.villeneuve: posts big blind $0.25
*** HOLE CARDS ***
Dealt to Alameda22 [8c 8s]
timleery: folds 
Alameda22: folds 
Methrik: folds 
helios25: folds 
McCdaddy31: calls $0.25
nprtree: folds 
eljiji59: calls $0.25
robinwhy: calls $0.15
g.villeneuve: checks 
*** FLOP *** [7h 3c 8h]
robinwhy: checks 
g.villeneuve: bets $0.25
McCdaddy31: folds 
eljiji59: calls $0.25
robinwhy: folds 
*** TURN *** [7h 3c 8h] [Qh]
g.villeneuve: checks 
eljiji59: bets $0.25
g.villeneuve: folds 
Uncalled bet ($0.25) returned to eljiji59
eljiji59 collected $1.45 from pot
eljiji59: doesn't show hand 
*** SUMMARY ***
Total pot $1.50 | Rake $0.05 
Board [7h 3c 8h Qh]
Seat 1: Methrik folded before Flop (didn't bet)
Seat 2: helios25 folded before Flop (didn't bet)
Seat 3: McCdaddy31 folded on the Flop
Seat 4: nprtree folded before Flop (didn't bet)
Seat 5: eljiji59 (button) collected ($1.45)
Seat 6: robinwhy (small blind) folded on the Flop
Seat 7: g.villeneuve (big blind) folded on the Turn
Seat 8: timleery folded before Flop (didn't bet)
Seat 9: Alameda22 folded before Flop (didn't bet)



PokerStars Game #20023479847:  Hold'em No Limit ($0.10/$0.25) - 2008/08/30 - 19:08:39 (ET)
Table 'Peitho III' 9-max Seat #6 is the button
Seat 1: Methrik ($17.85 in chips) 
Seat 2: helios25 ($49.55 in chips) 
Seat 3: McCdaddy31 ($14.55 in chips) 
Seat 4: nprtree ($24.65 in chips) 
Seat 5: eljiji59 ($43.75 in chips) 
Seat 6: robinwhy ($28.35 in chips) 
Seat 7: g.villeneuve ($12.30 in chips) 
Seat 8: timleery ($25.30 in chips) 
Seat 9: Alameda22 ($24.20 in chips) 
g.villeneuve: posts small blind $0.10
timleery: posts big blind $0.25
*** HOLE CARDS ***
Dealt to Alameda22 [6h 4d]
Alameda22: folds 
Methrik: folds 
helios25: folds 
McCdaddy31: calls $0.25
nprtree: raises $1.25 to $1.50
eljiji59: folds 
robinwhy: folds 
g.villeneuve: folds 
timleery: folds 
McCdaddy31: folds 
Uncalled bet ($1.25) returned to nprtree
nprtree collected $0.85 from pot
nprtree: doesn't show hand 
*** SUMMARY ***
Total pot $0.85 | Rake $0 
Seat 1: Methrik folded before Flop (didn't bet)
Seat 2: helios25 folded before Flop (didn't bet)
Seat 3: McCdaddy31 folded before Flop
Seat 4: nprtree collected ($0.85)
Seat 5: eljiji59 folded before Flop (didn't bet)
Seat 6: robinwhy (button) folded before Flop (didn't bet)
Seat 7: g.villeneuve (small blind) folded before Flop
Seat 8: timleery (big blind) folded before Flop
Seat 9: Alameda22 folded before Flop (didn't bet)



PokerStars Game #20023503651:  Hold'em No Limit ($0.10/$0.25) - 2008/08/30 - 19:09:47 (ET)
Table 'Peitho III' 9-max Seat #7 is the button
Seat 1: Methrik ($17.85 in chips) 
Seat 2: helios25 ($49.55 in chips) 
Seat 3: McCdaddy31 ($14.30 in chips) 
Seat 4: nprtree ($25.25 in chips) 
Seat 5: eljiji59 ($43.75 in chips) 
Seat 6: robinwhy ($28.35 in chips) 
Seat 7: g.villeneuve ($12.20 in chips) 
Seat 8: timleery ($25.05 in chips) 
Seat 9: Alameda22 ($24.20 in chips) 
timleery: posts small blind $0.10
Alameda22: posts big blind $0.25
*** HOLE CARDS ***
Dealt to Alameda22 [Qs 6h]
Methrik: folds 
helios25: folds 
McCdaddy31: folds 
nprtree: folds 
eljiji59: folds 
robinwhy: folds 
g.villeneuve: folds 
timleery: folds 
Uncalled bet ($0.15) returned to Alameda22
Alameda22 collected $0.20 from pot
Alameda22: doesn't show hand 
*** SUMMARY ***
Total pot $0.20 | Rake $0 
Seat 1: Methrik folded before Flop (didn't bet)
Seat 2: helios25 folded before Flop (didn't bet)
Seat 3: McCdaddy31 folded before Flop (didn't bet)
Seat 4: nprtree folded before Flop (didn't bet)
Seat 5: eljiji59 folded before Flop (didn't bet)
Seat 6: robinwhy folded before Flop (didn't bet)
Seat 7: g.villeneuve (button) folded before Flop (didn't bet)
Seat 8: timleery (small blind) folded before Flop
Seat 9: Alameda22 (big blind) collected ($0.20)



PokerStars Game #20023513932:  Hold'em No Limit ($0.10/$0.25) - 2008/08/30 - 19:10:16 (ET)
Table 'Peitho III' 9-max Seat #8 is the button
Seat 1: Methrik ($17.85 in chips) 
Seat 2: helios25 ($49.55 in chips) 
Seat 3: McCdaddy31 ($14.30 in chips) 
Seat 4: nprtree ($25.25 in chips) 
Seat 5: eljiji59 ($43.75 in chips) 
Seat 6: robinwhy ($28.35 in chips) 
Seat 7: g.villeneuve ($12.20 in chips) 
Seat 8: timleery ($24.95 in chips) 
Seat 9: Alameda22 ($24.30 in chips) 
Alameda22: posts small blind $0.10
Methrik: posts big blind $0.25
*** HOLE CARDS ***
Dealt to Alameda22 [4s 2h]
helios25: folds 
McCdaddy31: folds 
nprtree: folds 
eljiji59: folds 
robinwhy: folds 
g.villeneuve: folds 
timleery: folds 
Alameda22: folds 
Uncalled bet ($0.15) returned to Methrik
Methrik collected $0.20 from pot
*** SUMMARY ***
Total pot $0.20 | Rake $0 
Seat 1: Methrik (big blind) collected ($0.20)
Seat 2: helios25 folded before Flop (didn't bet)
Seat 3: McCdaddy31 folded before Flop (didn't bet)
Seat 4: nprtree folded before Flop (didn't bet)
Seat 5: eljiji59 folded before Flop (didn't bet)
Seat 6: robinwhy folded before Flop (didn't bet)
Seat 7: g.villeneuve folded before Flop (didn't bet)
Seat 8: timleery (button) folded before Flop (didn't bet)
Seat 9: Alameda22 (small blind) folded before Flop



PokerStars Game #20023528615:  Hold'em No Limit ($0.10/$0.25) - 2008/08/30 - 19:10:57 (ET)
Table 'Peitho III' 9-max Seat #9 is the button
Seat 1: Methrik ($17.95 in chips) 
Seat 2: helios25 ($49.55 in chips) 
Seat 3: McCdaddy31 ($14.30 in chips) 
Seat 4: nprtree ($25.25 in chips) 
Seat 5: eljiji59 ($43.75 in chips) 
Seat 6: robinwhy ($28.35 in chips) 
Seat 7: g.villeneuve ($12.20 in chips) 
Seat 8: timleery ($24.95 in chips) 
Seat 9: Alameda22 ($24.20 in chips) 
Methrik: posts small blind $0.10
helios25: posts big blind $0.25
*** HOLE CARDS ***
Dealt to Alameda22 [Th 9s]
McCdaddy31: calls $0.25
nprtree: calls $0.25
eljiji59: folds 
robinwhy: folds 
g.villeneuve: folds 
timleery: folds 
Alameda22: folds 
Methrik: calls $0.15
helios25: checks 
*** FLOP *** [5h 7c 6s]
Methrik: checks 
helios25: checks 
McCdaddy31: checks 
nprtree: bets $0.75
Methrik: calls $0.75
helios25: folds 
McCdaddy31: folds 
*** TURN *** [5h 7c 6s] [Kc]
Methrik: checks 
nprtree: bets $2
Methrik: raises $5 to $7
nprtree: calls $5
*** RIVER *** [5h 7c 6s Kc] [Jc]
Methrik: checks 
nprtree: checks 
*** SHOW DOWN ***
Methrik: shows [8s 4d] (a straight, Four to Eight)
nprtree: mucks hand 
nprtree is sitting out
Methrik collected $15.70 from pot
nprtree leaves the table
*** SUMMARY ***
Total pot $16.50 | Rake $0.80 
Board [5h 7c 6s Kc Jc]
Seat 1: Methrik (small blind) showed [8s 4d] and won ($15.70) with a straight, Four to Eight
Seat 2: helios25 (big blind) folded on the Flop
Seat 3: McCdaddy31 folded on the Flop
Seat 4: nprtree mucked [Ac As]
Seat 5: eljiji59 folded before Flop (didn't bet)
Seat 6: robinwhy folded before Flop (didn't bet)
Seat 7: g.villeneuve folded before Flop (didn't bet)
Seat 8: timleery folded before Flop (didn't bet)
Seat 9: Alameda22 (button) folded before Flop (didn't bet)



PokerStars Game #20023566998:  Hold'em No Limit ($0.10/$0.25) - 2008/08/30 - 19:12:47 (ET)
Table 'Peitho III' 9-max Seat #1 is the button
Seat 1: Methrik ($25.65 in chips) 
Seat 2: helios25 ($49.30 in chips) 
Seat 3: McCdaddy31 ($14.05 in chips) 
Seat 5: eljiji59 ($43.75 in chips) 
Seat 6: robinwhy ($28.35 in chips) 
Seat 7: g.villeneuve ($12.20 in chips) 
Seat 8: timleery ($24.95 in chips) 
Seat 9: Alameda22 ($24.20 in chips) 
helios25: posts small blind $0.10
McCdaddy31: posts big blind $0.25
*** HOLE CARDS ***
Dealt to Alameda22 [2c Kc]
eljiji59: folds 
robinwhy: raises $0.50 to $0.75
g.villeneuve: folds 
timleery: calls $0.75
Alameda22: folds 
Methrik: folds 
Methrik leaves the table
helios25: folds 
McCdaddy31: folds 
*** FLOP *** [8c 9s 9c]
robinwhy: bets $1.25
timleery: folds 
Uncalled bet ($1.25) returned to robinwhy
robinwhy collected $1.80 from pot
robinwhy: doesn't show hand 
*** SUMMARY ***
Total pot $1.85 | Rake $0.05 
Board [8c 9s 9c]
Seat 1: Methrik (button) folded before Flop (didn't bet)
Seat 2: helios25 (small blind) folded before Flop
Seat 3: McCdaddy31 (big blind) folded before Flop
Seat 5: eljiji59 folded before Flop (didn't bet)
Seat 6: robinwhy collected ($1.80)
Seat 7: g.villeneuve folded before Flop (didn't bet)
Seat 8: timleery folded on the Flop
Seat 9: Alameda22 folded before Flop (didn't bet)



PokerStars Game #20023585002:  Hold'em No Limit ($0.10/$0.25) - 2008/08/30 - 19:13:39 (ET)
Table 'Peitho III' 9-max Seat #2 is the button
Seat 2: helios25 ($49.20 in chips) 
Seat 3: McCdaddy31 ($13.80 in chips) 
Seat 5: eljiji59 ($43.75 in chips) 
Seat 6: robinwhy ($29.40 in chips) 
Seat 7: g.villeneuve ($12.20 in chips) 
Seat 8: timleery ($24.20 in chips) 
Seat 9: Alameda22 ($24.20 in chips) 
McCdaddy31: posts small blind $0.10
eljiji59: posts big blind $0.25
*** HOLE CARDS ***
Dealt to Alameda22 [Js 8s]
robinwhy: folds 
g.villeneuve: folds 
timleery: folds 
Alameda22: folds 
helios25: folds 
Adobe 2 joins the table at seat #1 
McCdaddy31: calls $0.15
eljiji59: checks 
*** FLOP *** [6h 9h 4h]
McCdaddy31: checks 
hnysoner2 joins the table at seat #4 
eljiji59: checks 
*** TURN *** [6h 9h 4h] [5c]
McCdaddy31: checks 
eljiji59: bets $0.25
McCdaddy31: calls $0.25
*** RIVER *** [6h 9h 4h 5c] [4c]
McCdaddy31: checks 
eljiji59: folds 
McCdaddy31 collected $0.95 from pot
McCdaddy31: doesn't show hand 
*** SUMMARY ***
Total pot $1 | Rake $0.05 
Board [6h 9h 4h 5c 4c]
Seat 2: helios25 (button) folded before Flop (didn't bet)
Seat 3: McCdaddy31 (small blind) collected ($0.95)
Seat 5: eljiji59 (big blind) folded on the River
Seat 6: robinwhy folded before Flop (didn't bet)
Seat 7: g.villeneuve folded before Flop (didn't bet)
Seat 8: timleery folded before Flop (didn't bet)
Seat 9: Alameda22 folded before Flop (didn't bet)



PokerStars Game #20023615244:  Hold'em No Limit ($0.10/$0.25) - 2008/08/30 - 19:15:05 (ET)
Table 'Peitho III' 9-max Seat #3 is the button
Seat 1: Adobe 2 ($15 in chips) 
Seat 2: helios25 ($49.20 in chips) 
Seat 3: McCdaddy31 ($14.25 in chips) 
Seat 5: eljiji59 ($43.25 in chips) 
Seat 6: robinwhy ($29.40 in chips) 
Seat 7: g.villeneuve ($12.20 in chips) 
Seat 8: timleery ($24.20 in chips) 
Seat 9: Alameda22 ($24.20 in chips) 
hnysoner2 will be allowed to play after the button
eljiji59: posts small blind $0.10
robinwhy: posts big blind $0.25
Adobe 2: posts big blind $0.25
*** HOLE CARDS ***
Dealt to Alameda22 [3c Td]
g.villeneuve: folds 
timleery: folds 
Alameda22: folds 
Adobe 2: checks 
helios25: folds 
McCdaddy31: folds 
eljiji59: calls $0.15
robinwhy: checks 
*** FLOP *** [Ad 5d 9s]
eljiji59: checks 
robinwhy: bets $0.50
Adobe 2: calls $0.50
eljiji59: calls $0.50
*** TURN *** [Ad 5d 9s] [4d]
eljiji59: checks 
robinwhy: bets $1
Adobe 2: calls $1
eljiji59: folds 
*** RIVER *** [Ad 5d 9s 4d] [4h]
robinwhy: checks 
Adobe 2: checks 
*** SHOW DOWN ***
robinwhy: shows [As Ts] (two pair, Aces and Fours)
Adobe 2: shows [8d 3d] (a flush, Ace high)
Adobe 2 collected $4.05 from pot
*** SUMMARY ***
Total pot $4.25 | Rake $0.20 
Board [Ad 5d 9s 4d 4h]
Seat 1: Adobe 2 showed [8d 3d] and won ($4.05) with a flush, Ace high
Seat 2: helios25 folded before Flop (didn't bet)
Seat 3: McCdaddy31 (button) folded before Flop (didn't bet)
Seat 5: eljiji59 (small blind) folded on the Turn
Seat 6: robinwhy (big blind) showed [As Ts] and lost with two pair, Aces and Fours
Seat 7: g.villeneuve folded before Flop (didn't bet)
Seat 8: timleery folded before Flop (didn't bet)
Seat 9: Alameda22 folded before Flop (didn't bet)



PokerStars Game #20023642170:  Hold'em No Limit ($0.10/$0.25) - 2008/08/30 - 19:16:23 (ET)
Table 'Peitho III' 9-max Seat #5 is the button
Seat 1: Adobe 2 ($17.30 in chips) 
Seat 2: helios25 ($49.20 in chips) 
Seat 3: McCdaddy31 ($14.25 in chips) 
Seat 4: hnysoner2 ($25 in chips) 
Seat 5: eljiji59 ($42.50 in chips) 
Seat 6: robinwhy ($27.65 in chips) 
Seat 7: g.villeneuve ($12.20 in chips) 
Seat 8: timleery ($24.20 in chips) 
Seat 9: Alameda22 ($24.20 in chips) 
robinwhy: posts small blind $0.10
g.villeneuve: posts big blind $0.25
hnysoner2: posts big blind $0.25
*** HOLE CARDS ***
Dealt to Alameda22 [3c Td]
timleery: folds 
Alameda22: folds 
Adobe 2: calls $0.25
helios25: folds 
McCdaddy31: folds 
hnysoner2: checks 
eljiji59: folds 
robinwhy: calls $0.15
g.villeneuve: checks 
*** FLOP *** [8c 4c Ks]
robinwhy: bets $0.75
g.villeneuve: folds 
Adobe 2: calls $0.75
hnysoner2: folds 
*** TURN *** [8c 4c Ks] [Tc]
robinwhy: checks 
Adobe 2: bets $1.25
robinwhy: folds 
Uncalled bet ($1.25) returned to Adobe 2
Adobe 2 collected $2.40 from pot
*** SUMMARY ***
Total pot $2.50 | Rake $0.10 
Board [8c 4c Ks Tc]
Seat 1: Adobe 2 collected ($2.40)
Seat 2: helios25 folded before Flop (didn't bet)
Seat 3: McCdaddy31 folded before Flop (didn't bet)
Seat 4: hnysoner2 folded on the Flop
Seat 5: eljiji59 (button) folded before Flop (didn't bet)
Seat 6: robinwhy (small blind) folded on the Turn
Seat 7: g.villeneuve (big blind) folded on the Flop
Seat 8: timleery folded before Flop (didn't bet)
Seat 9: Alameda22 folded before Flop (didn't bet)



PokerStars Game #20023670302:  Hold'em No Limit ($0.10/$0.25) - 2008/08/30 - 19:17:45 (ET)
Table 'Peitho III' 9-max Seat #6 is the button
Seat 1: Adobe 2 ($18.70 in chips) 
Seat 2: helios25 ($49.20 in chips) 
Seat 3: McCdaddy31 ($14.25 in chips) 
Seat 4: hnysoner2 ($24.75 in chips) 
Seat 5: eljiji59 ($42.50 in chips) 
Seat 6: robinwhy ($26.65 in chips) 
Seat 7: g.villeneuve ($11.95 in chips) 
Seat 8: timleery ($24.20 in chips) 
Seat 9: Alameda22 ($24.20 in chips) 
g.villeneuve: posts small blind $0.10
timleery: posts big blind $0.25
*** HOLE CARDS ***
Dealt to Alameda22 [Kc As]
Alameda22: raises $0.75 to $1
Adobe 2: folds 
helios25: folds 
McCdaddy31: folds 
hnysoner2: folds 
eljiji59: folds 
robinwhy: folds 
g.villeneuve: folds 
timleery: folds 
Uncalled bet ($0.75) returned to Alameda22
Alameda22 collected $0.60 from pot
Alameda22: doesn't show hand 
*** SUMMARY ***
Total pot $0.60 | Rake $0 
Seat 1: Adobe 2 folded before Flop (didn't bet)
Seat 2: helios25 folded before Flop (didn't bet)
Seat 3: McCdaddy31 folded before Flop (didn't bet)
Seat 4: hnysoner2 folded before Flop (didn't bet)
Seat 5: eljiji59 folded before Flop (didn't bet)
Seat 6: robinwhy (button) folded before Flop (didn't bet)
Seat 7: g.villeneuve (small blind) folded before Flop
Seat 8: timleery (big blind) folded before Flop
Seat 9: Alameda22 collected ($0.60)



PokerStars Game #20023682193:  Hold'em No Limit ($0.10/$0.25) - 2008/08/30 - 19:18:19 (ET)
Table 'Peitho III' 9-max Seat #7 is the button
Seat 1: Adobe 2 ($18.70 in chips) 
Seat 2: helios25 ($49.20 in chips) 
Seat 3: McCdaddy31 ($14.25 in chips) 
Seat 4: hnysoner2 ($24.75 in chips) 
Seat 5: eljiji59 ($42.50 in chips) 
Seat 6: robinwhy ($26.65 in chips) 
Seat 7: g.villeneuve ($11.85 in chips) 
Seat 8: timleery ($23.95 in chips) 
Seat 9: Alameda22 ($24.55 in chips) 
timleery: posts small blind $0.10
Alameda22: posts big blind $0.25
*** HOLE CARDS ***
Dealt to Alameda22 [4c 6d]
Adobe 2: calls $0.25
helios25: folds 
McCdaddy31: folds 
hnysoner2: calls $0.25
eljiji59: calls $0.25
robinwhy: folds 
g.villeneuve: folds 
timleery: calls $0.15
Alameda22: checks 
*** FLOP *** [8s 2s 8h]
timleery: bets $0.75
Alameda22: folds 
Adobe 2: folds 
hnysoner2: folds 
eljiji59: folds 
Uncalled bet ($0.75) returned to timleery
timleery collected $1.20 from pot
timleery: doesn't show hand 
*** SUMMARY ***
Total pot $1.25 | Rake $0.05 
Board [8s 2s 8h]
Seat 1: Adobe 2 folded on the Flop
Seat 2: helios25 folded before Flop (didn't bet)
Seat 3: McCdaddy31 folded before Flop (didn't bet)
Seat 4: hnysoner2 folded on the Flop
Seat 5: eljiji59 folded on the Flop
Seat 6: robinwhy folded before Flop (didn't bet)
Seat 7: g.villeneuve (button) folded before Flop (didn't bet)
Seat 8: timleery (small blind) collected ($1.20)
Seat 9: Alameda22 (big blind) folded on the Flop



PokerStars Game #20023699151:  Hold'em No Limit ($0.10/$0.25) - 2008/08/30 - 19:19:07 (ET)
Table 'Peitho III' 9-max Seat #8 is the button
Seat 1: Adobe 2 ($18.45 in chips) 
Seat 2: helios25 ($49.20 in chips) 
Seat 3: McCdaddy31 ($14.25 in chips) 
Seat 4: hnysoner2 ($24.50 in chips) 
Seat 5: eljiji59 ($42.25 in chips) 
Seat 6: robinwhy ($26.65 in chips) 
Seat 7: g.villeneuve ($11.85 in chips) 
Seat 8: timleery ($24.90 in chips) 
Seat 9: Alameda22 ($24.30 in chips) 
Alameda22: posts small blind $0.10
Adobe 2: posts big blind $0.25
*** HOLE CARDS ***
Dealt to Alameda22 [8h Jd]
helios25: folds 
McCdaddy31: folds 
hnysoner2: folds 
eljiji59: folds 
robinwhy: raises $0.50 to $0.75
g.villeneuve: folds 
timleery: folds 
Alameda22: folds 
Adobe 2: calls $0.50
*** FLOP *** [Kh 8d 2h]
Adobe 2: checks 
robinwhy: checks 
*** TURN *** [Kh 8d 2h] [Jc]
Adobe 2: bets $0.50
robinwhy: calls $0.50
*** RIVER *** [Kh 8d 2h Jc] [3c]
Adobe 2: bets $1
robinwhy: folds 
Uncalled bet ($1) returned to Adobe 2
Adobe 2 collected $2.50 from pot
*** SUMMARY ***
Total pot $2.60 | Rake $0.10 
Board [Kh 8d 2h Jc 3c]
Seat 1: Adobe 2 (big blind) collected ($2.50)
Seat 2: helios25 folded before Flop (didn't bet)
Seat 3: McCdaddy31 folded before Flop (didn't bet)
Seat 4: hnysoner2 folded before Flop (didn't bet)
Seat 5: eljiji59 folded before Flop (didn't bet)
Seat 6: robinwhy folded on the River
Seat 7: g.villeneuve folded before Flop (didn't bet)
Seat 8: timleery (button) folded before Flop (didn't bet)
Seat 9: Alameda22 (small blind) folded before Flop



PokerStars Game #20023723103:  Hold'em No Limit ($0.10/$0.25) - 2008/08/30 - 19:20:16 (ET)
Table 'Peitho III' 9-max Seat #9 is the button
Seat 1: Adobe 2 ($19.70 in chips) 
Seat 2: helios25 ($49.20 in chips) 
Seat 3: McCdaddy31 ($14.25 in chips) 
Seat 4: hnysoner2 ($24.50 in chips) 
Seat 5: eljiji59 ($42.25 in chips) 
Seat 6: robinwhy ($25.40 in chips) 
Seat 7: g.villeneuve ($11.85 in chips) 
Seat 8: timleery ($24.90 in chips) 
Seat 9: Alameda22 ($24.20 in chips) 
Adobe 2: posts small blind $0.10
helios25: posts big blind $0.25
*** HOLE CARDS ***
Dealt to Alameda22 [7s 8s]
McCdaddy31: calls $0.25
hnysoner2: folds 
eljiji59: folds 
robinwhy: folds 
g.villeneuve: calls $0.25
timleery: folds 
Alameda22: folds 
Adobe 2: calls $0.15
helios25: checks 
*** FLOP *** [4h Kc 3c]
Adobe 2: checks 
helios25: checks 
McCdaddy31: checks 
g.villeneuve: checks 
*** TURN *** [4h Kc 3c] [2s]
Adobe 2: bets $0.25
helios25: folds 
McCdaddy31: calls $0.25
g.villeneuve: calls $0.25
*** RIVER *** [4h Kc 3c 2s] [8h]
Adobe 2: checks 
McCdaddy31: checks 
g.villeneuve: checks 
*** SHOW DOWN ***
Adobe 2: shows [Qs 5c] (high card King)
McCdaddy31: shows [Ad Th] (high card Ace)
g.villeneuve: mucks hand 
McCdaddy31 collected $1.70 from pot
*** SUMMARY ***
Total pot $1.75 | Rake $0.05 
Board [4h Kc 3c 2s 8h]
Seat 1: Adobe 2 (small blind) showed [Qs 5c] and lost with high card King
Seat 2: helios25 (big blind) folded on the Turn
Seat 3: McCdaddy31 showed [Ad Th] and won ($1.70) with high card Ace
Seat 4: hnysoner2 folded before Flop (didn't bet)
Seat 5: eljiji59 folded before Flop (didn't bet)
Seat 6: robinwhy folded before Flop (didn't bet)
Seat 7: g.villeneuve mucked [9s Ah]
Seat 8: timleery folded before Flop (didn't bet)
Seat 9: Alameda22 (button) folded before Flop (didn't bet)



PokerStars Game #20023755726:  Hold'em No Limit ($0.10/$0.25) - 2008/08/30 - 19:21:52 (ET)
Table 'Peitho III' 9-max Seat #1 is the button
Seat 1: Adobe 2 ($19.20 in chips) 
Seat 2: helios25 ($48.95 in chips) 
Seat 3: McCdaddy31 ($15.45 in chips) 
Seat 4: hnysoner2 ($24.50 in chips) 
Seat 5: eljiji59 ($42.25 in chips) 
Seat 6: robinwhy ($25.40 in chips) 
Seat 7: g.villeneuve ($11.35 in chips) 
Seat 8: timleery ($24.90 in chips) 
Seat 9: Alameda22 ($24.20 in chips) 
helios25: posts small blind $0.10
McCdaddy31: posts big blind $0.25
*** HOLE CARDS ***
Dealt to Alameda22 [Qd 9h]
hnysoner2: raises $0.75 to $1
eljiji59: raises $1.50 to $2.50
robinwhy: folds 
g.villeneuve: folds 
timleery: folds 
Alameda22: folds 
Adobe 2: folds 
helios25: folds 
McCdaddy31: folds 
hnysoner2: calls $1.50
*** FLOP *** [6c 2c Td]
hnysoner2: checks 
eljiji59: bets $4
hnysoner2: folds 
Uncalled bet ($4) returned to eljiji59
eljiji59 collected $5.10 from pot
eljiji59: doesn't show hand 
*** SUMMARY ***
Total pot $5.35 | Rake $0.25 
Board [6c 2c Td]
Seat 1: Adobe 2 (button) folded before Flop (didn't bet)
Seat 2: helios25 (small blind) folded before Flop
Seat 3: McCdaddy31 (big blind) folded before Flop
Seat 4: hnysoner2 folded on the Flop
Seat 5: eljiji59 collected ($5.10)
Seat 6: robinwhy folded before Flop (didn't bet)
Seat 7: g.villeneuve folded before Flop (didn't bet)
Seat 8: timleery folded before Flop (didn't bet)
Seat 9: Alameda22 folded before Flop (didn't bet)



PokerStars Game #20023784830:  Hold'em No Limit ($0.10/$0.25) - 2008/08/30 - 19:23:17 (ET)
Table 'Peitho III' 9-max Seat #2 is the button
Seat 1: Adobe 2 ($19.20 in chips) 
Seat 2: helios25 ($48.85 in chips) 
Seat 3: McCdaddy31 ($15.20 in chips) 
Seat 4: hnysoner2 ($22 in chips) 
Seat 5: eljiji59 ($44.85 in chips) 
Seat 6: robinwhy ($25.40 in chips) 
Seat 7: g.villeneuve ($11.35 in chips) 
Seat 8: timleery ($24.90 in chips) 
Seat 9: Alameda22 ($24.20 in chips) 
McCdaddy31: posts small blind $0.10
hnysoner2: posts big blind $0.25
*** HOLE CARDS ***
Dealt to Alameda22 [Qs 7d]
eljiji59: folds 
robinwhy: folds 
g.villeneuve: folds 
timleery: calls $0.25
Alameda22: folds 
Adobe 2: calls $0.25
helios25: folds 
McCdaddy31: folds 
hnysoner2: checks 
*** FLOP *** [4c Tc 6c]
hnysoner2: checks 
timleery: checks 
Adobe 2: bets $0.75
hnysoner2: folds 
timleery: folds 
Uncalled bet ($0.75) returned to Adobe 2
Adobe 2 collected $0.85 from pot
*** SUMMARY ***
Total pot $0.85 | Rake $0 
Board [4c Tc 6c]
Seat 1: Adobe 2 collected ($0.85)
Seat 2: helios25 (button) folded before Flop (didn't bet)
Seat 3: McCdaddy31 (small blind) folded before Flop
Seat 4: hnysoner2 (big blind) folded on the Flop
Seat 5: eljiji59 folded before Flop (didn't bet)
Seat 6: robinwhy folded before Flop (didn't bet)
Seat 7: g.villeneuve folded before Flop (didn't bet)
Seat 8: timleery folded on the Flop
Seat 9: Alameda22 folded before Flop (didn't bet)



PokerStars Game #20023804890:  Hold'em No Limit ($0.10/$0.25) - 2008/08/30 - 19:24:16 (ET)
Table 'Peitho III' 9-max Seat #3 is the button
Seat 1: Adobe 2 ($19.80 in chips) 
Seat 2: helios25 ($48.85 in chips) 
Seat 3: McCdaddy31 ($15.10 in chips) 
Seat 4: hnysoner2 ($21.75 in chips) 
Seat 6: robinwhy ($25.40 in chips) 
Seat 7: g.villeneuve ($11.35 in chips) 
Seat 8: timleery ($24.65 in chips) 
Seat 9: Alameda22 ($24.20 in chips) 
hnysoner2: posts small blind $0.10
eljiji59: is sitting out 
robinwhy: posts big blind $0.25
*** HOLE CARDS ***
Dealt to Alameda22 [Kh Qd]
eljiji59 leaves the table
g.villeneuve: raises $0.25 to $0.50
timleery: folds 
Alameda22: folds 
Adobe 2: calls $0.50
helios25: folds 
McCdaddy31: folds 
hnysoner2: folds 
robinwhy: folds 
*** FLOP *** [5s Qs Kc]
g.villeneuve: checks 
Adobe 2: bets $0.75
g.villeneuve: folds 
Uncalled bet ($0.75) returned to Adobe 2
Adobe 2 collected $1.30 from pot
*** SUMMARY ***
Total pot $1.35 | Rake $0.05 
Board [5s Qs Kc]
Seat 1: Adobe 2 collected ($1.30)
Seat 2: helios25 folded before Flop (didn't bet)
Seat 3: McCdaddy31 (button) folded before Flop (didn't bet)
Seat 4: hnysoner2 (small blind) folded before Flop
Seat 6: robinwhy (big blind) folded before Flop
Seat 7: g.villeneuve folded on the Flop
Seat 8: timleery folded before Flop (didn't bet)
Seat 9: Alameda22 folded before Flop (didn't bet)



PokerStars Game #20023829665:  Hold'em No Limit ($0.10/$0.25) - 2008/08/30 - 19:25:29 (ET)
Table 'Peitho III' 9-max Seat #4 is the button
Seat 1: Adobe 2 ($20.60 in chips) 
Seat 2: helios25 ($48.85 in chips) 
Seat 3: McCdaddy31 ($15.10 in chips) 
Seat 4: hnysoner2 ($21.65 in chips) 
Seat 6: robinwhy ($25.15 in chips) 
Seat 7: g.villeneuve ($10.85 in chips) 
Seat 8: timleery ($24.65 in chips) 
Seat 9: Alameda22 ($24.20 in chips) 
robinwhy: posts small blind $0.10
g.villeneuve: posts big blind $0.25
*** HOLE CARDS ***
Dealt to Alameda22 [9h 3s]
timleery: folds 
cr8wealth joins the table at seat #5 
Alameda22: folds 
Adobe 2: folds 
helios25: folds 
McCdaddy31: calls $0.25
hnysoner2: folds 
robinwhy: folds 
g.villeneuve: checks 
*** FLOP *** [Kh Kd 6s]
g.villeneuve: checks 
McCdaddy31: checks 
*** TURN *** [Kh Kd 6s] [2d]
g.villeneuve: checks 
McCdaddy31: checks 
*** RIVER *** [Kh Kd 6s 2d] [Th]
g.villeneuve: bets $0.25
McCdaddy31: raises $0.50 to $0.75
g.villeneuve: calls $0.50
*** SHOW DOWN ***
McCdaddy31: shows [Td As] (two pair, Kings and Tens)
g.villeneuve: mucks hand 
McCdaddy31 collected $2 from pot
*** SUMMARY ***
Total pot $2.10 | Rake $0.10 
Board [Kh Kd 6s 2d Th]
Seat 1: Adobe 2 folded before Flop (didn't bet)
Seat 2: helios25 folded before Flop (didn't bet)
Seat 3: McCdaddy31 showed [Td As] and won ($2) with two pair, Kings and Tens
Seat 4: hnysoner2 (button) folded before Flop (didn't bet)
Seat 6: robinwhy (small blind) folded before Flop
Seat 7: g.villeneuve (big blind) mucked [Ts 9s]
Seat 8: timleery folded before Flop (didn't bet)
Seat 9: Alameda22 folded before Flop (didn't bet)



PokerStars Game #20023851372:  Hold'em No Limit ($0.10/$0.25) - 2008/08/30 - 19:26:33 (ET)
Table 'Peitho III' 9-max Seat #6 is the button
Seat 1: Adobe 2 ($20.60 in chips) 
Seat 2: helios25 ($48.85 in chips) 
Seat 3: McCdaddy31 ($16.10 in chips) 
Seat 4: hnysoner2 ($21.65 in chips) 
Seat 6: robinwhy ($25.05 in chips) 
Seat 7: g.villeneuve ($9.85 in chips) 
Seat 8: timleery ($24.65 in chips) 
Seat 9: Alameda22 ($24.20 in chips) 
g.villeneuve: posts small blind $0.10
timleery: posts big blind $0.25
cr8wealth: sits out 
*** HOLE CARDS ***
Dealt to Alameda22 [Ah 5c]
Alameda22: folds 
Adobe 2: calls $0.25
helios25: folds 
McCdaddy31: calls $0.25
hnysoner2: raises $1 to $1.25
robinwhy: folds 
g.villeneuve: folds 
timleery: folds 
Adobe 2: folds 
McCdaddy31: folds 
Uncalled bet ($1) returned to hnysoner2
hnysoner2 collected $1.10 from pot
hnysoner2: doesn't show hand 
*** SUMMARY ***
Total pot $1.10 | Rake $0 
Seat 1: Adobe 2 folded before Flop
Seat 2: helios25 folded before Flop (didn't bet)
Seat 3: McCdaddy31 folded before Flop
Seat 4: hnysoner2 collected ($1.10)
Seat 6: robinwhy (button) folded before Flop (didn't bet)
Seat 7: g.villeneuve (small blind) folded before Flop
Seat 8: timleery (big blind) folded before Flop
Seat 9: Alameda22 folded before Flop (didn't bet)



PokerStars Game #20023875836:  Hold'em No Limit ($0.10/$0.25) - 2008/08/30 - 19:27:45 (ET)
Table 'Peitho III' 9-max Seat #7 is the button
Seat 1: Adobe 2 ($20.35 in chips) 
Seat 2: helios25 ($48.85 in chips) 
Seat 3: McCdaddy31 ($15.85 in chips) 
Seat 4: hnysoner2 ($22.50 in chips) 
Seat 6: robinwhy ($25.05 in chips) 
Seat 7: g.villeneuve ($9.75 in chips) 
Seat 8: timleery ($24.40 in chips) 
Seat 9: Alameda22 ($24.20 in chips) 
timleery: posts small blind $0.10
Alameda22: posts big blind $0.25
cr8wealth: sits out 
*** HOLE CARDS ***
Dealt to Alameda22 [3h Ks]
Adobe 2: folds 
helios25: folds 
McCdaddy31: folds 
hnysoner2: folds 
robinwhy: raises $0.50 to $0.75
g.villeneuve: folds 
timleery: folds 
Alameda22: folds 
Uncalled bet ($0.50) returned to robinwhy
robinwhy collected $0.60 from pot
robinwhy: doesn't show hand 
*** SUMMARY ***
Total pot $0.60 | Rake $0 
Seat 1: Adobe 2 folded before Flop (didn't bet)
Seat 2: helios25 folded before Flop (didn't bet)
Seat 3: McCdaddy31 folded before Flop (didn't bet)
Seat 4: hnysoner2 folded before Flop (didn't bet)
Seat 6: robinwhy collected ($0.60)
Seat 7: g.villeneuve (button) folded before Flop (didn't bet)
Seat 8: timleery (small blind) folded before Flop
Seat 9: Alameda22 (big blind) folded before Flop



PokerStars Game #20023887601:  Hold'em No Limit ($0.10/$0.25) - 2008/08/30 - 19:28:19 (ET)
Table 'Peitho III' 9-max Seat #8 is the button
Seat 1: Adobe 2 ($20.35 in chips) 
Seat 2: helios25 ($48.85 in chips) 
Seat 3: McCdaddy31 ($15.85 in chips) 
Seat 4: hnysoner2 ($22.50 in chips) 
Seat 6: robinwhy ($25.40 in chips) 
Seat 7: g.villeneuve ($9.75 in chips) 
Seat 8: timleery ($24.30 in chips) 
Seat 9: Alameda22 ($23.95 in chips) 
Alameda22: posts small blind $0.10
Adobe 2: posts big blind $0.25
cr8wealth: sits out 
*** HOLE CARDS ***
Dealt to Alameda22 [4d Ad]
helios25: folds 
McCdaddy31: raises $0.50 to $0.75
hnysoner2: calls $0.75
robinwhy: folds 
g.villeneuve: folds 
timleery: folds 
Alameda22: folds 
Adobe 2: folds 
*** FLOP *** [5c Jd 3d]
McCdaddy31: checks 
hnysoner2: bets $0.75
McCdaddy31: raises $0.75 to $1.50
hnysoner2: calls $0.75
*** TURN *** [5c Jd 3d] [8s]
McCdaddy31: bets $2
hnysoner2: raises $2 to $4
McCdaddy31: folds 
Uncalled bet ($2) returned to hnysoner2
hnysoner2 collected $8.45 from pot
hnysoner2: doesn't show hand 
*** SUMMARY ***
Total pot $8.85 | Rake $0.40 
Board [5c Jd 3d 8s]
Seat 1: Adobe 2 (big blind) folded before Flop
Seat 2: helios25 folded before Flop (didn't bet)
Seat 3: McCdaddy31 folded on the Turn
Seat 4: hnysoner2 collected ($8.45)
Seat 6: robinwhy folded before Flop (didn't bet)
Seat 7: g.villeneuve folded before Flop (didn't bet)
Seat 8: timleery (button) folded before Flop (didn't bet)
Seat 9: Alameda22 (small blind) folded before Flop



PokerStars Game #20023915939:  Hold'em No Limit ($0.10/$0.25) - 2008/08/30 - 19:29:43 (ET)
Table 'Peitho III' 9-max Seat #9 is the button
Seat 1: Adobe 2 ($20.10 in chips) 
Seat 2: helios25 ($48.85 in chips) 
Seat 3: McCdaddy31 ($11.60 in chips) 
Seat 4: hnysoner2 ($26.70 in chips) 
Seat 6: robinwhy ($25.40 in chips) 
Seat 7: g.villeneuve ($9.75 in chips) 
Seat 8: timleery ($24.30 in chips) 
Seat 9: Alameda22 ($23.85 in chips) 
Adobe 2: posts small blind $0.10
helios25: posts big blind $0.25
cr8wealth: sits out 
*** HOLE CARDS ***
Dealt to Alameda22 [Jh 8s]
McCdaddy31: calls $0.25
hnysoner2: folds 
robinwhy: folds 
g.villeneuve: folds 
timleery: folds 
Alameda22: folds 
Adobe 2: folds 
helios25: checks 
*** FLOP *** [Ac 2h 7s]
helios25: checks 
McCdaddy31: checks 
*** TURN *** [Ac 2h 7s] [5s]
helios25: checks 
McCdaddy31: checks 
*** RIVER *** [Ac 2h 7s 5s] [Ad]
helios25: checks 
McCdaddy31: bets $0.25
helios25: folds 
Uncalled bet ($0.25) returned to McCdaddy31
McCdaddy31 collected $0.60 from pot
McCdaddy31: doesn't show hand 
*** SUMMARY ***
Total pot $0.60 | Rake $0 
Board [Ac 2h 7s 5s Ad]
Seat 1: Adobe 2 (small blind) folded before Flop
Seat 2: helios25 (big blind) folded on the River
Seat 3: McCdaddy31 collected ($0.60)
Seat 4: hnysoner2 folded before Flop (didn't bet)
Seat 6: robinwhy folded before Flop (didn't bet)
Seat 7: g.villeneuve folded before Flop (didn't bet)
Seat 8: timleery folded before Flop (didn't bet)
Seat 9: Alameda22 (button) folded before Flop (didn't bet)



PokerStars Game #20023941505:  Hold'em No Limit ($0.10/$0.25) - 2008/08/30 - 19:30:58 (ET)
Table 'Peitho III' 9-max Seat #1 is the button
Seat 1: Adobe 2 ($20 in chips) 
Seat 2: helios25 ($48.60 in chips) 
Seat 3: McCdaddy31 ($11.95 in chips) 
Seat 4: hnysoner2 ($26.70 in chips) 
Seat 6: robinwhy ($25.40 in chips) 
Seat 7: g.villeneuve ($9.75 in chips) 
Seat 8: timleery ($24.30 in chips) 
Seat 9: Alameda22 ($23.85 in chips) 
helios25: posts small blind $0.10
McCdaddy31: posts big blind $0.25
cr8wealth: sits out 
*** HOLE CARDS ***
Dealt to Alameda22 [Tc Ts]
hnysoner2: raises $0.75 to $1
robinwhy: folds 
g.villeneuve: folds 
timleery: calls $1
Alameda22: calls $1
Adobe 2: folds 
helios25: folds 
McCdaddy31: folds 
*** FLOP *** [7d 5s 6h]
hnysoner2: bets $0.75
timleery: calls $0.75
Alameda22: calls $0.75
*** TURN *** [7d 5s 6h] [Qh]
hnysoner2: bets $1.50
timleery: calls $1.50
Alameda22: folds 
*** RIVER *** [7d 5s 6h Qh] [Th]
hnysoner2: checks 
timleery: checks 
*** SHOW DOWN ***
hnysoner2: shows [Ks Qc] (a pair of Queens)
timleery: mucks hand 
hnysoner2 collected $8.20 from pot
*** SUMMARY ***
Total pot $8.60 | Rake $0.40 
Board [7d 5s 6h Qh Th]
Seat 1: Adobe 2 (button) folded before Flop (didn't bet)
Seat 2: helios25 (small blind) folded before Flop
Seat 3: McCdaddy31 (big blind) folded before Flop
Seat 4: hnysoner2 showed [Ks Qc] and won ($8.20) with a pair of Queens
Seat 6: robinwhy folded before Flop (didn't bet)
Seat 7: g.villeneuve folded before Flop (didn't bet)
Seat 8: timleery mucked [9c 9s]
Seat 9: Alameda22 folded on the Turn



PokerStars Game #20023975782:  Hold'em No Limit ($0.10/$0.25) - 2008/08/30 - 19:32:36 (ET)
Table 'Peitho III' 9-max Seat #2 is the button
Seat 1: Adobe 2 ($20 in chips) 
Seat 2: helios25 ($48.50 in chips) 
Seat 3: McCdaddy31 ($11.70 in chips) 
Seat 4: hnysoner2 ($31.65 in chips) 
Seat 6: robinwhy ($25.40 in chips) 
Seat 7: g.villeneuve ($9.75 in chips) 
Seat 8: timleery ($21.05 in chips) 
Seat 9: Alameda22 ($22.10 in chips) 
McCdaddy31: posts small blind $0.10
hnysoner2: posts big blind $0.25
cr8wealth: sits out 
*** HOLE CARDS ***
Dealt to Alameda22 [6d 5c]
robinwhy: folds 
g.villeneuve: folds 
timleery: folds 
Alameda22: folds 
Adobe 2: calls $0.25
helios25: folds 
McCdaddy31: calls $0.15
hnysoner2: checks 
*** FLOP *** [Ac Td Ks]
McCdaddy31: checks 
hnysoner2: checks 
Adobe 2: bets $0.75
McCdaddy31: folds 
hnysoner2: folds 
Uncalled bet ($0.75) returned to Adobe 2
Adobe 2 collected $0.75 from pot
*** SUMMARY ***
Total pot $0.75 | Rake $0 
Board [Ac Td Ks]
Seat 1: Adobe 2 collected ($0.75)
Seat 2: helios25 (button) folded before Flop (didn't bet)
Seat 3: McCdaddy31 (small blind) folded on the Flop
Seat 4: hnysoner2 (big blind) folded on the Flop
Seat 6: robinwhy folded before Flop (didn't bet)
Seat 7: g.villeneuve folded before Flop (didn't bet)
Seat 8: timleery folded before Flop (didn't bet)
Seat 9: Alameda22 folded before Flop (didn't bet)



PokerStars Game #20023995052:  Hold'em No Limit ($0.10/$0.25) - 2008/08/30 - 19:33:32 (ET)
Table 'Peitho III' 9-max Seat #3 is the button
Seat 1: Adobe 2 ($20.50 in chips) 
Seat 2: helios25 ($48.50 in chips) 
Seat 3: McCdaddy31 ($11.45 in chips) 
Seat 4: hnysoner2 ($31.40 in chips) 
Seat 5: cr8wealth ($15 in chips) 
Seat 6: robinwhy ($25.40 in chips) 
Seat 7: g.villeneuve ($9.75 in chips) 
Seat 8: timleery ($21.05 in chips) 
Seat 9: Alameda22 ($22.10 in chips) 
hnysoner2: posts small blind $0.10
cr8wealth: posts big blind $0.25
*** HOLE CARDS ***
Dealt to Alameda22 [8d 2s]
robinwhy: folds 
g.villeneuve: calls $0.25
timleery: folds 
Alameda22: folds 
Adobe 2: calls $0.25
helios25: raises $1.25 to $1.50
McCdaddy31: folds 
hnysoner2: folds 
cr8wealth: calls $1.25
g.villeneuve: folds 
Adobe 2: folds 
*** FLOP *** [Kh Jd Tc]
McCdaddy31 leaves the table
cr8wealth: checks 
helios25: bets $3
cr8wealth: folds 
Uncalled bet ($3) returned to helios25
helios25 collected $3.45 from pot
helios25: doesn't show hand 
*** SUMMARY ***
Total pot $3.60 | Rake $0.15 
Board [Kh Jd Tc]
Seat 1: Adobe 2 folded before Flop
Seat 2: helios25 collected ($3.45)
Seat 3: McCdaddy31 (button) folded before Flop (didn't bet)
Seat 4: hnysoner2 (small blind) folded before Flop
Seat 5: cr8wealth (big blind) folded on the Flop
Seat 6: robinwhy folded before Flop (didn't bet)
Seat 7: g.villeneuve folded before Flop
Seat 8: timleery folded before Flop (didn't bet)
Seat 9: Alameda22 folded before Flop (didn't bet)



PokerStars Game #20024023965:  Hold'em No Limit ($0.10/$0.25) - 2008/08/30 - 19:34:57 (ET)
Table 'Peitho III' 9-max Seat #4 is the button
Seat 1: Adobe 2 ($20.25 in chips) 
Seat 2: helios25 ($50.45 in chips) 
Seat 4: hnysoner2 ($31.30 in chips) 
Seat 5: cr8wealth ($13.50 in chips) 
Seat 7: g.villeneuve ($9.50 in chips) 
Seat 8: timleery ($21.05 in chips) 
Seat 9: Alameda22 ($22.10 in chips) 
cr8wealth: posts small blind $0.10
robinwhy: is sitting out 
g.villeneuve: posts big blind $0.25
*** HOLE CARDS ***
Dealt to Alameda22 [Qc 5s]
robinwhy leaves the table
timleery: folds 
Alameda22: folds 
Adobe 2: calls $0.25
helios25: folds 
hnysoner2: folds 
cr8wealth: folds 
g.villeneuve: checks 
*** FLOP *** [3h 2c 7d]
g.villeneuve: checks 
Adobe 2: bets $0.50
g.villeneuve: calls $0.50
*** TURN *** [3h 2c 7d] [9d]
g.villeneuve: checks 
Adobe 2: bets $0.50
g.villeneuve: folds 
Uncalled bet ($0.50) returned to Adobe 2
Adobe 2 collected $1.55 from pot
*** SUMMARY ***
Total pot $1.60 | Rake $0.05 
Board [3h 2c 7d 9d]
Seat 1: Adobe 2 collected ($1.55)
Seat 2: helios25 folded before Flop (didn't bet)
Seat 4: hnysoner2 (button) folded before Flop (didn't bet)
Seat 5: cr8wealth (small blind) folded before Flop
Seat 7: g.villeneuve (big blind) folded on the Turn
Seat 8: timleery folded before Flop (didn't bet)
Seat 9: Alameda22 folded before Flop (didn't bet)



PokerStars Game #20024054010:  Hold'em No Limit ($0.10/$0.25) - 2008/08/30 - 19:36:25 (ET)
Table 'Peitho III' 9-max Seat #5 is the button
Seat 1: Adobe 2 ($21.05 in chips) 
Seat 2: helios25 ($50.45 in chips) 
Seat 4: hnysoner2 ($31.30 in chips) 
Seat 5: cr8wealth ($13.40 in chips) 
Seat 7: g.villeneuve ($8.75 in chips) 
Seat 8: timleery ($21.05 in chips) 
Seat 9: Alameda22 ($22.10 in chips) 
g.villeneuve: posts small blind $0.10
timleery: posts big blind $0.25
*** HOLE CARDS ***
Dealt to Alameda22 [Tc 6s]
Alameda22: folds 
Adobe 2: calls $0.25
helios25: folds 
hnysoner2: folds 
cr8wealth: calls $0.25
g.villeneuve: calls $0.15
timleery: checks 
*** FLOP *** [5s Jh 3c]
g.villeneuve: bets $0.25
timleery: calls $0.25
Adobe 2: raises $0.50 to $0.75
cr8wealth: folds 
g.villeneuve: calls $0.50
timleery: calls $0.50
*** TURN *** [5s Jh 3c] [Ac]
g.villeneuve: checks 
timleery: checks 
Adobe 2: bets $1
g.villeneuve: folds 
timleery: calls $1
*** RIVER *** [5s Jh 3c Ac] [4d]
timleery: bets $2
Adobe 2: calls $2
*** SHOW DOWN ***
timleery: shows [Ad Ah] (three of a kind, Aces)
Adobe 2: mucks hand 
timleery collected $8.80 from pot
*** SUMMARY ***
Total pot $9.25 | Rake $0.45 
Board [5s Jh 3c Ac 4d]
Seat 1: Adobe 2 mucked [Js 9s]
Seat 2: helios25 folded before Flop (didn't bet)
Seat 4: hnysoner2 folded before Flop (didn't bet)
Seat 5: cr8wealth (button) folded on the Flop
Seat 7: g.villeneuve (small blind) folded on the Turn
Seat 8: timleery (big blind) showed [Ad Ah] and won ($8.80) with three of a kind, Aces
Seat 9: Alameda22 folded before Flop (didn't bet)



PokerStars Game #20024084689:  Hold'em No Limit ($0.10/$0.25) - 2008/08/30 - 19:37:54 (ET)
Table 'Peitho III' 9-max Seat #7 is the button
Seat 1: Adobe 2 ($17.05 in chips) 
Seat 2: helios25 ($50.45 in chips) 
Seat 4: hnysoner2 ($31.30 in chips) 
Seat 5: cr8wealth ($13.15 in chips) 
Seat 7: g.villeneuve ($7.75 in chips) 
Seat 8: timleery ($25.85 in chips) 
Seat 9: Alameda22 ($22.10 in chips) 
timleery: posts small blind $0.10
Alameda22: posts big blind $0.25
*** HOLE CARDS ***
Dealt to Alameda22 [5s 8s]
Adobe 2: calls $0.25
helios25: folds 
hnysoner2: folds 
cr8wealth: calls $0.25
g.villeneuve: folds 
timleery: folds 
Alameda22: checks 
*** FLOP *** [Js 7d Kc]
Alameda22: checks 
Adobe 2: checks 
cr8wealth: checks 
*** TURN *** [Js 7d Kc] [3c]
Alameda22: checks 
Adobe 2: bets $0.50
cr8wealth: folds 
Alameda22: folds 
Uncalled bet ($0.50) returned to Adobe 2
Adobe 2 collected $0.85 from pot
*** SUMMARY ***
Total pot $0.85 | Rake $0 
Board [Js 7d Kc 3c]
Seat 1: Adobe 2 collected ($0.85)
Seat 2: helios25 folded before Flop (didn't bet)
Seat 4: hnysoner2 folded before Flop (didn't bet)
Seat 5: cr8wealth folded on the Turn
Seat 7: g.villeneuve (button) folded before Flop (didn't bet)
Seat 8: timleery (small blind) folded before Flop
Seat 9: Alameda22 (big blind) folded on the Turn



PokerStars Game #20024114171:  Hold'em No Limit ($0.10/$0.25) - 2008/08/30 - 19:39:21 (ET)
Table 'Peitho III' 9-max Seat #8 is the button
Seat 1: Adobe 2 ($17.65 in chips) 
Seat 2: helios25 ($50.45 in chips) 
Seat 4: hnysoner2 ($31.30 in chips) 
Seat 5: cr8wealth ($12.90 in chips) 
Seat 7: g.villeneuve ($7.75 in chips) 
Seat 8: timleery ($25.75 in chips) 
Seat 9: Alameda22 ($21.85 in chips) 
Alameda22: posts small blind $0.10
Adobe 2: posts big blind $0.25
*** HOLE CARDS ***
Dealt to Alameda22 [4s 5h]
JaspertheCat joins the table at seat #3 
helios25: folds 
hnysoner2: calls $0.25
cr8wealth: raises $0.25 to $0.50
g.villeneuve: folds 
timleery: calls $0.50
Alameda22: folds 
Adobe 2: calls $0.25
hnysoner2: calls $0.25
*** FLOP *** [Td Qh 4h]
Adobe 2: checks 
hnysoner2: checks 
cr8wealth: checks 
timleery: bets $0.75
Adobe 2: calls $0.75
hnysoner2: folds 
cr8wealth: folds 
*** TURN *** [Td Qh 4h] [Qd]
Adobe 2: checks 
timleery: checks 
*** RIVER *** [Td Qh 4h Qd] [7d]
Adobe 2: bets $0.75
timleery: calls $0.75
*** SHOW DOWN ***
Adobe 2: shows [Tc Ah] (two pair, Queens and Tens)
timleery: mucks hand 
Adobe 2 collected $4.90 from pot
*** SUMMARY ***
Total pot $5.10 | Rake $0.20 
Board [Td Qh 4h Qd 7d]
Seat 1: Adobe 2 (big blind) showed [Tc Ah] and won ($4.90) with two pair, Queens and Tens
Seat 2: helios25 folded before Flop (didn't bet)
Seat 4: hnysoner2 folded on the Flop
Seat 5: cr8wealth folded on the Flop
Seat 7: g.villeneuve folded before Flop (didn't bet)
Seat 8: timleery (button) mucked [8s 8h]
Seat 9: Alameda22 (small blind) folded before Flop



PokerStars Game #20024149274:  Hold'em No Limit ($0.10/$0.25) - 2008/08/30 - 19:41:02 (ET)
Table 'Peitho III' 9-max Seat #9 is the button
Seat 1: Adobe 2 ($20.55 in chips) 
Seat 2: helios25 ($50.45 in chips) 
Seat 3: JaspertheCat ($15 in chips) 
Seat 4: hnysoner2 ($30.80 in chips) 
Seat 5: cr8wealth ($12.40 in chips) 
Seat 7: g.villeneuve ($7.75 in chips) 
Seat 8: timleery ($23.75 in chips) 
Seat 9: Alameda22 ($21.75 in chips) 
Adobe 2: posts small blind $0.10
helios25: posts big blind $0.25
JaspertheCat: posts big blind $0.25
*** HOLE CARDS ***
Dealt to Alameda22 [2s 8c]
sofust joins the table at seat #6 
JaspertheCat: checks 
hnysoner2: folds 
cr8wealth: folds 
g.villeneuve: folds 
timleery: folds 
hnysoner2 is sitting out
Alameda22: folds 
Adobe 2: calls $0.15
helios25: checks 
*** FLOP *** [8s 7d 2d]
Adobe 2: checks 
helios25: checks 
JaspertheCat: checks 
*** TURN *** [8s 7d 2d] [7s]
Adobe 2: bets $0.50
helios25: calls $0.50
JaspertheCat: folds 
*** RIVER *** [8s 7d 2d 7s] [Jd]
Adobe 2: bets $0.50
helios25: calls $0.50
*** SHOW DOWN ***
Adobe 2: shows [Qh Ac] (a pair of Sevens)
helios25: shows [7h 5s] (three of a kind, Sevens)
helios25 collected $2.65 from pot
*** SUMMARY ***
Total pot $2.75 | Rake $0.10 
Board [8s 7d 2d 7s Jd]
Seat 1: Adobe 2 (small blind) showed [Qh Ac] and lost with a pair of Sevens
Seat 2: helios25 (big blind) showed [7h 5s] and won ($2.65) with three of a kind, Sevens
Seat 3: JaspertheCat folded on the Turn
Seat 4: hnysoner2 folded before Flop (didn't bet)
Seat 5: cr8wealth folded before Flop (didn't bet)
Seat 7: g.villeneuve folded before Flop (didn't bet)
Seat 8: timleery folded before Flop (didn't bet)
Seat 9: Alameda22 (button) folded before Flop (didn't bet)



PokerStars Game #20024177289:  Hold'em No Limit ($0.10/$0.25) - 2008/08/30 - 19:42:24 (ET)
Table 'Peitho III' 9-max Seat #1 is the button
Seat 1: Adobe 2 ($19.30 in chips) 
Seat 2: helios25 ($51.85 in chips) 
Seat 3: JaspertheCat ($14.75 in chips) 
Seat 5: cr8wealth ($12.40 in chips) 
Seat 6: sofust ($9.35 in chips) 
Seat 7: g.villeneuve ($7.75 in chips) 
Seat 8: timleery ($23.75 in chips) 
Seat 9: Alameda22 ($21.75 in chips) 
helios25: posts small blind $0.10
JaspertheCat: posts big blind $0.25
sofust: posts big blind $0.25
*** HOLE CARDS ***
Dealt to Alameda22 [5c 8d]
cr8wealth: folds 
sofust: checks 
g.villeneuve: raises $0.50 to $0.75
timleery: calls $0.75
Alameda22: folds 
Adobe 2: folds 
helios25: folds 
JaspertheCat: folds 
sofust: calls $0.50
*** FLOP *** [2d Td 8c]
sofust: checks 
g.villeneuve: checks 
timleery: bets $0.50
sofust: calls $0.50
g.villeneuve: calls $0.50
*** TURN *** [2d Td 8c] [4s]
sofust: checks 
g.villeneuve: checks 
timleery: checks 
*** RIVER *** [2d Td 8c 4s] [3s]
sofust: bets $1
g.villeneuve: folds 
timleery: calls $1
*** SHOW DOWN ***
sofust: shows [9c 7d] (high card Ten)
timleery: shows [Ad 4d] (a pair of Fours)
timleery collected $5.85 from pot
*** SUMMARY ***
Total pot $6.10 | Rake $0.25 
Board [2d Td 8c 4s 3s]
Seat 1: Adobe 2 (button) folded before Flop (didn't bet)
Seat 2: helios25 (small blind) folded before Flop
Seat 3: JaspertheCat (big blind) folded before Flop
Seat 5: cr8wealth folded before Flop (didn't bet)
Seat 6: sofust showed [9c 7d] and lost with high card Ten
Seat 7: g.villeneuve folded on the River
Seat 8: timleery showed [Ad 4d] and won ($5.85) with a pair of Fours
Seat 9: Alameda22 folded before Flop (didn't bet)



PokerStars Game #20024208355:  Hold'em No Limit ($0.10/$0.25) - 2008/08/30 - 19:43:56 (ET)
Table 'Peitho III' 9-max Seat #2 is the button
Seat 1: Adobe 2 ($19.30 in chips) 
Seat 2: helios25 ($51.75 in chips) 
Seat 3: JaspertheCat ($14.50 in chips) 
Seat 5: cr8wealth ($12.40 in chips) 
Seat 6: sofust ($7.10 in chips) 
Seat 7: g.villeneuve ($6.50 in chips) 
Seat 8: timleery ($27.35 in chips) 
Seat 9: Alameda22 ($21.75 in chips) 
JaspertheCat: posts small blind $0.10
cr8wealth: posts big blind $0.25
*** HOLE CARDS ***
Dealt to Alameda22 [7c 2c]
sofust: folds 
g.villeneuve: folds 
timleery: folds 
Alameda22: folds 
Adobe 2: folds 
helios25: raises $0.75 to $1
JaspertheCat: folds 
cr8wealth: calls $0.75
*** FLOP *** [5s 5h Qd]
cr8wealth: checks 
helios25: bets $1.50
cr8wealth: folds 
Uncalled bet ($1.50) returned to helios25
helios25 collected $2 from pot
helios25: doesn't show hand 
*** SUMMARY ***
Total pot $2.10 | Rake $0.10 
Board [5s 5h Qd]
Seat 1: Adobe 2 folded before Flop (didn't bet)
Seat 2: helios25 (button) collected ($2)
Seat 3: JaspertheCat (small blind) folded before Flop
Seat 5: cr8wealth (big blind) folded on the Flop
Seat 6: sofust folded before Flop (didn't bet)
Seat 7: g.villeneuve folded before Flop (didn't bet)
Seat 8: timleery folded before Flop (didn't bet)
Seat 9: Alameda22 folded before Flop (didn't bet)



PokerStars Game #20024227064:  Hold'em No Limit ($0.10/$0.25) - 2008/08/30 - 19:44:51 (ET)
Table 'Peitho III' 9-max Seat #3 is the button
Seat 1: Adobe 2 ($19.30 in chips) 
Seat 2: helios25 ($52.75 in chips) 
Seat 3: JaspertheCat ($14.40 in chips) 
Seat 5: cr8wealth ($11.40 in chips) 
Seat 6: sofust ($7.10 in chips) 
Seat 7: g.villeneuve ($6.50 in chips) 
Seat 8: timleery ($27.35 in chips) 
Seat 9: Alameda22 ($25 in chips) 
cr8wealth: posts small blind $0.10
sofust: posts big blind $0.25
*** HOLE CARDS ***
Dealt to Alameda22 [Jd Jh]
g.villeneuve: raises $0.25 to $0.50
timleery: calls $0.50
Alameda22: raises $1.50 to $2
Adobe 2: folds 
helios25: folds 
JaspertheCat: folds 
cr8wealth: raises $4 to $6
sofust: folds 
g.villeneuve: folds 
timleery: folds 
Alameda22: folds 
Uncalled bet ($4) returned to cr8wealth
cr8wealth collected $5.25 from pot
cr8wealth: doesn't show hand 
*** SUMMARY ***
Total pot $5.25 | Rake $0 
Seat 1: Adobe 2 folded before Flop (didn't bet)
Seat 2: helios25 folded before Flop (didn't bet)
Seat 3: JaspertheCat (button) folded before Flop (didn't bet)
Seat 5: cr8wealth (small blind) collected ($5.25)
Seat 6: sofust (big blind) folded before Flop
Seat 7: g.villeneuve folded before Flop
Seat 8: timleery folded before Flop
Seat 9: Alameda22 folded before Flop



PokerStars Game #20024260352:  Hold'em No Limit ($0.10/$0.25) - 2008/08/30 - 19:46:29 (ET)
Table 'Peitho III' 9-max Seat #5 is the button
Seat 1: Adobe 2 ($19.30 in chips) 
Seat 2: helios25 ($52.75 in chips) 
Seat 3: JaspertheCat ($14.40 in chips) 
Seat 5: cr8wealth ($14.65 in chips) 
Seat 6: sofust ($6.85 in chips) 
Seat 7: g.villeneuve ($6 in chips) 
Seat 8: timleery ($26.85 in chips) 
Seat 9: Alameda22 ($23 in chips) 
sofust: posts small blind $0.10
g.villeneuve: posts big blind $0.25
*** HOLE CARDS ***
Dealt to Alameda22 [Qs Th]
timleery: calls $0.25
Alameda22: folds 
Adobe 2: raises $0.50 to $0.75
helios25: folds 
JaspertheCat: folds 
cr8wealth: calls $0.75
sofust: folds 
g.villeneuve: folds 
timleery: raises $0.50 to $1.25
Adobe 2: calls $0.50
cr8wealth: calls $0.50
*** FLOP *** [Kc 5d 8h]
timleery: checks 
Adobe 2: bets $1
cr8wealth: folds 
timleery: raises $1.50 to $2.50
Adobe 2: calls $1.50
*** TURN *** [Kc 5d 8h] [7s]
timleery: checks 
Adobe 2: checks 
*** RIVER *** [Kc 5d 8h 7s] [Kh]
timleery: checks 
Adobe 2: bets $5
timleery: folds 
Uncalled bet ($5) returned to Adobe 2
Adobe 2 collected $8.70 from pot
*** SUMMARY ***
Total pot $9.10 | Rake $0.40 
Board [Kc 5d 8h 7s Kh]
Seat 1: Adobe 2 collected ($8.70)
Seat 2: helios25 folded before Flop (didn't bet)
Seat 3: JaspertheCat folded before Flop (didn't bet)
Seat 5: cr8wealth (button) folded on the Flop
Seat 6: sofust (small blind) folded before Flop
Seat 7: g.villeneuve (big blind) folded before Flop
Seat 8: timleery folded on the River
Seat 9: Alameda22 folded before Flop (didn't bet)



PokerStars Game #20024298189:  Hold'em No Limit ($0.10/$0.25) - 2008/08/30 - 19:48:21 (ET)
Table 'Peitho III' 9-max Seat #6 is the button
Seat 1: Adobe 2 ($24.25 in chips) 
Seat 2: helios25 ($52.75 in chips) 
Seat 3: JaspertheCat ($14.40 in chips) 
Seat 5: cr8wealth ($13.40 in chips) 
Seat 6: sofust ($6.75 in chips) 
Seat 7: g.villeneuve ($5.75 in chips) 
Seat 8: timleery ($23.10 in chips) 
Seat 9: Alameda22 ($23 in chips) 
g.villeneuve: posts small blind $0.10
timleery: posts big blind $0.25
*** HOLE CARDS ***
Dealt to Alameda22 [Th 9d]
Alameda22: folds 
Adobe 2: folds 
helios25: folds 
JaspertheCat: folds 
cr8wealth: folds 
sofust: folds 
g.villeneuve: calls $0.15
timleery: checks 
*** FLOP *** [7d 5h 2h]
g.villeneuve: bets $0.25
timleery: folds 
Uncalled bet ($0.25) returned to g.villeneuve
g.villeneuve collected $0.50 from pot
*** SUMMARY ***
Total pot $0.50 | Rake $0 
Board [7d 5h 2h]
Seat 1: Adobe 2 folded before Flop (didn't bet)
Seat 2: helios25 folded before Flop (didn't bet)
Seat 3: JaspertheCat folded before Flop (didn't bet)
Seat 5: cr8wealth folded before Flop (didn't bet)
Seat 6: sofust (button) folded before Flop (didn't bet)
Seat 7: g.villeneuve (small blind) collected ($0.50)
Seat 8: timleery (big blind) folded on the Flop
Seat 9: Alameda22 folded before Flop (didn't bet)



PokerStars Game #20024314299:  Hold'em No Limit ($0.10/$0.25) - 2008/08/30 - 19:49:09 (ET)
Table 'Peitho III' 9-max Seat #7 is the button
Seat 1: Adobe 2 ($24.25 in chips) 
Seat 2: helios25 ($52.75 in chips) 
Seat 3: JaspertheCat ($14.40 in chips) 
Seat 5: cr8wealth ($13.40 in chips) 
Seat 6: sofust ($6.75 in chips) 
Seat 7: g.villeneuve ($6 in chips) 
Seat 8: timleery ($22.85 in chips) 
Seat 9: Alameda22 ($23 in chips) 
timleery: posts small blind $0.10
Alameda22: posts big blind $0.25
*** HOLE CARDS ***
Dealt to Alameda22 [4h Qs]
Adobe 2: calls $0.25
helios25: folds 
JaspertheCat: folds 
cr8wealth: calls $0.25
sofust: calls $0.25
g.villeneuve: folds 
timleery: folds 
Alameda22: checks 
*** FLOP *** [9h 4d Kc]
Alameda22: checks 
Adobe 2: bets $0.25
cr8wealth: folds 
sofust: folds 
Alameda22: folds 
Uncalled bet ($0.25) returned to Adobe 2
Adobe 2 collected $1.05 from pot
*** SUMMARY ***
Total pot $1.10 | Rake $0.05 
Board [9h 4d Kc]
Seat 1: Adobe 2 collected ($1.05)
Seat 2: helios25 folded before Flop (didn't bet)
Seat 3: JaspertheCat folded before Flop (didn't bet)
Seat 5: cr8wealth folded on the Flop
Seat 6: sofust folded on the Flop
Seat 7: g.villeneuve (button) folded before Flop (didn't bet)
Seat 8: timleery (small blind) folded before Flop
Seat 9: Alameda22 (big blind) folded on the Flop



PokerStars Game #20024336488:  Hold'em No Limit ($0.10/$0.25) - 2008/08/30 - 19:50:15 (ET)
Table 'Peitho III' 9-max Seat #8 is the button
Seat 1: Adobe 2 ($25.05 in chips) 
Seat 2: helios25 ($52.75 in chips) 
Seat 3: JaspertheCat ($14.40 in chips) 
Seat 5: cr8wealth ($13.15 in chips) 
Seat 6: sofust ($6.50 in chips) 
Seat 7: g.villeneuve ($6 in chips) 
Seat 8: timleery ($22.75 in chips) 
Seat 9: Alameda22 ($22.75 in chips) 
Alameda22: posts small blind $0.10
Adobe 2: posts big blind $0.25
*** HOLE CARDS ***
Dealt to Alameda22 [7h 4h]
helios25: folds 
JaspertheCat: raises $0.75 to $1
cr8wealth: folds 
sofust: folds 
g.villeneuve: folds 
timleery: folds 
Alameda22: folds 
Adobe 2: folds 
Uncalled bet ($0.75) returned to JaspertheCat
JaspertheCat collected $0.60 from pot
JaspertheCat: doesn't show hand 
*** SUMMARY ***
Total pot $0.60 | Rake $0 
Seat 1: Adobe 2 (big blind) folded before Flop
Seat 2: helios25 folded before Flop (didn't bet)
Seat 3: JaspertheCat collected ($0.60)
Seat 5: cr8wealth folded before Flop (didn't bet)
Seat 6: sofust folded before Flop (didn't bet)
Seat 7: g.villeneuve folded before Flop (didn't bet)
Seat 8: timleery (button) folded before Flop (didn't bet)
Seat 9: Alameda22 (small blind) folded before Flop



PokerStars Game #20024352510:  Hold'em No Limit ($0.10/$0.25) - 2008/08/30 - 19:51:02 (ET)
Table 'Peitho III' 9-max Seat #9 is the button
Seat 1: Adobe 2 ($24.80 in chips) 
Seat 2: helios25 ($52.75 in chips) 
Seat 3: JaspertheCat ($14.75 in chips) 
Seat 5: cr8wealth ($13.15 in chips) 
Seat 6: sofust ($6.50 in chips) 
Seat 7: g.villeneuve ($6 in chips) 
Seat 8: timleery ($22.75 in chips) 
Seat 9: Alameda22 ($22.65 in chips) 
Adobe 2: posts small blind $0.10
helios25: posts big blind $0.25
*** HOLE CARDS ***
Dealt to Alameda22 [Jc 3s]
JaspertheCat: folds 
cr8wealth: folds 
sofust: folds 
g.villeneuve: folds 
timleery: calls $0.25
Alameda22: folds 
Adobe 2: folds 
helios25: checks 
*** FLOP *** [Jh 9d Ac]
helios25: checks 
timleery: bets $0.25
helios25: folds 
Uncalled bet ($0.25) returned to timleery
timleery collected $0.60 from pot
timleery: doesn't show hand 
*** SUMMARY ***
Total pot $0.60 | Rake $0 
Board [Jh 9d Ac]
Seat 1: Adobe 2 (small blind) folded before Flop
Seat 2: helios25 (big blind) folded on the Flop
Seat 3: JaspertheCat folded before Flop (didn't bet)
Seat 5: cr8wealth folded before Flop (didn't bet)
Seat 6: sofust folded before Flop (didn't bet)
Seat 7: g.villeneuve folded before Flop (didn't bet)
Seat 8: timleery collected ($0.60)
Seat 9: Alameda22 (button) folded before Flop (didn't bet)



PokerStars Game #20024387040:  Hold'em No Limit ($0.10/$0.25) - 2008/08/30 - 19:52:45 (ET)
Table 'Peitho III' 9-max Seat #1 is the button
Seat 1: Adobe 2 ($24.70 in chips) 
Seat 2: helios25 ($52.50 in chips) 
Seat 3: JaspertheCat ($14.75 in chips) 
Seat 5: cr8wealth ($13.15 in chips) 
Seat 6: sofust ($6.50 in chips) 
Seat 7: g.villeneuve ($6 in chips) 
Seat 8: timleery ($23.10 in chips) 
Seat 9: Alameda22 ($22.65 in chips) 
helios25: posts small blind $0.10
JaspertheCat: posts big blind $0.25
*** HOLE CARDS ***
Dealt to Alameda22 [As Kd]
cr8wealth: folds 
sofust: calls $0.25
g.villeneuve: folds 
timleery: folds 
Alameda22: raises $1 to $1.25
Adobe 2: folds 
helios25: folds 
JaspertheCat: raises $1.25 to $2.50
sofust: folds 
Alameda22: calls $1.25
*** FLOP *** [2s 2c Jc]
JaspertheCat: bets $12.25 and is all-in
Alameda22: folds 
Uncalled bet ($12.25) returned to JaspertheCat
JaspertheCat collected $5.10 from pot
JaspertheCat: shows [Ah Ac] (two pair, Aces and Deuces)
*** SUMMARY ***
Total pot $5.35 | Rake $0.25 
Board [2s 2c Jc]
Seat 1: Adobe 2 (button) folded before Flop (didn't bet)
Seat 2: helios25 (small blind) folded before Flop
Seat 3: JaspertheCat (big blind) collected ($5.10)
Seat 5: cr8wealth folded before Flop (didn't bet)
Seat 6: sofust folded before Flop
Seat 7: g.villeneuve folded before Flop (didn't bet)
Seat 8: timleery folded before Flop (didn't bet)
Seat 9: Alameda22 folded on the Flop



PokerStars Game #20024406167:  Hold'em No Limit ($0.10/$0.25) - 2008/08/30 - 19:53:43 (ET)
Table 'Peitho III' 9-max Seat #2 is the button
Seat 1: Adobe 2 ($24.70 in chips) 
Seat 2: helios25 ($52.40 in chips) 
Seat 3: JaspertheCat ($17.35 in chips) 
Seat 5: cr8wealth ($13.15 in chips) 
Seat 6: sofust ($6.25 in chips) 
Seat 7: g.villeneuve ($6 in chips) 
Seat 8: timleery ($23.10 in chips) 
Seat 9: Alameda22 ($20.15 in chips) 
JaspertheCat: posts small blind $0.10
cr8wealth: posts big blind $0.25
*** HOLE CARDS ***
Dealt to Alameda22 [Ts 4s]
sofust: folds 
g.villeneuve: folds 
timleery: raises $0.25 to $0.50
Alameda22: folds 
Adobe 2: folds 
helios25: calls $0.50
JaspertheCat: folds 
cr8wealth: folds 
*** FLOP *** [7h 6h 9d]
timleery: bets $0.25
helios25: folds 
Uncalled bet ($0.25) returned to timleery
hnysoner2 has returned
timleery collected $1.30 from pot
timleery: doesn't show hand 
*** SUMMARY ***
Total pot $1.35 | Rake $0.05 
Board [7h 6h 9d]
Seat 1: Adobe 2 folded before Flop (didn't bet)
Seat 2: helios25 (button) folded on the Flop
Seat 3: JaspertheCat (small blind) folded before Flop
Seat 5: cr8wealth (big blind) folded before Flop
Seat 6: sofust folded before Flop (didn't bet)
Seat 7: g.villeneuve folded before Flop (didn't bet)
Seat 8: timleery collected ($1.30)
Seat 9: Alameda22 folded before Flop (didn't bet)



PokerStars Game #20024425705:  Hold'em No Limit ($0.10/$0.25) - 2008/08/30 - 19:54:41 (ET)
Table 'Peitho III' 9-max Seat #3 is the button
Seat 1: Adobe 2 ($24.70 in chips) 
Seat 2: helios25 ($51.90 in chips) 
Seat 3: JaspertheCat ($17.25 in chips) 
Seat 5: cr8wealth ($12.90 in chips) 
Seat 6: sofust ($6.25 in chips) 
Seat 7: g.villeneuve ($6 in chips) 
Seat 8: timleery ($23.90 in chips) 
Seat 9: Alameda22 ($20.15 in chips) 
hnysoner2 will be allowed to play after the button
cr8wealth: posts small blind $0.10
sofust: posts big blind $0.25
*** HOLE CARDS ***
Dealt to Alameda22 [5s 2s]
g.villeneuve: folds 
timleery: calls $0.25
Alameda22: folds 
Adobe 2: folds 
helios25: folds 
JaspertheCat: folds 
cr8wealth: calls $0.15
sofust: checks 
*** FLOP *** [3h Js 3s]
cr8wealth: checks 
sofust: checks 
timleery: checks 
*** TURN *** [3h Js 3s] [Jh]
cr8wealth: checks 
sofust: bets $0.25
timleery: calls $0.25
cr8wealth: folds 
*** RIVER *** [3h Js 3s Jh] [7s]
sofust: bets $1.50
timleery: folds 
Uncalled bet ($1.50) returned to sofust
sofust collected $1.20 from pot
sofust: doesn't show hand 
*** SUMMARY ***
Total pot $1.25 | Rake $0.05 
Board [3h Js 3s Jh 7s]
Seat 1: Adobe 2 folded before Flop (didn't bet)
Seat 2: helios25 folded before Flop (didn't bet)
Seat 3: JaspertheCat (button) folded before Flop (didn't bet)
Seat 5: cr8wealth (small blind) folded on the Turn
Seat 6: sofust (big blind) collected ($1.20)
Seat 7: g.villeneuve folded before Flop (didn't bet)
Seat 8: timleery folded on the River
Seat 9: Alameda22 folded before Flop (didn't bet)



PokerStars Game #20024470816:  Hold'em No Limit ($0.10/$0.25) - 2008/08/30 - 19:56:58 (ET)
Table 'Peitho III' 9-max Seat #5 is the button
Seat 1: Adobe 2 ($24.70 in chips) 
Seat 2: helios25 ($51.90 in chips) 
Seat 3: JaspertheCat ($17.25 in chips) 
Seat 4: hnysoner2 ($30.80 in chips) 
Seat 5: cr8wealth ($12.65 in chips) 
Seat 6: sofust ($6.95 in chips) 
Seat 7: g.villeneuve ($6 in chips) 
Seat 8: timleery ($23.40 in chips) 
Seat 9: Alameda22 ($20.15 in chips) 
sofust: posts small blind $0.10
g.villeneuve: posts big blind $0.25
hnysoner2: posts small & big blinds $0.35
*** HOLE CARDS ***
Dealt to Alameda22 [Jh 3s]
timleery: raises $0.50 to $0.75
Alameda22: folds 
Adobe 2: folds 
helios25: folds 
JaspertheCat: folds 
hnysoner2: folds 
cr8wealth: folds 
sofust: folds 
g.villeneuve: folds 
Uncalled bet ($0.50) returned to timleery
timleery collected $0.95 from pot
*** SUMMARY ***
Total pot $0.95 | Rake $0 
Seat 1: Adobe 2 folded before Flop (didn't bet)
Seat 2: helios25 folded before Flop (didn't bet)
Seat 3: JaspertheCat folded before Flop (didn't bet)
Seat 4: hnysoner2 folded before Flop
Seat 5: cr8wealth (button) folded before Flop (didn't bet)
Seat 6: sofust (small blind) folded before Flop
Seat 7: g.villeneuve (big blind) folded before Flop
Seat 8: timleery collected ($0.95)
Seat 9: Alameda22 folded before Flop (didn't bet)



PokerStars Game #20024491608:  Hold'em No Limit ($0.10/$0.25) - 2008/08/30 - 19:58:01 (ET)
Table 'Peitho III' 9-max Seat #6 is the button
Seat 1: Adobe 2 ($24.70 in chips) 
Seat 2: helios25 ($51.90 in chips) 
Seat 3: JaspertheCat ($17.25 in chips) 
Seat 4: hnysoner2 ($30.45 in chips) 
Seat 5: cr8wealth ($12.65 in chips) 
Seat 6: sofust ($6.85 in chips) 
Seat 7: g.villeneuve ($5.75 in chips) 
Seat 8: timleery ($24.10 in chips) 
Seat 9: Alameda22 ($20.15 in chips) 
g.villeneuve: posts small blind $0.10
timleery: posts big blind $0.25
*** HOLE CARDS ***
Dealt to Alameda22 [7c Js]
Alameda22: folds 
Adobe 2: folds 
helios25: folds 
JaspertheCat: raises $0.50 to $0.75
hnysoner2: folds 
cr8wealth: folds 
sofust: folds 
g.villeneuve: folds 
timleery: folds 
Uncalled bet ($0.50) returned to JaspertheCat
JaspertheCat collected $0.60 from pot
JaspertheCat: doesn't show hand 
*** SUMMARY ***
Total pot $0.60 | Rake $0 
Seat 1: Adobe 2 folded before Flop (didn't bet)
Seat 2: helios25 folded before Flop (didn't bet)
Seat 3: JaspertheCat collected ($0.60)
Seat 4: hnysoner2 folded before Flop (didn't bet)
Seat 5: cr8wealth folded before Flop (didn't bet)
Seat 6: sofust (button) folded before Flop (didn't bet)
Seat 7: g.villeneuve (small blind) folded before Flop
Seat 8: timleery (big blind) folded before Flop
Seat 9: Alameda22 folded before Flop (didn't bet)



PokerStars Game #20024508298:  Hold'em No Limit ($0.10/$0.25) - 2008/08/30 - 19:58:52 (ET)
Table 'Peitho III' 9-max Seat #7 is the button
Seat 1: Adobe 2 ($24.70 in chips) 
Seat 2: helios25 ($51.90 in chips) 
Seat 3: JaspertheCat ($17.60 in chips) 
Seat 4: hnysoner2 ($30.45 in chips) 
Seat 5: cr8wealth ($12.65 in chips) 
Seat 6: sofust ($6.85 in chips) 
Seat 7: g.villeneuve ($5.65 in chips) 
Seat 8: timleery ($23.85 in chips) 
Seat 9: Alameda22 ($20.15 in chips) 
timleery: posts small blind $0.10
Alameda22: posts big blind $0.25
*** HOLE CARDS ***
Dealt to Alameda22 [5s Jd]
Adobe 2: folds 
helios25: folds 
JaspertheCat: folds 
hnysoner2: folds 
cr8wealth: folds 
sofust: folds 
g.villeneuve: calls $0.25
timleery: folds 
Alameda22: checks 
*** FLOP *** [Qd 7c 4s]
Alameda22: checks 
g.villeneuve: checks 
*** TURN *** [Qd 7c 4s] [5h]
Alameda22: checks 
g.villeneuve: checks 
*** RIVER *** [Qd 7c 4s 5h] [Qh]
Alameda22: checks 
g.villeneuve: checks 
*** SHOW DOWN ***
Alameda22: shows [5s Jd] (two pair, Queens and Fives)
g.villeneuve: mucks hand 
Alameda22 collected $0.60 from pot
*** SUMMARY ***
Total pot $0.60 | Rake $0 
Board [Qd 7c 4s 5h Qh]
Seat 1: Adobe 2 folded before Flop (didn't bet)
Seat 2: helios25 folded before Flop (didn't bet)
Seat 3: JaspertheCat folded before Flop (didn't bet)
Seat 4: hnysoner2 folded before Flop (didn't bet)
Seat 5: cr8wealth folded before Flop (didn't bet)
Seat 6: sofust folded before Flop (didn't bet)
Seat 7: g.villeneuve (button) mucked [Kc Jh]
Seat 8: timleery (small blind) folded before Flop
Seat 9: Alameda22 (big blind) showed [5s Jd] and won ($0.60) with two pair, Queens and Fives



PokerStars Game #20024529654:  Hold'em No Limit ($0.10/$0.25) - 2008/08/30 - 19:59:57 (ET)
Table 'Peitho III' 9-max Seat #8 is the button
Seat 1: Adobe 2 ($24.70 in chips) 
Seat 2: helios25 ($51.90 in chips) 
Seat 3: JaspertheCat ($17.60 in chips) 
Seat 4: hnysoner2 ($30.45 in chips) 
Seat 5: cr8wealth ($12.65 in chips) 
Seat 6: sofust ($6.85 in chips) 
Seat 7: g.villeneuve ($5.40 in chips) 
Seat 8: timleery ($23.75 in chips) 
Seat 9: Alameda22 ($20.50 in chips) 
Alameda22: posts small blind $0.10
Adobe 2: posts big blind $0.25
*** HOLE CARDS ***
Dealt to Alameda22 [3h 3d]
helios25: folds 
JaspertheCat: folds 
hnysoner2: folds 
cr8wealth: raises $1 to $1.25
sofust: folds 
g.villeneuve: folds 
timleery: calls $1.25
Alameda22: folds 
Adobe 2: folds 
*** FLOP *** [5c 9c 7d]
cr8wealth: bets $1
timleery: raises $1.50 to $2.50
cr8wealth: calls $1.50
*** TURN *** [5c 9c 7d] [Td]
cr8wealth: checks 
timleery: checks 
*** RIVER *** [5c 9c 7d Td] [5s]
cr8wealth: checks 
timleery: checks 
*** SHOW DOWN ***
cr8wealth: shows [Qs Ac] (a pair of Fives)
timleery: shows [Jd Js] (two pair, Jacks and Fives)
timleery collected $7.50 from pot
*** SUMMARY ***
Total pot $7.85 | Rake $0.35 
Board [5c 9c 7d Td 5s]
Seat 1: Adobe 2 (big blind) folded before Flop
Seat 2: helios25 folded before Flop (didn't bet)
Seat 3: JaspertheCat folded before Flop (didn't bet)
Seat 4: hnysoner2 folded before Flop (didn't bet)
Seat 5: cr8wealth showed [Qs Ac] and lost with a pair of Fives
Seat 6: sofust folded before Flop (didn't bet)
Seat 7: g.villeneuve folded before Flop (didn't bet)
Seat 8: timleery (button) showed [Jd Js] and won ($7.50) with two pair, Jacks and Fives
Seat 9: Alameda22 (small blind) folded before Flop



PokerStars Game #20024549583:  Hold'em No Limit ($0.10/$0.25) - 2008/08/30 - 20:00:56 (ET)
Table 'Peitho III' 9-max Seat #9 is the button
Seat 1: Adobe 2 ($24.45 in chips) 
Seat 2: helios25 ($51.90 in chips) 
Seat 3: JaspertheCat ($17.60 in chips) 
Seat 4: hnysoner2 ($30.45 in chips) 
Seat 5: cr8wealth ($8.90 in chips) 
Seat 6: sofust ($6.85 in chips) 
Seat 7: g.villeneuve ($5.40 in chips) 
Seat 8: timleery ($27.50 in chips) 
Seat 9: Alameda22 ($20.40 in chips) 
Adobe 2: posts small blind $0.10
helios25: posts big blind $0.25
*** HOLE CARDS ***
Dealt to Alameda22 [4h Jd]
JaspertheCat: folds 
hnysoner2: folds 
cr8wealth: folds 
sofust: calls $0.25
g.villeneuve: folds 
timleery: calls $0.25
Alameda22: folds 
Adobe 2: calls $0.15
cr8wealth leaves the table
helios25: checks 
*** FLOP *** [7h Kd Ts]
Adobe 2: checks 
helios25: checks 
sofust: checks 
timleery: bets $0.25
Adobe 2: calls $0.25
helios25: folds 
sofust: calls $0.25
*** TURN *** [7h Kd Ts] [Qh]
Adobe 2: checks 
sofust: checks 
timleery: bets $0.75
Adobe 2: folds 
sofust: raises $1.25 to $2
timleery: calls $1.25
*** RIVER *** [7h Kd Ts Qh] [7d]
sofust: checks 
timleery: checks 
*** SHOW DOWN ***
sofust: shows [Js 9d] (a straight, Nine to King)
timleery: mucks hand 
sofust collected $5.50 from pot
*** SUMMARY ***
Total pot $5.75 | Rake $0.25 
Board [7h Kd Ts Qh 7d]
Seat 1: Adobe 2 (small blind) folded on the Turn
Seat 2: helios25 (big blind) folded on the Flop
Seat 3: JaspertheCat folded before Flop (didn't bet)
Seat 4: hnysoner2 folded before Flop (didn't bet)
Seat 5: cr8wealth folded before Flop (didn't bet)
Seat 6: sofust showed [Js 9d] and won ($5.50) with a straight, Nine to King
Seat 7: g.villeneuve folded before Flop (didn't bet)
Seat 8: timleery mucked [Jh Kh]
Seat 9: Alameda22 (button) folded before Flop (didn't bet)



PokerStars Game #20024591442:  Hold'em No Limit ($0.10/$0.25) - 2008/08/30 - 20:02:59 (ET)
Table 'Peitho III' 9-max Seat #1 is the button
Seat 1: Adobe 2 ($23.95 in chips) 
Seat 2: helios25 ($51.65 in chips) 
Seat 3: JaspertheCat ($17.60 in chips) 
Seat 4: hnysoner2 ($30.45 in chips) 
Seat 6: sofust ($9.85 in chips) 
Seat 7: g.villeneuve ($5.40 in chips) 
Seat 8: timleery ($25 in chips) 
Seat 9: Alameda22 ($20.40 in chips) 
helios25: posts small blind $0.10
JaspertheCat: posts big blind $0.25
*** HOLE CARDS ***
Dealt to Alameda22 [5d 7h]
TheDommer131 joins the table at seat #5 
hnysoner2: folds 
sofust: calls $0.25
g.villeneuve: raises $0.25 to $0.50
timleery: folds 
Alameda22: folds 
Adobe 2: folds 
Adobe 2 leaves the table
helios25: folds 
JaspertheCat: folds 
sofust: calls $0.25
*** FLOP *** [9c 9d 8s]
sofust: checks 
g.villeneuve: bets $0.50
sofust: folds 
Uncalled bet ($0.50) returned to g.villeneuve
g.villeneuve collected $1.30 from pot
*** SUMMARY ***
Total pot $1.35 | Rake $0.05 
Board [9c 9d 8s]
Seat 1: Adobe 2 (button) folded before Flop (didn't bet)
Seat 2: helios25 (small blind) folded before Flop
Seat 3: JaspertheCat (big blind) folded before Flop
Seat 4: hnysoner2 folded before Flop (didn't bet)
Seat 6: sofust folded on the Flop
Seat 7: g.villeneuve collected ($1.30)
Seat 8: timleery folded before Flop (didn't bet)
Seat 9: Alameda22 folded before Flop (didn't bet)



PokerStars Game #20024614380:  Hold'em No Limit ($0.10/$0.25) - 2008/08/30 - 20:04:07 (ET)
Table 'Peitho III' 9-max Seat #2 is the button
Seat 2: helios25 ($51.55 in chips) 
Seat 3: JaspertheCat ($17.35 in chips) 
Seat 4: hnysoner2 ($30.45 in chips) 
Seat 5: TheDommer131 ($25 in chips) 
Seat 6: sofust ($9.35 in chips) 
Seat 7: g.villeneuve ($6.20 in chips) 
Seat 8: timleery ($25 in chips) 
Seat 9: Alameda22 ($20.40 in chips) 
JaspertheCat: posts small blind $0.10
hnysoner2: posts big blind $0.25
TheDommer131: posts big blind $0.25
*** HOLE CARDS ***
Dealt to Alameda22 [As 7d]
TheDommer131: checks 
sofust: folds 
g.villeneuve: folds 
timleery: calls $0.25
Alameda22: folds 
helios25: folds 
JaspertheCat: folds 
hnysoner2: checks 
*** FLOP *** [Jc 9h 4c]
hnysoner2: bets $0.75
TheDommer131: folds 
timleery: calls $0.75
*** TURN *** [Jc 9h 4c] [Qc]
hnysoner2: bets $0.75
timleery: folds 
Uncalled bet ($0.75) returned to hnysoner2
hnysoner2 collected $2.25 from pot
hnysoner2: doesn't show hand 
*** SUMMARY ***
Total pot $2.35 | Rake $0.10 
Board [Jc 9h 4c Qc]
Seat 2: helios25 (button) folded before Flop (didn't bet)
Seat 3: JaspertheCat (small blind) folded before Flop
Seat 4: hnysoner2 (big blind) collected ($2.25)
Seat 5: TheDommer131 folded on the Flop
Seat 6: sofust folded before Flop (didn't bet)
Seat 7: g.villeneuve folded before Flop (didn't bet)
Seat 8: timleery folded on the Turn
Seat 9: Alameda22 folded before Flop (didn't bet)



PokerStars Game #20024644552:  Hold'em No Limit ($0.10/$0.25) - 2008/08/30 - 20:05:36 (ET)
Table 'Peitho III' 9-max Seat #3 is the button
Seat 2: helios25 ($51.55 in chips) 
Seat 3: JaspertheCat ($17.25 in chips) 
Seat 4: hnysoner2 ($31.70 in chips) 
Seat 5: TheDommer131 ($24.75 in chips) 
Seat 6: sofust ($9.35 in chips) 
Seat 7: g.villeneuve ($6.20 in chips) 
Seat 8: timleery ($24 in chips) 
Seat 9: Alameda22 ($20.40 in chips) 
hnysoner2: posts small blind $0.10
TheDommer131: posts big blind $0.25
*** HOLE CARDS ***
Dealt to Alameda22 [8h 2h]
sofust: folds 
g.villeneuve: folds 
timleery: folds 
Alameda22: folds 
helios25: raises $0.75 to $1
JaspertheCat: folds 
hnysoner2: folds 
TheDommer131: calls $0.75
*** FLOP *** [Ts 3s 7d]
TheDommer131: checks 
helios25: bets $2
TheDommer131: folds 
Uncalled bet ($2) returned to helios25
helios25 collected $2 from pot
helios25: doesn't show hand 
chessmanA1 joins the table at seat #1 
*** SUMMARY ***
Total pot $2.10 | Rake $0.10 
Board [Ts 3s 7d]
Seat 2: helios25 collected ($2)
Seat 3: JaspertheCat (button) folded before Flop (didn't bet)
Seat 4: hnysoner2 (small blind) folded before Flop
Seat 5: TheDommer131 (big blind) folded on the Flop
Seat 6: sofust folded before Flop (didn't bet)
Seat 7: g.villeneuve folded before Flop (didn't bet)
Seat 8: timleery folded before Flop (didn't bet)
Seat 9: Alameda22 folded before Flop (didn't bet)



PokerStars Game #20024662925:  Hold'em No Limit ($0.10/$0.25) - 2008/08/30 - 20:06:30 (ET)
Table 'Peitho III' 9-max Seat #4 is the button
Seat 2: helios25 ($52.55 in chips) 
Seat 3: JaspertheCat ($17.25 in chips) 
Seat 4: hnysoner2 ($31.60 in chips) 
Seat 5: TheDommer131 ($23.75 in chips) 
Seat 6: sofust ($9.35 in chips) 
Seat 7: g.villeneuve ($6.20 in chips) 
Seat 8: timleery ($24 in chips) 
Seat 9: Alameda22 ($20.40 in chips) 
TheDommer131: posts small blind $0.10
sofust: posts big blind $0.25
chessmanA1: sits out 
*** HOLE CARDS ***
Dealt to Alameda22 [4c 7c]
g.villeneuve: folds 
timleery: folds 
Alameda22: folds 
helios25: folds 
JaspertheCat: folds 
hnysoner2: folds 
TheDommer131: calls $0.15
sofust: checks 
*** FLOP *** [Ac Tc Js]
TheDommer131: bets $0.50
sofust: raises $0.50 to $1
TheDommer131: calls $0.50
*** TURN *** [Ac Tc Js] [Ah]
TheDommer131: checks 
sofust: bets $1
g.villeneuve is sitting out
TheDommer131: folds 
Uncalled bet ($1) returned to sofust
sofust collected $2.40 from pot
sofust: doesn't show hand 
*** SUMMARY ***
Total pot $2.50 | Rake $0.10 
Board [Ac Tc Js Ah]
Seat 2: helios25 folded before Flop (didn't bet)
Seat 3: JaspertheCat folded before Flop (didn't bet)
Seat 4: hnysoner2 (button) folded before Flop (didn't bet)
Seat 5: TheDommer131 (small blind) folded on the Turn
Seat 6: sofust (big blind) collected ($2.40)
Seat 7: g.villeneuve folded before Flop (didn't bet)
Seat 8: timleery folded before Flop (didn't bet)
Seat 9: Alameda22 folded before Flop (didn't bet)



PokerStars Game #20024688490:  Hold'em No Limit ($0.10/$0.25) - 2008/08/30 - 20:07:45 (ET)
Table 'Peitho III' 9-max Seat #5 is the button
Seat 2: helios25 ($52.55 in chips) 
Seat 3: JaspertheCat ($17.25 in chips) 
Seat 4: hnysoner2 ($31.60 in chips) 
Seat 5: TheDommer131 ($22.50 in chips) 
Seat 6: sofust ($10.50 in chips) 
Seat 8: timleery ($24 in chips) 
Seat 9: Alameda22 ($20.40 in chips) 
sofust: posts small blind $0.10
timleery: posts big blind $0.25
chessmanA1: sits out 
*** HOLE CARDS ***
Dealt to Alameda22 [Jd Qh]
Alameda22: folds 
helios25: folds 
JaspertheCat: calls $0.25
hnysoner2: folds 
TheDommer131: folds 
sofust: calls $0.15
timleery: checks 
*** FLOP *** [5d 4h 4c]
sofust: bets $0.25
timleery: calls $0.25
JaspertheCat: calls $0.25
*** TURN *** [5d 4h 4c] [6d]
sofust: checks 
timleery: checks 
JaspertheCat: checks 
*** RIVER *** [5d 4h 4c 6d] [4d]
sofust: bets $0.50
timleery: raises $1 to $1.50
JaspertheCat: folds 
sofust: folds 
Uncalled bet ($1) returned to timleery
timleery collected $2.40 from pot
timleery: doesn't show hand 
*** SUMMARY ***
Total pot $2.50 | Rake $0.10 
Board [5d 4h 4c 6d 4d]
Seat 2: helios25 folded before Flop (didn't bet)
Seat 3: JaspertheCat folded on the River
Seat 4: hnysoner2 folded before Flop (didn't bet)
Seat 5: TheDommer131 (button) folded before Flop (didn't bet)
Seat 6: sofust (small blind) folded on the River
Seat 8: timleery (big blind) collected ($2.40)
Seat 9: Alameda22 folded before Flop (didn't bet)



PokerStars Game #20024712408:  Hold'em No Limit ($0.10/$0.25) - 2008/08/30 - 20:08:55 (ET)
Table 'Peitho III' 9-max Seat #6 is the button
Seat 2: helios25 ($52.55 in chips) 
Seat 3: JaspertheCat ($16.75 in chips) 
Seat 4: hnysoner2 ($31.60 in chips) 
Seat 5: TheDommer131 ($22.50 in chips) 
Seat 6: sofust ($9.50 in chips) 
Seat 8: timleery ($25.40 in chips) 
Seat 9: Alameda22 ($20.40 in chips) 
timleery: posts small blind $0.10
Alameda22: posts big blind $0.25
chessmanA1: sits out 
*** HOLE CARDS ***
Dealt to Alameda22 [Kh 4c]
helios25: raises $0.75 to $1
JaspertheCat: folds 
hnysoner2: folds 
TheDommer131: folds 
sofust: calls $1
timleery: folds 
Alameda22: folds 
*** FLOP *** [4s Ks 7c]
helios25: checks 
sofust: bets $1
helios25: calls $1
*** TURN *** [4s Ks 7c] [2h]
helios25: checks 
sofust: bets $1
helios25: folds 
Uncalled bet ($1) returned to sofust
sofust collected $4.15 from pot
sofust: doesn't show hand 
*** SUMMARY ***
Total pot $4.35 | Rake $0.20 
Board [4s Ks 7c 2h]
Seat 2: helios25 folded on the Turn
Seat 3: JaspertheCat folded before Flop (didn't bet)
Seat 4: hnysoner2 folded before Flop (didn't bet)
Seat 5: TheDommer131 folded before Flop (didn't bet)
Seat 6: sofust (button) collected ($4.15)
Seat 8: timleery (small blind) folded before Flop
Seat 9: Alameda22 (big blind) folded before Flop



PokerStars Game #20024737448:  Hold'em No Limit ($0.10/$0.25) - 2008/08/30 - 20:10:10 (ET)
Table 'Peitho III' 9-max Seat #8 is the button
Seat 1: chessmanA1 ($15 in chips) 
Seat 2: helios25 ($50.55 in chips) 
Seat 3: JaspertheCat ($16.75 in chips) 
Seat 4: hnysoner2 ($31.60 in chips) 
Seat 5: TheDommer131 ($22.50 in chips) 
Seat 6: sofust ($11.65 in chips) 
Seat 8: timleery ($25.30 in chips) 
Seat 9: Alameda22 ($20.15 in chips) 
Alameda22: posts small blind $0.10
chessmanA1: posts big blind $0.25
*** HOLE CARDS ***
Dealt to Alameda22 [4c 2h]
helios25: folds 
JaspertheCat: folds 
hnysoner2: raises $1 to $1.25
TheDommer131: folds 
sofust: folds 
sofust leaves the table
timleery: folds 
Alameda22: folds 
chessmanA1: folds 
Uncalled bet ($1) returned to hnysoner2
hnysoner2 collected $0.60 from pot
hnysoner2: doesn't show hand 
*** SUMMARY ***
Total pot $0.60 | Rake $0 
Seat 1: chessmanA1 (big blind) folded before Flop
Seat 2: helios25 folded before Flop (didn't bet)
Seat 3: JaspertheCat folded before Flop (didn't bet)
Seat 4: hnysoner2 collected ($0.60)
Seat 5: TheDommer131 folded before Flop (didn't bet)
Seat 6: sofust folded before Flop (didn't bet)
Seat 8: timleery (button) folded before Flop (didn't bet)
Seat 9: Alameda22 (small blind) folded before Flop



PokerStars Game #20024756380:  Hold'em No Limit ($0.10/$0.25) - 2008/08/30 - 20:11:06 (ET)
Table 'Peitho III' 9-max Seat #9 is the button
Seat 1: chessmanA1 ($14.75 in chips) 
Seat 2: helios25 ($50.55 in chips) 
Seat 3: JaspertheCat ($16.75 in chips) 
Seat 4: hnysoner2 ($31.95 in chips) 
Seat 5: TheDommer131 ($22.50 in chips) 
Seat 8: timleery ($25.30 in chips) 
Seat 9: Alameda22 ($20.05 in chips) 
chessmanA1: posts small blind $0.10
helios25: posts big blind $0.25
*** HOLE CARDS ***
Dealt to Alameda22 [4h 3h]
JaspertheCat: calls $0.25
hnysoner2: folds 
TheDommer131: calls $0.25
hnysoner2 leaves the table
timleery: folds 
Alameda22: folds 
chessmanA1: folds 
helios25: checks 
*** FLOP *** [9h 2h Kc]
g.villeneuve leaves the table
helios25: checks 
JaspertheCat: checks 
TheDommer131: bets $0.50
helios25: folds 
JaspertheCat: calls $0.50
*** TURN *** [9h 2h Kc] [4d]
JaspertheCat: checks 
TheDommer131: bets $0.75
JaspertheCat: calls $0.75
*** RIVER *** [9h 2h Kc 4d] [Ac]
JaspertheCat: checks 
TheDommer131: checks 
*** SHOW DOWN ***
JaspertheCat: shows [Jd Kh] (a pair of Kings)
TheDommer131: mucks hand 
JaspertheCat collected $3.20 from pot
*** SUMMARY ***
Total pot $3.35 | Rake $0.15 
Board [9h 2h Kc 4d Ac]
Seat 1: chessmanA1 (small blind) folded before Flop
Seat 2: helios25 (big blind) folded on the Flop
Seat 3: JaspertheCat showed [Jd Kh] and won ($3.20) with a pair of Kings
Seat 4: hnysoner2 folded before Flop (didn't bet)
Seat 5: TheDommer131 mucked [Th 9c]
Seat 8: timleery folded before Flop (didn't bet)
Seat 9: Alameda22 (button) folded before Flop (didn't bet)



PokerStars Game #20024783896:  Hold'em No Limit ($0.10/$0.25) - 2008/08/30 - 20:12:28 (ET)
Table 'Peitho III' 9-max Seat #1 is the button
Seat 1: chessmanA1 ($14.65 in chips) 
Seat 2: helios25 ($50.30 in chips) 
Seat 3: JaspertheCat ($18.45 in chips) 
Seat 5: TheDommer131 ($21 in chips) 
Seat 8: timleery ($25.30 in chips) 
Seat 9: Alameda22 ($20.05 in chips) 
helios25: posts small blind $0.10
JaspertheCat: posts big blind $0.25
*** HOLE CARDS ***
Dealt to Alameda22 [Qc Jc]
TheDommer131: folds 
timleery: folds 
Alameda22: raises $0.75 to $1
chessmanA1: folds 
helios25: folds 
JaspertheCat: folds 
Uncalled bet ($0.75) returned to Alameda22
Alameda22 collected $0.60 from pot
Alameda22: doesn't show hand 
*** SUMMARY ***
Total pot $0.60 | Rake $0 
Seat 1: chessmanA1 (button) folded before Flop (didn't bet)
Seat 2: helios25 (small blind) folded before Flop
Seat 3: JaspertheCat (big blind) folded before Flop
Seat 5: TheDommer131 folded before Flop (didn't bet)
Seat 8: timleery folded before Flop (didn't bet)
Seat 9: Alameda22 collected ($0.60)



PokerStars Game #20024793964:  Hold'em No Limit ($0.10/$0.25) - 2008/08/30 - 20:12:58 (ET)
Table 'Peitho III' 9-max Seat #2 is the button
Seat 1: chessmanA1 ($14.65 in chips) 
Seat 2: helios25 ($50.20 in chips) 
Seat 3: JaspertheCat ($18.20 in chips) 
Seat 5: TheDommer131 ($21 in chips) 
Seat 8: timleery ($25.30 in chips) 
Seat 9: Alameda22 ($20.40 in chips) 
JaspertheCat: posts small blind $0.10
TheDommer131: posts big blind $0.25
*** HOLE CARDS ***
Dealt to Alameda22 [8d 3h]
timleery: folds 
Alameda22: folds 
chessmanA1: folds 
helios25: raises $0.75 to $1
JaspertheCat: folds 
TheDommer131: folds 
Uncalled bet ($0.75) returned to helios25
helios25 collected $0.60 from pot
helios25: doesn't show hand 
*** SUMMARY ***
Total pot $0.60 | Rake $0 
Seat 1: chessmanA1 folded before Flop (didn't bet)
Seat 2: helios25 (button) collected ($0.60)
Seat 3: JaspertheCat (small blind) folded before Flop
Seat 5: TheDommer131 (big blind) folded before Flop
Seat 8: timleery folded before Flop (didn't bet)
Seat 9: Alameda22 folded before Flop (didn't bet)



PokerStars Game #20024803421:  Hold'em No Limit ($0.10/$0.25) - 2008/08/30 - 20:13:26 (ET)
Table 'Peitho III' 9-max Seat #3 is the button
Seat 1: chessmanA1 ($14.65 in chips) 
Seat 2: helios25 ($50.55 in chips) 
Seat 3: JaspertheCat ($18.10 in chips) 
Seat 5: TheDommer131 ($20.75 in chips) 
Seat 8: timleery ($25.30 in chips) 
Seat 9: Alameda22 ($20.40 in chips) 
TheDommer131: posts small blind $0.10
timleery: posts big blind $0.25
*** HOLE CARDS ***
Dealt to Alameda22 [4s 5s]
Alameda22: folds 
chessmanA1: folds 
helios25: folds 
JaspertheCat: raises $1 to $1.25
TheDommer131: folds 
timleery: folds 
Uncalled bet ($1) returned to JaspertheCat
JaspertheCat collected $0.60 from pot
*** SUMMARY ***
Total pot $0.60 | Rake $0 
Seat 1: chessmanA1 folded before Flop (didn't bet)
Seat 2: helios25 folded before Flop (didn't bet)
Seat 3: JaspertheCat (button) collected ($0.60)
Seat 5: TheDommer131 (small blind) folded before Flop
Seat 8: timleery (big blind) folded before Flop
Seat 9: Alameda22 folded before Flop (didn't bet)



PokerStars Game #20024816018:  Hold'em No Limit ($0.10/$0.25) - 2008/08/30 - 20:14:04 (ET)
Table 'Peitho III' 9-max Seat #5 is the button
Seat 1: chessmanA1 ($14.65 in chips) 
Seat 2: helios25 ($50.55 in chips) 
Seat 3: JaspertheCat ($18.45 in chips) 
Seat 5: TheDommer131 ($20.65 in chips) 
Seat 8: timleery ($25.05 in chips) 
Seat 9: Alameda22 ($20.40 in chips) 
timleery: posts small blind $0.10
Alameda22: posts big blind $0.25
*** HOLE CARDS ***
Dealt to Alameda22 [4c 9d]
chessmanA1: folds 
helios25: folds 
JaspertheCat: folds 
TheDommer131: raises $0.25 to $0.50
timleery: folds 
Alameda22: folds 
Uncalled bet ($0.25) returned to TheDommer131
TheDommer131 collected $0.60 from pot
TheDommer131: doesn't show hand 
*** SUMMARY ***
Total pot $0.60 | Rake $0 
Seat 1: chessmanA1 folded before Flop (didn't bet)
Seat 2: helios25 folded before Flop (didn't bet)
Seat 3: JaspertheCat folded before Flop (didn't bet)
Seat 5: TheDommer131 (button) collected ($0.60)
Seat 8: timleery (small blind) folded before Flop
Seat 9: Alameda22 (big blind) folded before Flop



PokerStars Game #20024833041:  Hold'em No Limit ($0.10/$0.25) - 2008/08/30 - 20:14:55 (ET)
Table 'Peitho III' 9-max Seat #8 is the button
Seat 2: helios25 ($50.55 in chips) 
Seat 3: JaspertheCat ($18.45 in chips) 
Seat 5: TheDommer131 ($21 in chips) 
Seat 8: timleery ($24.95 in chips) 
Seat 9: Alameda22 ($20.15 in chips) 
Alameda22: posts small blind $0.10
chessmanA1: is sitting out 
helios25: posts big blind $0.25
*** HOLE CARDS ***
Dealt to Alameda22 [2s 9s]
chessmanA1 leaves the table
JaspertheCat: folds 
TheDommer131: folds 
timleery: folds 
Alameda22: folds 
Uncalled bet ($0.15) returned to helios25
helios25 collected $0.20 from pot
helios25: doesn't show hand 
*** SUMMARY ***
Total pot $0.20 | Rake $0 
Seat 2: helios25 (big blind) collected ($0.20)
Seat 3: JaspertheCat folded before Flop (didn't bet)
Seat 5: TheDommer131 folded before Flop (didn't bet)
Seat 8: timleery (button) folded before Flop (didn't bet)
Seat 9: Alameda22 (small blind) folded before Flop



PokerStars Game #20024841892:  Hold'em No Limit ($0.10/$0.25) - 2008/08/30 - 20:15:20 (ET)
Table 'Peitho III' 9-max Seat #9 is the button
Seat 2: helios25 ($50.65 in chips) 
Seat 3: JaspertheCat ($18.45 in chips) 
Seat 5: TheDommer131 ($21 in chips) 
Seat 8: timleery ($24.95 in chips) 
Seat 9: Alameda22 ($20.05 in chips) 
helios25: posts small blind $0.10
JaspertheCat: posts big blind $0.25
*** HOLE CARDS ***
Dealt to Alameda22 [Ah Jd]
TheDommer131: folds 
timleery: folds 
TheDommer131 leaves the table
Alameda22: raises $0.75 to $1
helios25: folds 
JaspertheCat: calls $0.75
*** FLOP *** [Ad 7c 9h]
JaspertheCat: checks 
Alameda22: bets $1.25
JaspertheCat: folds 
Uncalled bet ($1.25) returned to Alameda22
Alameda22 collected $2 from pot
Alameda22: doesn't show hand 
*** SUMMARY ***
Total pot $2.10 | Rake $0.10 
Board [Ad 7c 9h]
Seat 2: helios25 (small blind) folded before Flop
Seat 3: JaspertheCat (big blind) folded on the Flop
Seat 5: TheDommer131 folded before Flop (didn't bet)
Seat 8: timleery folded before Flop (didn't bet)
Seat 9: Alameda22 (button) collected ($2)



