PokerStars Game #19575876926:  Hold'em No Limit ($0.10/$0.25) - 2008/08/12 - 22:48:51 (ET)
Table 'Weber' 9-max Seat #6 is the button
Seat 1: WongPlayer ($22.35 in chips) 
Seat 2: egodinho1 ($4.95 in chips) 
Seat 3: the 1rake1 ($26.65 in chips) 
Seat 4: pudster195 ($13.50 in chips) 
Seat 5: BluShamrk ($24.25 in chips) 
Seat 6: PrestoAces ($25 in chips) 
Seat 7: windowseel ($28 in chips) 
Seat 8: Alameda22 ($25 in chips) 
Seat 9: Eyekall ($4.50 in chips) 
windowseel: posts small blind $0.10
Alameda22: posts big blind $0.25
*** HOLE CARDS ***
Dealt to Alameda22 [6d 5h]
Eyekall: folds 
Alameda22 said, "no"
WongPlayer: raises $0.25 to $0.50
egodinho1: folds 
the 1rake1: folds 
pudster195: folds 
BluShamrk said, "u just have a close up of him?"
BluShamrk: calls $0.50
PrestoAces: calls $0.50
windowseel: calls $0.40
Alameda22: folds 
*** FLOP *** [8c 4s Ac]
Alameda22 said, "yes"
windowseel: checks 
WongPlayer: checks 
BluShamrk: checks 
PrestoAces: checks 
*** TURN *** [8c 4s Ac] [6h]
windowseel: checks 
WongPlayer: checks 
BluShamrk: checks 
PrestoAces: checks 
*** RIVER *** [8c 4s Ac 6h] [3d]
windowseel: checks 
WongPlayer: checks 
BluShamrk: checks 
PrestoAces: checks 
*** SHOW DOWN ***
windowseel: shows [4h Qd] (a pair of Fours)
WongPlayer: mucks hand 
BluShamrk: mucks hand 
PrestoAces: mucks hand 
windowseel collected $2.15 from pot
*** SUMMARY ***
Total pot $2.25 | Rake $0.10 
Board [8c 4s Ac 6h 3d]
Seat 1: WongPlayer mucked [Tc Jd]
Seat 2: egodinho1 folded before Flop (didn't bet)
Seat 3: the 1rake1 folded before Flop (didn't bet)
Seat 4: pudster195 folded before Flop (didn't bet)
Seat 5: BluShamrk mucked [Jc Kh]
Seat 6: PrestoAces (button) mucked [Jh Qs]
Seat 7: windowseel (small blind) showed [4h Qd] and won ($2.15) with a pair of Fours
Seat 8: Alameda22 (big blind) folded before Flop
Seat 9: Eyekall folded before Flop (didn't bet)



PokerStars Game #19575905832:  Hold'em No Limit ($0.10/$0.25) - 2008/08/12 - 22:50:08 (ET)
Table 'Weber' 9-max Seat #7 is the button
Seat 1: WongPlayer ($21.85 in chips) 
Seat 2: egodinho1 ($4.95 in chips) 
Seat 3: the 1rake1 ($26.65 in chips) 
Seat 4: pudster195 ($13.50 in chips) 
Seat 5: BluShamrk ($23.75 in chips) 
Seat 6: PrestoAces ($24.50 in chips) 
Seat 7: windowseel ($29.65 in chips) 
Seat 8: Alameda22 ($24.75 in chips) 
Seat 9: Eyekall ($4.50 in chips) 
Alameda22: posts small blind $0.10
Eyekall: posts big blind $0.25
*** HOLE CARDS ***
Dealt to Alameda22 [5c Js]
WongPlayer: folds 
egodinho1: calls $0.25
the 1rake1: folds 
pudster195: folds 
BluShamrk: folds 
PrestoAces: folds 
windowseel: raises $0.25 to $0.50
Alameda22: folds 
Eyekall: folds 
BluShamrk said, "hes a good player"
egodinho1: calls $0.25
*** FLOP *** [9h 3h 4h]
BluShamrk said, "havent seen him around lately though"
egodinho1: bets $0.50
windowseel: calls $0.50
*** TURN *** [9h 3h 4h] [Kh]
egodinho1: checks 
windowseel: checks 
*** RIVER *** [9h 3h 4h Kh] [9d]
egodinho1: checks 
windowseel: bets $1
egodinho1: folds 
Uncalled bet ($1) returned to windowseel
windowseel collected $2.25 from pot
windowseel: doesn't show hand 
*** SUMMARY ***
Total pot $2.35 | Rake $0.10 
Board [9h 3h 4h Kh 9d]
Seat 1: WongPlayer folded before Flop (didn't bet)
Seat 2: egodinho1 folded on the River
Seat 3: the 1rake1 folded before Flop (didn't bet)
Seat 4: pudster195 folded before Flop (didn't bet)
Seat 5: BluShamrk folded before Flop (didn't bet)
Seat 6: PrestoAces folded before Flop (didn't bet)
Seat 7: windowseel (button) collected ($2.25)
Seat 8: Alameda22 (small blind) folded before Flop
Seat 9: Eyekall (big blind) folded before Flop



PokerStars Game #19575934440:  Hold'em No Limit ($0.10/$0.25) - 2008/08/12 - 22:51:24 (ET)
Table 'Weber' 9-max Seat #8 is the button
Seat 1: WongPlayer ($21.85 in chips) 
Seat 2: egodinho1 ($3.95 in chips) 
Seat 3: the 1rake1 ($26.65 in chips) 
Seat 4: pudster195 ($13.50 in chips) 
Seat 5: BluShamrk ($23.75 in chips) 
Seat 6: PrestoAces ($24.50 in chips) 
Seat 7: windowseel ($30.90 in chips) 
Seat 8: Alameda22 ($24.65 in chips) 
Seat 9: Eyekall ($4.25 in chips) 
Eyekall: posts small blind $0.10
WongPlayer: posts big blind $0.25
*** HOLE CARDS ***
Dealt to Alameda22 [9d 8c]
egodinho1: folds 
egodinho1 leaves the table
the 1rake1: folds 
pudster195: calls $0.25
mspitolai joins the table at seat #2 
BluShamrk: calls $0.25
PrestoAces: folds 
windowseel: calls $0.25
Alameda22: folds 
Eyekall: calls $0.15
WongPlayer: checks 
*** FLOP *** [Kd Jc Js]
Eyekall: checks 
WongPlayer: checks 
pudster195: checks 
BluShamrk: checks 
windowseel: checks 
*** TURN *** [Kd Jc Js] [Qh]
Eyekall: checks 
WongPlayer: checks 
pudster195: checks 
BluShamrk: checks 
windowseel: checks 
*** RIVER *** [Kd Jc Js Qh] [Jh]
Eyekall: checks 
WongPlayer: checks 
pudster195: checks 
BluShamrk: bets $1
windowseel: folds 
Eyekall: folds 
WongPlayer: folds 
pudster195: calls $1
*** SHOW DOWN ***
BluShamrk: shows [Ah 5d] (three of a kind, Jacks)
pudster195: shows [9c Kc] (a full house, Jacks full of Kings)
pudster195 collected $3.10 from pot
*** SUMMARY ***
Total pot $3.25 | Rake $0.15 
Board [Kd Jc Js Qh Jh]
Seat 1: WongPlayer (big blind) folded on the River
Seat 2: egodinho1 folded before Flop (didn't bet)
Seat 3: the 1rake1 folded before Flop (didn't bet)
Seat 4: pudster195 showed [9c Kc] and won ($3.10) with a full house, Jacks full of Kings
Seat 5: BluShamrk showed [Ah 5d] and lost with three of a kind, Jacks
Seat 6: PrestoAces folded before Flop (didn't bet)
Seat 7: windowseel folded on the River
Seat 8: Alameda22 (button) folded before Flop (didn't bet)
Seat 9: Eyekall (small blind) folded on the River



PokerStars Game #19575973992:  Hold'em No Limit ($0.10/$0.25) - 2008/08/12 - 22:53:09 (ET)
Table 'Weber' 9-max Seat #9 is the button
Seat 1: WongPlayer ($21.60 in chips) 
Seat 2: mspitolai ($25 in chips) 
Seat 3: the 1rake1 ($26.65 in chips) 
Seat 4: pudster195 ($15.35 in chips) 
Seat 5: BluShamrk ($22.50 in chips) 
Seat 6: PrestoAces ($24.50 in chips) 
Seat 7: windowseel ($30.65 in chips) 
Seat 8: Alameda22 ($24.65 in chips) 
Seat 9: Eyekall ($4 in chips) 
WongPlayer: posts small blind $0.10
mspitolai: posts big blind $0.25
*** HOLE CARDS ***
Dealt to Alameda22 [9h Qc]
the 1rake1: folds 
pudster195: folds 
BluShamrk: raises $0.75 to $1
PrestoAces: folds 
windowseel: calls $1
Alameda22: folds 
Eyekall: calls $1
WongPlayer: folds 
mspitolai: calls $0.75
*** FLOP *** [2h Kd 9d]
mspitolai: checks 
BluShamrk: bets $3
windowseel: folds 
Eyekall: folds 
mspitolai: folds 
Uncalled bet ($3) returned to BluShamrk
BluShamrk collected $3.90 from pot
BluShamrk: doesn't show hand 
*** SUMMARY ***
Total pot $4.10 | Rake $0.20 
Board [2h Kd 9d]
Seat 1: WongPlayer (small blind) folded before Flop
Seat 2: mspitolai (big blind) folded on the Flop
Seat 3: the 1rake1 folded before Flop (didn't bet)
Seat 4: pudster195 folded before Flop (didn't bet)
Seat 5: BluShamrk collected ($3.90)
Seat 6: PrestoAces folded before Flop (didn't bet)
Seat 7: windowseel folded on the Flop
Seat 8: Alameda22 folded before Flop (didn't bet)
Seat 9: Eyekall (button) folded on the Flop



PokerStars Game #19576001209:  Hold'em No Limit ($0.10/$0.25) - 2008/08/12 - 22:54:21 (ET)
Table 'Weber' 9-max Seat #1 is the button
Seat 1: WongPlayer ($21.50 in chips) 
Seat 2: mspitolai ($25 in chips) 
Seat 3: the 1rake1 ($26.65 in chips) 
Seat 4: pudster195 ($15.35 in chips) 
Seat 5: BluShamrk ($25.40 in chips) 
Seat 6: PrestoAces ($24.50 in chips) 
Seat 7: windowseel ($29.65 in chips) 
Seat 8: Alameda22 ($24.65 in chips) 
Seat 9: Eyekall ($3 in chips) 
mspitolai: posts small blind $0.10
the 1rake1: posts big blind $0.25
*** HOLE CARDS ***
Dealt to Alameda22 [Td Jd]
pudster195: folds 
BluShamrk: folds 
PrestoAces: folds 
windowseel: folds 
Alameda22: raises $0.50 to $0.75
Eyekall: folds 
WongPlayer: folds 
mspitolai: folds 
the 1rake1: folds 
Uncalled bet ($0.50) returned to Alameda22
Alameda22 collected $0.60 from pot
Alameda22: doesn't show hand 
*** SUMMARY ***
Total pot $0.60 | Rake $0 
Seat 1: WongPlayer (button) folded before Flop (didn't bet)
Seat 2: mspitolai (small blind) folded before Flop
Seat 3: the 1rake1 (big blind) folded before Flop
Seat 4: pudster195 folded before Flop (didn't bet)
Seat 5: BluShamrk folded before Flop (didn't bet)
Seat 6: PrestoAces folded before Flop (didn't bet)
Seat 7: windowseel folded before Flop (didn't bet)
Seat 8: Alameda22 collected ($0.60)
Seat 9: Eyekall folded before Flop (didn't bet)



PokerStars Game #19576015735:  Hold'em No Limit ($0.10/$0.25) - 2008/08/12 - 22:55:00 (ET)
Table 'Weber' 9-max Seat #2 is the button
Seat 1: WongPlayer ($21.50 in chips) 
Seat 2: mspitolai ($24.90 in chips) 
Seat 3: the 1rake1 ($26.40 in chips) 
Seat 4: pudster195 ($15.35 in chips) 
Seat 5: BluShamrk ($25.40 in chips) 
Seat 6: PrestoAces ($24.50 in chips) 
Seat 7: windowseel ($29.65 in chips) 
Seat 8: Alameda22 ($25 in chips) 
Seat 9: Eyekall ($3 in chips) 
the 1rake1: posts small blind $0.10
pudster195: posts big blind $0.25
*** HOLE CARDS ***
Dealt to Alameda22 [4h 8d]
BluShamrk: folds 
PrestoAces: folds 
windowseel: calls $0.25
Alameda22: folds 
Eyekall: folds 
WongPlayer: folds 
mspitolai: raises $1 to $1.25
the 1rake1: folds 
pudster195: folds 
windowseel: calls $1
*** FLOP *** [9s 7h 6h]
windowseel: checks 
mspitolai: bets $1.75
windowseel: calls $1.75
*** TURN *** [9s 7h 6h] [As]
windowseel: checks 
mspitolai: bets $2
windowseel: calls $2
*** RIVER *** [9s 7h 6h As] [Kc]
windowseel: checks 
mspitolai: checks 
*** SHOW DOWN ***
windowseel: shows [9c 9d] (three of a kind, Nines)
mspitolai: mucks hand 
windowseel collected $9.85 from pot
pudster195 said, "prestoaces i live near vanness and green in sf"
*** SUMMARY ***
Total pot $10.35 | Rake $0.50 
Board [9s 7h 6h As Kc]
Seat 1: WongPlayer folded before Flop (didn't bet)
Seat 2: mspitolai (button) mucked [Tc Ah]
Seat 3: the 1rake1 (small blind) folded before Flop
Seat 4: pudster195 (big blind) folded before Flop
Seat 5: BluShamrk folded before Flop (didn't bet)
Seat 6: PrestoAces folded before Flop (didn't bet)
Seat 7: windowseel showed [9c 9d] and won ($9.85) with three of a kind, Nines
Seat 8: Alameda22 folded before Flop (didn't bet)
Seat 9: Eyekall folded before Flop (didn't bet)



PokerStars Game #19576044228:  Hold'em No Limit ($0.10/$0.25) - 2008/08/12 - 22:56:17 (ET)
Table 'Weber' 9-max Seat #3 is the button
Seat 1: WongPlayer ($21.50 in chips) 
Seat 2: mspitolai ($25 in chips) 
Seat 3: the 1rake1 ($26.30 in chips) 
Seat 4: pudster195 ($15.10 in chips) 
Seat 5: BluShamrk ($25.40 in chips) 
Seat 6: PrestoAces ($24.50 in chips) 
Seat 7: windowseel ($34.50 in chips) 
Seat 8: Alameda22 ($25 in chips) 
Seat 9: Eyekall ($3 in chips) 
pudster195: posts small blind $0.10
BluShamrk: posts big blind $0.25
*** HOLE CARDS ***
Dealt to Alameda22 [Jc 7s]
PrestoAces: folds 
windowseel: folds 
PrestoAces said, "cool"
Alameda22: folds 
Eyekall: raises $0.50 to $0.75
WongPlayer: folds 
mspitolai: raises $0.50 to $1.25
the 1rake1: folds 
pudster195: calls $1.15
BluShamrk: folds 
Eyekall: raises $1.75 to $3 and is all-in
mspitolai: raises $22 to $25 and is all-in
pudster195: folds 
Uncalled bet ($22) returned to mspitolai
*** FLOP *** [2h 5h 2d]
*** TURN *** [2h 5h 2d] [9h]
*** RIVER *** [2h 5h 2d 9h] [As]
*** SHOW DOWN ***
Eyekall: shows [Qs Qh] (two pair, Queens and Deuces)
mspitolai: shows [Kd Ac] (two pair, Aces and Deuces)
mspitolai collected $7.15 from pot
*** SUMMARY ***
Total pot $7.50 | Rake $0.35 
Board [2h 5h 2d 9h As]
Seat 1: WongPlayer folded before Flop (didn't bet)
Seat 2: mspitolai showed [Kd Ac] and won ($7.15) with two pair, Aces and Deuces
Seat 3: the 1rake1 (button) folded before Flop (didn't bet)
Seat 4: pudster195 (small blind) folded before Flop
Seat 5: BluShamrk (big blind) folded before Flop
Seat 6: PrestoAces folded before Flop (didn't bet)
Seat 7: windowseel folded before Flop (didn't bet)
Seat 8: Alameda22 folded before Flop (didn't bet)
Seat 9: Eyekall showed [Qs Qh] and lost with two pair, Queens and Deuces



PokerStars Game #19576068932:  Hold'em No Limit ($0.10/$0.25) - 2008/08/12 - 22:57:24 (ET)
Table 'Weber' 9-max Seat #4 is the button
Seat 1: WongPlayer ($21.50 in chips) 
Seat 2: mspitolai ($29.15 in chips) 
Seat 3: the 1rake1 ($26.30 in chips) 
Seat 4: pudster195 ($13.85 in chips) 
Seat 5: BluShamrk ($25.15 in chips) 
Seat 6: PrestoAces ($24.50 in chips) 
Seat 7: windowseel ($34.50 in chips) 
Seat 8: Alameda22 ($25 in chips) 
BluShamrk: posts small blind $0.10
PrestoAces: posts big blind $0.25
*** HOLE CARDS ***
Dealt to Alameda22 [Jc Kc]
Eyekall leaves the table
windowseel: folds 
Alameda22: folds 
WongPlayer: folds 
Mitak13 joins the table at seat #9 
mspitolai: folds 
the 1rake1: folds 
the 1rake1 leaves the table
pudster195: folds 
BluShamrk: calls $0.15
PrestoAces: raises $0.75 to $1
BluShamrk: calls $0.75
*** FLOP *** [8h 3d 4s]
BluShamrk: checks 
PrestoAces: bets $1.75
BluShamrk: folds 
Uncalled bet ($1.75) returned to PrestoAces
PrestoAces collected $1.90 from pot
PrestoAces: doesn't show hand 
*** SUMMARY ***
Total pot $2 | Rake $0.10 
Board [8h 3d 4s]
Seat 1: WongPlayer folded before Flop (didn't bet)
Seat 2: mspitolai folded before Flop (didn't bet)
Seat 3: the 1rake1 folded before Flop (didn't bet)
Seat 4: pudster195 (button) folded before Flop (didn't bet)
Seat 5: BluShamrk (small blind) folded on the Flop
Seat 6: PrestoAces (big blind) collected ($1.90)
Seat 7: windowseel folded before Flop (didn't bet)
Seat 8: Alameda22 folded before Flop (didn't bet)



PokerStars Game #19576096540:  Hold'em No Limit ($0.10/$0.25) - 2008/08/12 - 22:58:39 (ET)
Table 'Weber' 9-max Seat #5 is the button
Seat 1: WongPlayer ($21.50 in chips) 
Seat 2: mspitolai ($29.15 in chips) 
Seat 4: pudster195 ($13.85 in chips) 
Seat 5: BluShamrk ($24.15 in chips) 
Seat 6: PrestoAces ($25.40 in chips) 
Seat 7: windowseel ($34.50 in chips) 
Seat 8: Alameda22 ($25 in chips) 
PrestoAces: posts small blind $0.10
windowseel: posts big blind $0.25
Mitak13: sits out 
*** HOLE CARDS ***
Dealt to Alameda22 [Tc Qh]
Alameda22: folds 
WongPlayer: folds 
JimiRecall joins the table at seat #3 
mspitolai: folds 
pudster195: calls $0.25
BluShamrk: raises $0.50 to $0.75
PrestoAces: folds 
windowseel: folds 
pudster195: calls $0.50
*** FLOP *** [Jh 5h Td]
pudster195: checks 
BluShamrk: checks 
*** TURN *** [Jh 5h Td] [Qs]
pudster195: checks 
BluShamrk: bets $1.50
pudster195: calls $1.50
*** RIVER *** [Jh 5h Td Qs] [5s]
pudster195: checks 
BluShamrk: checks 
*** SHOW DOWN ***
pudster195: shows [8d 7c] (a pair of Fives)
BluShamrk: shows [Ac 3d] (a pair of Fives - Ace kicker)
BluShamrk collected $4.65 from pot
*** SUMMARY ***
Total pot $4.85 | Rake $0.20 
Board [Jh 5h Td Qs 5s]
Seat 1: WongPlayer folded before Flop (didn't bet)
Seat 2: mspitolai folded before Flop (didn't bet)
Seat 4: pudster195 showed [8d 7c] and lost with a pair of Fives
Seat 5: BluShamrk (button) showed [Ac 3d] and won ($4.65) with a pair of Fives
Seat 6: PrestoAces (small blind) folded before Flop
Seat 7: windowseel (big blind) folded before Flop
Seat 8: Alameda22 folded before Flop (didn't bet)



PokerStars Game #19576124277:  Hold'em No Limit ($0.10/$0.25) - 2008/08/12 - 22:59:55 (ET)
Table 'Weber' 9-max Seat #6 is the button
Seat 1: WongPlayer ($21.50 in chips) 
Seat 2: mspitolai ($29.15 in chips) 
Seat 3: JimiRecall ($25 in chips) 
Seat 4: pudster195 ($11.60 in chips) 
Seat 5: BluShamrk ($26.55 in chips) 
Seat 6: PrestoAces ($25.30 in chips) 
Seat 7: windowseel ($34.25 in chips) 
Seat 8: Alameda22 ($25 in chips) 
windowseel: posts small blind $0.10
Alameda22: posts big blind $0.25
Mitak13: sits out 
JimiRecall: posts big blind $0.25
*** HOLE CARDS ***
Dealt to Alameda22 [9c 4h]
WongPlayer: folds 
mspitolai: raises $1 to $1.25
JimiRecall: calls $1
pudster195: folds 
BluShamrk: folds 
PrestoAces: calls $1.25
windowseel: folds 
Alameda22: folds 
*** FLOP *** [Qd Jd Jc]
mspitolai: checks 
JimiRecall: checks 
PrestoAces: checks 
*** TURN *** [Qd Jd Jc] [8d]
mspitolai: bets $1.25
JimiRecall: calls $1.25
PrestoAces: calls $1.25
*** RIVER *** [Qd Jd Jc 8d] [8c]
mspitolai: bets $5
JimiRecall: calls $5
PrestoAces: folds 
*** SHOW DOWN ***
mspitolai: shows [Js Ks] (a full house, Jacks full of Eights)
JimiRecall: mucks hand 
mspitolai collected $17 from pot
*** SUMMARY ***
Total pot $17.85 | Rake $0.85 
Board [Qd Jd Jc 8d 8c]
Seat 1: WongPlayer folded before Flop (didn't bet)
Seat 2: mspitolai showed [Js Ks] and won ($17) with a full house, Jacks full of Eights
Seat 3: JimiRecall mucked [3d 5d]
Seat 4: pudster195 folded before Flop (didn't bet)
Seat 5: BluShamrk folded before Flop (didn't bet)
Seat 6: PrestoAces (button) folded on the River
Seat 7: windowseel (small blind) folded before Flop
Seat 8: Alameda22 (big blind) folded before Flop



PokerStars Game #19576156790:  Hold'em No Limit ($0.10/$0.25) - 2008/08/12 - 23:01:27 (ET)
Table 'Weber' 9-max Seat #7 is the button
Seat 1: WongPlayer ($21.50 in chips) 
Seat 2: mspitolai ($38.65 in chips) 
Seat 3: JimiRecall ($17.50 in chips) 
Seat 4: pudster195 ($11.60 in chips) 
Seat 5: BluShamrk ($26.55 in chips) 
Seat 6: PrestoAces ($25 in chips) 
Seat 7: windowseel ($34.15 in chips) 
Seat 8: Alameda22 ($24.75 in chips) 
Seat 9: Mitak13 ($11.90 in chips) 
Alameda22: posts small blind $0.10
Mitak13: posts big blind $0.25
*** HOLE CARDS ***
Dealt to Alameda22 [2c 4s]
WongPlayer: folds 
mspitolai: folds 
JimiRecall: folds 
pudster195: folds 
BluShamrk: calls $0.25
PrestoAces: folds 
windowseel: calls $0.25
Alameda22: folds 
Mitak13: raises $1 to $1.25
BluShamrk: folds 
windowseel: folds 
Uncalled bet ($1) returned to Mitak13
Mitak13 collected $0.85 from pot
Mitak13: doesn't show hand 
*** SUMMARY ***
Total pot $0.85 | Rake $0 
Seat 1: WongPlayer folded before Flop (didn't bet)
Seat 2: mspitolai folded before Flop (didn't bet)
Seat 3: JimiRecall folded before Flop (didn't bet)
Seat 4: pudster195 folded before Flop (didn't bet)
Seat 5: BluShamrk folded before Flop
Seat 6: PrestoAces folded before Flop (didn't bet)
Seat 7: windowseel (button) folded before Flop
Seat 8: Alameda22 (small blind) folded before Flop
Seat 9: Mitak13 (big blind) collected ($0.85)



PokerStars Game #19576187233:  Hold'em No Limit ($0.10/$0.25) - 2008/08/12 - 23:02:52 (ET)
Table 'Weber' 9-max Seat #8 is the button
Seat 1: WongPlayer ($21.50 in chips) 
Seat 2: mspitolai ($38.65 in chips) 
Seat 3: JimiRecall ($25 in chips) 
Seat 4: pudster195 ($11.60 in chips) 
Seat 5: BluShamrk ($26.30 in chips) 
Seat 6: PrestoAces ($25 in chips) 
Seat 7: windowseel ($33.90 in chips) 
Seat 8: Alameda22 ($24.65 in chips) 
Seat 9: Mitak13 ($12.50 in chips) 
Mitak13: posts small blind $0.10
WongPlayer: posts big blind $0.25
*** HOLE CARDS ***
Dealt to Alameda22 [Ts 8d]
mspitolai: calls $0.25
JimiRecall: folds 
pudster195: calls $0.25
BluShamrk: folds 
PrestoAces: folds 
windowseel: folds 
Alameda22: folds 
Mitak13: folds 
WongPlayer: checks 
*** FLOP *** [Ah 2h 8h]
WongPlayer: checks 
mspitolai: bets $0.25
pudster195: folds 
WongPlayer: calls $0.25
*** TURN *** [Ah 2h 8h] [7h]
WongPlayer: checks 
mspitolai: checks 
*** RIVER *** [Ah 2h 8h 7h] [8s]
WongPlayer: bets $0.50
mspitolai: raises $37.65 to $38.15 and is all-in
WongPlayer: folds 
Uncalled bet ($37.65) returned to mspitolai
mspitolai collected $2.25 from pot
mspitolai: doesn't show hand 
*** SUMMARY ***
Total pot $2.35 | Rake $0.10 
Board [Ah 2h 8h 7h 8s]
Seat 1: WongPlayer (big blind) folded on the River
Seat 2: mspitolai collected ($2.25)
Seat 3: JimiRecall folded before Flop (didn't bet)
Seat 4: pudster195 folded on the Flop
Seat 5: BluShamrk folded before Flop (didn't bet)
Seat 6: PrestoAces folded before Flop (didn't bet)
Seat 7: windowseel folded before Flop (didn't bet)
Seat 8: Alameda22 (button) folded before Flop (didn't bet)
Seat 9: Mitak13 (small blind) folded before Flop



PokerStars Game #19576214321:  Hold'em No Limit ($0.10/$0.25) - 2008/08/12 - 23:04:09 (ET)
Table 'Weber' 9-max Seat #9 is the button
Seat 1: WongPlayer ($20.50 in chips) 
Seat 2: mspitolai ($39.90 in chips) 
Seat 3: JimiRecall ($25 in chips) 
Seat 4: pudster195 ($11.35 in chips) 
Seat 5: BluShamrk ($26.30 in chips) 
Seat 6: PrestoAces ($25 in chips) 
Seat 7: windowseel ($33.90 in chips) 
Seat 8: Alameda22 ($24.65 in chips) 
Seat 9: Mitak13 ($12.40 in chips) 
WongPlayer: posts small blind $0.10
mspitolai: posts big blind $0.25
*** HOLE CARDS ***
Dealt to Alameda22 [7s 9s]
JimiRecall: folds 
pudster195: folds 
BluShamrk: raises $0.75 to $1
PrestoAces: folds 
windowseel: folds 
Alameda22: folds 
Mitak13: folds 
WongPlayer: folds 
mspitolai: folds 
Uncalled bet ($0.75) returned to BluShamrk
BluShamrk collected $0.60 from pot
BluShamrk: doesn't show hand 
*** SUMMARY ***
Total pot $0.60 | Rake $0 
Seat 1: WongPlayer (small blind) folded before Flop
Seat 2: mspitolai (big blind) folded before Flop
Seat 3: JimiRecall folded before Flop (didn't bet)
Seat 4: pudster195 folded before Flop (didn't bet)
Seat 5: BluShamrk collected ($0.60)
Seat 6: PrestoAces folded before Flop (didn't bet)
Seat 7: windowseel folded before Flop (didn't bet)
Seat 8: Alameda22 folded before Flop (didn't bet)
Seat 9: Mitak13 (button) folded before Flop (didn't bet)



PokerStars Game #19576230473:  Hold'em No Limit ($0.10/$0.25) - 2008/08/12 - 23:04:55 (ET)
Table 'Weber' 9-max Seat #1 is the button
Seat 1: WongPlayer ($20.40 in chips) 
Seat 2: mspitolai ($39.65 in chips) 
Seat 3: JimiRecall ($25 in chips) 
Seat 4: pudster195 ($11.35 in chips) 
Seat 5: BluShamrk ($26.65 in chips) 
Seat 6: PrestoAces ($25 in chips) 
Seat 7: windowseel ($33.90 in chips) 
Seat 8: Alameda22 ($24.65 in chips) 
Seat 9: Mitak13 ($12.40 in chips) 
mspitolai: posts small blind $0.10
JimiRecall: posts big blind $0.25
*** HOLE CARDS ***
Dealt to Alameda22 [7d 2c]
pudster195: folds 
BluShamrk: calls $0.25
PrestoAces: calls $0.25
windowseel: calls $0.25
Alameda22: folds 
Mitak13: folds 
WongPlayer: folds 
mspitolai: folds 
JimiRecall: checks 
*** FLOP *** [Ts 6d Jd]
JimiRecall: checks 
BluShamrk: checks 
PrestoAces: bets $1
windowseel: folds 
JimiRecall: folds 
BluShamrk: folds 
Uncalled bet ($1) returned to PrestoAces
PrestoAces collected $1.05 from pot
PrestoAces: doesn't show hand 
*** SUMMARY ***
Total pot $1.10 | Rake $0.05 
Board [Ts 6d Jd]
Seat 1: WongPlayer (button) folded before Flop (didn't bet)
Seat 2: mspitolai (small blind) folded before Flop
Seat 3: JimiRecall (big blind) folded on the Flop
Seat 4: pudster195 folded before Flop (didn't bet)
Seat 5: BluShamrk folded on the Flop
Seat 6: PrestoAces collected ($1.05)
Seat 7: windowseel folded on the Flop
Seat 8: Alameda22 folded before Flop (didn't bet)
Seat 9: Mitak13 folded before Flop (didn't bet)



PokerStars Game #19576260456:  Hold'em No Limit ($0.10/$0.25) - 2008/08/12 - 23:06:20 (ET)
Table 'Weber' 9-max Seat #2 is the button
Seat 1: WongPlayer ($20.40 in chips) 
Seat 2: mspitolai ($39.55 in chips) 
Seat 3: JimiRecall ($24.75 in chips) 
Seat 4: pudster195 ($11.35 in chips) 
Seat 5: BluShamrk ($26.40 in chips) 
Seat 6: PrestoAces ($25.80 in chips) 
Seat 7: windowseel ($33.65 in chips) 
Seat 8: Alameda22 ($24.65 in chips) 
Seat 9: Mitak13 ($12.40 in chips) 
JimiRecall: posts small blind $0.10
pudster195: posts big blind $0.25
*** HOLE CARDS ***
Dealt to Alameda22 [7s Qs]
BluShamrk: calls $0.25
PrestoAces: folds 
windowseel: folds 
Alameda22: folds 
Mitak13: folds 
WongPlayer: raises $0.25 to $0.50
mspitolai: calls $0.50
JimiRecall: calls $0.40
pudster195: calls $0.25
BluShamrk: calls $0.25
*** FLOP *** [Ah Qc Kd]
JimiRecall: checks 
pudster195: checks 
BluShamrk: checks 
WongPlayer: checks 
mspitolai: checks 
*** TURN *** [Ah Qc Kd] [3h]
JimiRecall: checks 
pudster195: bets $0.50
BluShamrk: calls $0.50
WongPlayer: folds 
mspitolai: folds 
JimiRecall: folds 
*** RIVER *** [Ah Qc Kd 3h] [6s]
pudster195: bets $0.50
BluShamrk: calls $0.50
*** SHOW DOWN ***
pudster195: shows [Ad Th] (a pair of Aces)
BluShamrk: mucks hand 
pudster195 collected $4.30 from pot
*** SUMMARY ***
Total pot $4.50 | Rake $0.20 
Board [Ah Qc Kd 3h 6s]
Seat 1: WongPlayer folded on the Turn
Seat 2: mspitolai (button) folded on the Turn
Seat 3: JimiRecall (small blind) folded on the Turn
Seat 4: pudster195 (big blind) showed [Ad Th] and won ($4.30) with a pair of Aces
Seat 5: BluShamrk mucked [Jh Qh]
Seat 6: PrestoAces folded before Flop (didn't bet)
Seat 7: windowseel folded before Flop (didn't bet)
Seat 8: Alameda22 folded before Flop (didn't bet)
Seat 9: Mitak13 folded before Flop (didn't bet)



PokerStars Game #19576290664:  Hold'em No Limit ($0.10/$0.25) - 2008/08/12 - 23:07:46 (ET)
Table 'Weber' 9-max Seat #3 is the button
Seat 1: WongPlayer ($19.90 in chips) 
Seat 2: mspitolai ($39.05 in chips) 
Seat 3: JimiRecall ($24.25 in chips) 
Seat 4: pudster195 ($14.15 in chips) 
Seat 5: BluShamrk ($24.90 in chips) 
Seat 6: PrestoAces ($25.80 in chips) 
Seat 7: windowseel ($33.65 in chips) 
Seat 8: Alameda22 ($24.65 in chips) 
Seat 9: Mitak13 ($12.40 in chips) 
pudster195: posts small blind $0.10
BluShamrk: posts big blind $0.25
*** HOLE CARDS ***
Dealt to Alameda22 [Qs 3h]
PrestoAces: folds 
windowseel: folds 
Alameda22: folds 
Mitak13: folds 
WongPlayer: folds 
WongPlayer is sitting out
WongPlayer leaves the table
mspitolai: raises $0.75 to $1
JimiRecall: folds 
pudster195: folds 
BluShamrk: calls $0.75
*** FLOP *** [Th 3c Ad]
BluShamrk: checks 
mspitolai: bets $1.50
BluShamrk: folds 
Uncalled bet ($1.50) returned to mspitolai
mspitolai collected $2 from pot
mspitolai: doesn't show hand 
*** SUMMARY ***
Total pot $2.10 | Rake $0.10 
Board [Th 3c Ad]
Seat 1: WongPlayer folded before Flop (didn't bet)
Seat 2: mspitolai collected ($2)
Seat 3: JimiRecall (button) folded before Flop (didn't bet)
Seat 4: pudster195 (small blind) folded before Flop
Seat 5: BluShamrk (big blind) folded on the Flop
Seat 6: PrestoAces folded before Flop (didn't bet)
Seat 7: windowseel folded before Flop (didn't bet)
Seat 8: Alameda22 folded before Flop (didn't bet)
Seat 9: Mitak13 folded before Flop (didn't bet)



PokerStars Game #19576308907:  Hold'em No Limit ($0.10/$0.25) - 2008/08/12 - 23:08:38 (ET)
Table 'Weber' 9-max Seat #4 is the button
Seat 2: mspitolai ($40.05 in chips) 
Seat 3: JimiRecall ($24.25 in chips) 
Seat 4: pudster195 ($14.05 in chips) 
Seat 5: BluShamrk ($23.90 in chips) 
Seat 6: PrestoAces ($25.80 in chips) 
Seat 7: windowseel ($33.65 in chips) 
Seat 8: Alameda22 ($24.65 in chips) 
Seat 9: Mitak13 ($12.40 in chips) 
BluShamrk: posts small blind $0.10
PrestoAces: posts big blind $0.25
*** HOLE CARDS ***
Dealt to Alameda22 [7c 3s]
windowseel: folds 
hemsky8383 joins the table at seat #1 
Alameda22: folds 
Mitak13: calls $0.25
mspitolai: folds 
JimiRecall: folds 
pudster195: calls $0.25
BluShamrk: calls $0.15
PrestoAces: checks 
*** FLOP *** [Kd 2h Ts]
BluShamrk: checks 
PrestoAces: bets $1
Mitak13: folds 
pudster195: calls $1
BluShamrk: calls $1
*** TURN *** [Kd 2h Ts] [7d]
BluShamrk: checks 
PrestoAces: checks 
pudster195: bets $2
BluShamrk: calls $2
PrestoAces: folds 
*** RIVER *** [Kd 2h Ts 7d] [6c]
BluShamrk: checks 
pudster195: bets $4
BluShamrk: folds 
Uncalled bet ($4) returned to pudster195
pudster195 collected $7.65 from pot
pudster195: shows [2c 2s] (three of a kind, Deuces)
*** SUMMARY ***
Total pot $8 | Rake $0.35 
Board [Kd 2h Ts 7d 6c]
Seat 2: mspitolai folded before Flop (didn't bet)
Seat 3: JimiRecall folded before Flop (didn't bet)
Seat 4: pudster195 (button) collected ($7.65)
Seat 5: BluShamrk (small blind) folded on the River
Seat 6: PrestoAces (big blind) folded on the Turn
Seat 7: windowseel folded before Flop (didn't bet)
Seat 8: Alameda22 folded before Flop (didn't bet)
Seat 9: Mitak13 folded on the Flop



PokerStars Game #19576351344:  Hold'em No Limit ($0.10/$0.25) - 2008/08/12 - 23:10:41 (ET)
Table 'Weber' 9-max Seat #5 is the button
Seat 2: mspitolai ($40.05 in chips) 
Seat 3: JimiRecall ($24.25 in chips) 
Seat 4: pudster195 ($18.45 in chips) 
Seat 5: BluShamrk ($21.85 in chips) 
Seat 6: PrestoAces ($24.55 in chips) 
Seat 7: windowseel ($33.65 in chips) 
Seat 8: Alameda22 ($24.65 in chips) 
Seat 9: Mitak13 ($12.15 in chips) 
PrestoAces: posts small blind $0.10
windowseel: posts big blind $0.25
BluShamrk said, "nh"
hemsky8383: sits out 
*** HOLE CARDS ***
Dealt to Alameda22 [Jd Th]
pudster195 said, "ty"
Alameda22: folds 
BluShamrk said, "was a big hand or a bluff"
pudster195 said, "y"
Mitak13: folds 
mspitolai: folds 
JimiRecall: folds 
pudster195: calls $0.25
BluShamrk: folds 
PrestoAces: calls $0.15
windowseel: checks 
*** FLOP *** [Ts 8d 2s]
BluShamrk said, "just cuz"
PrestoAces: checks 
windowseel: checks 
pudster195: bets $0.50
PrestoAces: folds 
windowseel: calls $0.50
*** TURN *** [Ts 8d 2s] [Tc]
windowseel: checks 
pudster195: bets $1
windowseel: calls $1
*** RIVER *** [Ts 8d 2s Tc] [Kc]
windowseel: checks 
pudster195: bets $2
windowseel: folds 
Uncalled bet ($2) returned to pudster195
pudster195 collected $3.60 from pot
pudster195: doesn't show hand 
*** SUMMARY ***
Total pot $3.75 | Rake $0.15 
Board [Ts 8d 2s Tc Kc]
Seat 2: mspitolai folded before Flop (didn't bet)
Seat 3: JimiRecall folded before Flop (didn't bet)
Seat 4: pudster195 collected ($3.60)
Seat 5: BluShamrk (button) folded before Flop (didn't bet)
Seat 6: PrestoAces (small blind) folded on the Flop
Seat 7: windowseel (big blind) folded on the River
Seat 8: Alameda22 folded before Flop (didn't bet)
Seat 9: Mitak13 folded before Flop (didn't bet)



PokerStars Game #19576386114:  Hold'em No Limit ($0.10/$0.25) - 2008/08/12 - 23:12:23 (ET)
Table 'Weber' 9-max Seat #6 is the button
Seat 2: mspitolai ($40.05 in chips) 
Seat 3: JimiRecall ($24.25 in chips) 
Seat 4: pudster195 ($20.30 in chips) 
Seat 5: BluShamrk ($25 in chips) 
Seat 6: PrestoAces ($24.30 in chips) 
Seat 7: windowseel ($31.90 in chips) 
Seat 8: Alameda22 ($24.65 in chips) 
Seat 9: Mitak13 ($12.15 in chips) 
windowseel: posts small blind $0.10
Alameda22: posts big blind $0.25
hemsky8383: sits out 
*** HOLE CARDS ***
Dealt to Alameda22 [2h 7h]
Mitak13: raises $0.50 to $0.75
mspitolai: folds 
JimiRecall: folds 
pudster195: calls $0.75
BluShamrk: folds 
PrestoAces: folds 
pudster195 said, "sorry i meant yes"
windowseel: calls $0.65
Alameda22: folds 
*** FLOP *** [Js Kd Qd]
windowseel: checks 
Mitak13: bets $0.75
pudster195: calls $0.75
windowseel: calls $0.75
*** TURN *** [Js Kd Qd] [Ad]
windowseel: checks 
Mitak13: checks 
pudster195: bets $2.50
windowseel: folds 
Mitak13: calls $2.50
*** RIVER *** [Js Kd Qd Ad] [Jc]
Mitak13: checks 
pudster195: checks 
*** SHOW DOWN ***
Mitak13: shows [Ks Ah] (two pair, Aces and Kings)
pudster195: shows [Td Qs] (a straight, Ten to Ace)
pudster195 collected $9.30 from pot
*** SUMMARY ***
Total pot $9.75 | Rake $0.45 
Board [Js Kd Qd Ad Jc]
Seat 2: mspitolai folded before Flop (didn't bet)
Seat 3: JimiRecall folded before Flop (didn't bet)
Seat 4: pudster195 showed [Td Qs] and won ($9.30) with a straight, Ten to Ace
Seat 5: BluShamrk folded before Flop (didn't bet)
Seat 6: PrestoAces (button) folded before Flop (didn't bet)
Seat 7: windowseel (small blind) folded on the Turn
Seat 8: Alameda22 (big blind) folded before Flop
Seat 9: Mitak13 showed [Ks Ah] and lost with two pair, Aces and Kings



PokerStars Game #19576417354:  Hold'em No Limit ($0.10/$0.25) - 2008/08/12 - 23:13:55 (ET)
Table 'Weber' 9-max Seat #7 is the button
Seat 2: mspitolai ($40.05 in chips) 
Seat 3: JimiRecall ($24.25 in chips) 
Seat 4: pudster195 ($25.60 in chips) 
Seat 5: BluShamrk ($25 in chips) 
Seat 6: PrestoAces ($24.30 in chips) 
Seat 7: windowseel ($30.40 in chips) 
Seat 8: Alameda22 ($24.40 in chips) 
Seat 9: Mitak13 ($8.15 in chips) 
Alameda22: posts small blind $0.10
Mitak13: posts big blind $0.25
hemsky8383: sits out 
*** HOLE CARDS ***
Dealt to Alameda22 [Qd 7c]
mspitolai: folds 
JimiRecall: folds 
JimiRecall leaves the table
pudster195: folds 
BluShamrk: calls $0.25
PrestoAces: folds 
windowseel: calls $0.25
Usurpov joins the table at seat #3 
Alameda22: folds 
pudster195 is sitting out
Mitak13: checks 
*** FLOP *** [9d Ks 6s]
Mitak13: checks 
BluShamrk: checks 
windowseel: checks 
*** TURN *** [9d Ks 6s] [8d]
Mitak13: checks 
BluShamrk: bets $1
windowseel: calls $1
Mitak13: folds 
*** RIVER *** [9d Ks 6s 8d] [6c]
BluShamrk: bets $1
windowseel: calls $1
*** SHOW DOWN ***
BluShamrk: shows [5h Kh] (two pair, Kings and Sixes)
windowseel: mucks hand 
BluShamrk collected $4.65 from pot
*** SUMMARY ***
Total pot $4.85 | Rake $0.20 
Board [9d Ks 6s 8d 6c]
Seat 2: mspitolai folded before Flop (didn't bet)
Seat 3: JimiRecall folded before Flop (didn't bet)
Seat 4: pudster195 folded before Flop (didn't bet)
Seat 5: BluShamrk showed [5h Kh] and won ($4.65) with two pair, Kings and Sixes
Seat 6: PrestoAces folded before Flop (didn't bet)
Seat 7: windowseel (button) mucked [9h Ah]
Seat 8: Alameda22 (small blind) folded before Flop
Seat 9: Mitak13 (big blind) folded on the Turn



PokerStars Game #19576444853:  Hold'em No Limit ($0.10/$0.25) - 2008/08/12 - 23:15:15 (ET)
Table 'Weber' 9-max Seat #8 is the button
Seat 1: hemsky8383 ($25 in chips) 
Seat 2: mspitolai ($40.05 in chips) 
Seat 5: BluShamrk ($27.40 in chips) 
Seat 6: PrestoAces ($24.30 in chips) 
Seat 7: windowseel ($28.15 in chips) 
Seat 8: Alameda22 ($24.30 in chips) 
Seat 9: Mitak13 ($7.90 in chips) 
Mitak13: posts small blind $0.10
hemsky8383: posts big blind $0.25
Usurpov: sits out 
*** HOLE CARDS ***
Dealt to Alameda22 [8h 7s]
mspitolai: folds 
BluShamrk: folds 
PrestoAces: folds 
windowseel: calls $0.25
Alameda22: folds 
Mitak13: folds 
hemsky8383: checks 
*** FLOP *** [Qd 3c Qh]
pudster195 has returned
hemsky8383: checks 
windowseel: bets $0.75
hemsky8383: folds 
Uncalled bet ($0.75) returned to windowseel
windowseel collected $0.60 from pot
windowseel: doesn't show hand 
*** SUMMARY ***
Total pot $0.60 | Rake $0 
Board [Qd 3c Qh]
Seat 1: hemsky8383 (big blind) folded on the Flop
Seat 2: mspitolai folded before Flop (didn't bet)
Seat 5: BluShamrk folded before Flop (didn't bet)
Seat 6: PrestoAces folded before Flop (didn't bet)
Seat 7: windowseel collected ($0.60)
Seat 8: Alameda22 (button) folded before Flop (didn't bet)
Seat 9: Mitak13 (small blind) folded before Flop



PokerStars Game #19576462969:  Hold'em No Limit ($0.10/$0.25) - 2008/08/12 - 23:16:09 (ET)
Table 'Weber' 9-max Seat #9 is the button
Seat 1: hemsky8383 ($24.75 in chips) 
Seat 2: mspitolai ($40.05 in chips) 
Seat 4: pudster195 ($25.60 in chips) 
Seat 5: BluShamrk ($27.40 in chips) 
Seat 6: PrestoAces ($24.30 in chips) 
Seat 7: windowseel ($28.50 in chips) 
Seat 8: Alameda22 ($24.30 in chips) 
Seat 9: Mitak13 ($7.80 in chips) 
hemsky8383: posts small blind $0.10
mspitolai: posts big blind $0.25
Usurpov: sits out 
*** HOLE CARDS ***
Dealt to Alameda22 [Jh 9c]
pudster195: calls $0.25
BluShamrk: folds 
PrestoAces: folds 
windowseel: calls $0.25
Alameda22: folds 
Mitak13: raises $1 to $1.25
hemsky8383: folds 
mspitolai: folds 
pudster195: calls $1
windowseel: calls $1
*** FLOP *** [3h 4d 4h]
pudster195: checks 
windowseel: bets $1
Mitak13: folds 
pudster195: folds 
Uncalled bet ($1) returned to windowseel
windowseel collected $3.90 from pot
windowseel: doesn't show hand 
*** SUMMARY ***
Total pot $4.10 | Rake $0.20 
Board [3h 4d 4h]
Seat 1: hemsky8383 (small blind) folded before Flop
Seat 2: mspitolai (big blind) folded before Flop
Seat 4: pudster195 folded on the Flop
Seat 5: BluShamrk folded before Flop (didn't bet)
Seat 6: PrestoAces folded before Flop (didn't bet)
Seat 7: windowseel collected ($3.90)
Seat 8: Alameda22 folded before Flop (didn't bet)
Seat 9: Mitak13 (button) folded on the Flop



PokerStars Game #19576478964:  Hold'em No Limit ($0.10/$0.25) - 2008/08/12 - 23:16:57 (ET)
Table 'Weber' 9-max Seat #1 is the button
Seat 1: hemsky8383 ($24.65 in chips) 
Seat 2: mspitolai ($39.80 in chips) 
Seat 3: Usurpov ($25 in chips) 
Seat 4: pudster195 ($24.35 in chips) 
Seat 5: BluShamrk ($27.40 in chips) 
Seat 6: PrestoAces ($24.30 in chips) 
Seat 7: windowseel ($31.15 in chips) 
Seat 8: Alameda22 ($24.30 in chips) 
Seat 9: Mitak13 ($6.55 in chips) 
mspitolai: posts small blind $0.10
Usurpov: posts big blind $0.25
*** HOLE CARDS ***
Dealt to Alameda22 [9h 2c]
pudster195: calls $0.25
BluShamrk: folds 
PrestoAces: folds 
windowseel: calls $0.25
Alameda22: folds 
Mitak13: folds 
hemsky8383: folds 
mspitolai: calls $0.15
Usurpov: checks 
*** FLOP *** [Jd 5c 9s]
mspitolai: checks 
Usurpov: checks 
pudster195: bets $0.50
windowseel: raises $0.50 to $1
mspitolai: folds 
Usurpov: calls $1
pudster195: calls $0.50
*** TURN *** [Jd 5c 9s] [2h]
Usurpov: checks 
pudster195: checks 
windowseel: bets $4
Usurpov: folds 
pudster195: folds 
Uncalled bet ($4) returned to windowseel
windowseel collected $3.85 from pot
windowseel: doesn't show hand 
*** SUMMARY ***
Total pot $4 | Rake $0.15 
Board [Jd 5c 9s 2h]
Seat 1: hemsky8383 (button) folded before Flop (didn't bet)
Seat 2: mspitolai (small blind) folded on the Flop
Seat 3: Usurpov (big blind) folded on the Turn
Seat 4: pudster195 folded on the Turn
Seat 5: BluShamrk folded before Flop (didn't bet)
Seat 6: PrestoAces folded before Flop (didn't bet)
Seat 7: windowseel collected ($3.85)
Seat 8: Alameda22 folded before Flop (didn't bet)
Seat 9: Mitak13 folded before Flop (didn't bet)



PokerStars Game #19576507780:  Hold'em No Limit ($0.10/$0.25) - 2008/08/12 - 23:18:24 (ET)
Table 'Weber' 9-max Seat #2 is the button
Seat 1: hemsky8383 ($24.65 in chips) 
Seat 2: mspitolai ($39.55 in chips) 
Seat 3: Usurpov ($23.75 in chips) 
Seat 4: pudster195 ($23.10 in chips) 
Seat 5: BluShamrk ($27.40 in chips) 
Seat 6: PrestoAces ($24.30 in chips) 
Seat 7: windowseel ($33.75 in chips) 
Seat 8: Alameda22 ($24.30 in chips) 
Seat 9: Mitak13 ($6.55 in chips) 
Usurpov: posts small blind $0.10
pudster195: posts big blind $0.25
*** HOLE CARDS ***
Dealt to Alameda22 [Jd Ah]
BluShamrk: folds 
PrestoAces: folds 
windowseel: calls $0.25
Alameda22: raises $0.75 to $1
Mitak13: folds 
hemsky8383: folds 
mspitolai: folds 
Usurpov: folds 
pudster195: calls $0.75
windowseel: calls $0.75
*** FLOP *** [4s Tc 6h]
pudster195: checks 
windowseel: checks 
Alameda22: bets $2
pudster195: folds 
windowseel: calls $2
*** TURN *** [4s Tc 6h] [7d]
windowseel: checks 
Alameda22: checks 
*** RIVER *** [4s Tc 6h 7d] [2h]
windowseel: checks 
Alameda22: checks 
*** SHOW DOWN ***
windowseel: shows [8h 7s] (a pair of Sevens)
Alameda22: mucks hand 
windowseel collected $6.80 from pot
windowseel is sitting out
windowseel has returned
*** SUMMARY ***
Total pot $7.10 | Rake $0.30 
Board [4s Tc 6h 7d 2h]
Seat 1: hemsky8383 folded before Flop (didn't bet)
Seat 2: mspitolai (button) folded before Flop (didn't bet)
Seat 3: Usurpov (small blind) folded before Flop
Seat 4: pudster195 (big blind) folded on the Flop
Seat 5: BluShamrk folded before Flop (didn't bet)
Seat 6: PrestoAces folded before Flop (didn't bet)
Seat 7: windowseel showed [8h 7s] and won ($6.80) with a pair of Sevens
Seat 8: Alameda22 mucked [Jd Ah]
Seat 9: Mitak13 folded before Flop (didn't bet)



PokerStars Game #19576536271:  Hold'em No Limit ($0.10/$0.25) - 2008/08/12 - 23:19:49 (ET)
Table 'Weber' 9-max Seat #3 is the button
Seat 1: hemsky8383 ($24.65 in chips) 
Seat 2: mspitolai ($39.55 in chips) 
Seat 3: Usurpov ($23.65 in chips) 
Seat 4: pudster195 ($22.10 in chips) 
Seat 5: BluShamrk ($27.40 in chips) 
Seat 6: PrestoAces ($25 in chips) 
Seat 7: windowseel ($37.55 in chips) 
Seat 8: Alameda22 ($21.30 in chips) 
Seat 9: Mitak13 ($6.55 in chips) 
pudster195: posts small blind $0.10
BluShamrk: posts big blind $0.25
*** HOLE CARDS ***
Dealt to Alameda22 [Qh 5d]
PrestoAces: folds 
windowseel: raises $0.25 to $0.50
Alameda22: folds 
Mitak13: folds 
hemsky8383: folds 
mspitolai: folds 
Usurpov: folds 
pudster195: calls $0.40
BluShamrk: calls $0.25
*** FLOP *** [Th 3c Jc]
pudster195: checks 
BluShamrk: checks 
windowseel: bets $1.50
pudster195: folds 
BluShamrk: folds 
Uncalled bet ($1.50) returned to windowseel
windowseel collected $1.45 from pot
windowseel: doesn't show hand 
*** SUMMARY ***
Total pot $1.50 | Rake $0.05 
Board [Th 3c Jc]
Seat 1: hemsky8383 folded before Flop (didn't bet)
Seat 2: mspitolai folded before Flop (didn't bet)
Seat 3: Usurpov (button) folded before Flop (didn't bet)
Seat 4: pudster195 (small blind) folded on the Flop
Seat 5: BluShamrk (big blind) folded on the Flop
Seat 6: PrestoAces folded before Flop (didn't bet)
Seat 7: windowseel collected ($1.45)
Seat 8: Alameda22 folded before Flop (didn't bet)
Seat 9: Mitak13 folded before Flop (didn't bet)



PokerStars Game #19576554085:  Hold'em No Limit ($0.10/$0.25) - 2008/08/12 - 23:20:43 (ET)
Table 'Weber' 9-max Seat #4 is the button
Seat 1: hemsky8383 ($24.65 in chips) 
Seat 2: mspitolai ($39.55 in chips) 
Seat 3: Usurpov ($23.65 in chips) 
Seat 4: pudster195 ($21.60 in chips) 
Seat 5: BluShamrk ($26.90 in chips) 
Seat 6: PrestoAces ($25 in chips) 
Seat 7: windowseel ($38.50 in chips) 
Seat 8: Alameda22 ($21.30 in chips) 
Seat 9: Mitak13 ($6.55 in chips) 
BluShamrk: posts small blind $0.10
PrestoAces: posts big blind $0.25
*** HOLE CARDS ***
Dealt to Alameda22 [Qh 4d]
windowseel: folds 
Alameda22: folds 
Mitak13: folds 
hemsky8383: folds 
mspitolai: folds 
Usurpov: folds 
pudster195: raises $0.50 to $0.75
BluShamrk: folds 
PrestoAces: folds 
Uncalled bet ($0.50) returned to pudster195
pudster195 collected $0.60 from pot
pudster195: doesn't show hand 
*** SUMMARY ***
Total pot $0.60 | Rake $0 
Seat 1: hemsky8383 folded before Flop (didn't bet)
Seat 2: mspitolai folded before Flop (didn't bet)
Seat 3: Usurpov folded before Flop (didn't bet)
Seat 4: pudster195 (button) collected ($0.60)
Seat 5: BluShamrk (small blind) folded before Flop
Seat 6: PrestoAces (big blind) folded before Flop
Seat 7: windowseel folded before Flop (didn't bet)
Seat 8: Alameda22 folded before Flop (didn't bet)
Seat 9: Mitak13 folded before Flop (didn't bet)



PokerStars Game #19576576021:  Hold'em No Limit ($0.10/$0.25) - 2008/08/12 - 23:21:50 (ET)
Table 'Weber' 9-max Seat #5 is the button
Seat 1: hemsky8383 ($24.65 in chips) 
Seat 2: mspitolai ($39.55 in chips) 
Seat 3: Usurpov ($23.65 in chips) 
Seat 4: pudster195 ($21.95 in chips) 
Seat 5: BluShamrk ($26.80 in chips) 
Seat 6: PrestoAces ($24.75 in chips) 
Seat 7: windowseel ($38.50 in chips) 
Seat 8: Alameda22 ($21.30 in chips) 
Seat 9: Mitak13 ($6.55 in chips) 
PrestoAces: posts small blind $0.10
windowseel: posts big blind $0.25
*** HOLE CARDS ***
Dealt to Alameda22 [9s 2c]
Alameda22: folds 
Mitak13: folds 
hemsky8383: folds 
mspitolai: folds 
Usurpov: folds 
pudster195: calls $0.25
BluShamrk: folds 
PrestoAces: calls $0.15
windowseel: checks 
*** FLOP *** [Ah 7h 8h]
PrestoAces: checks 
windowseel: checks 
pudster195: checks 
*** TURN *** [Ah 7h 8h] [5d]
PrestoAces: checks 
windowseel: checks 
pudster195: checks 
*** RIVER *** [Ah 7h 8h 5d] [Th]
PrestoAces: checks 
windowseel: checks 
pudster195: bets $0.25
PrestoAces: folds 
windowseel: calls $0.25
*** SHOW DOWN ***
pudster195: shows [Kd 6h] (a flush, Ace high)
windowseel: mucks hand 
pudster195 collected $1.20 from pot
*** SUMMARY ***
Total pot $1.25 | Rake $0.05 
Board [Ah 7h 8h 5d Th]
Seat 1: hemsky8383 folded before Flop (didn't bet)
Seat 2: mspitolai folded before Flop (didn't bet)
Seat 3: Usurpov folded before Flop (didn't bet)
Seat 4: pudster195 showed [Kd 6h] and won ($1.20) with a flush, Ace high
Seat 5: BluShamrk (button) folded before Flop (didn't bet)
Seat 6: PrestoAces (small blind) folded on the River
Seat 7: windowseel (big blind) mucked [6s 8s]
Seat 8: Alameda22 folded before Flop (didn't bet)
Seat 9: Mitak13 folded before Flop (didn't bet)



PokerStars Game #19576609389:  Hold'em No Limit ($0.10/$0.25) - 2008/08/12 - 23:23:33 (ET)
Table 'Weber' 9-max Seat #6 is the button
Seat 1: hemsky8383 ($24.65 in chips) 
Seat 2: mspitolai ($39.55 in chips) 
Seat 3: Usurpov ($23.65 in chips) 
Seat 4: pudster195 ($22.65 in chips) 
Seat 5: BluShamrk ($26.80 in chips) 
Seat 6: PrestoAces ($24.50 in chips) 
Seat 7: windowseel ($38 in chips) 
Seat 8: Alameda22 ($21.30 in chips) 
Seat 9: Mitak13 ($6.55 in chips) 
windowseel: posts small blind $0.10
Alameda22: posts big blind $0.25
*** HOLE CARDS ***
Dealt to Alameda22 [9s Ad]
Mitak13: folds 
hemsky8383: folds 
mspitolai: folds 
Usurpov: folds 
pudster195: calls $0.25
BluShamrk: folds 
PrestoAces: folds 
windowseel: calls $0.15
Alameda22: checks 
*** FLOP *** [9d As Ks]
windowseel: checks 
Alameda22: bets $0.50
pudster195: calls $0.50
windowseel: folds 
*** TURN *** [9d As Ks] [Jc]
Alameda22: bets $1.25
pudster195: raises $1.75 to $3
Alameda22: calls $1.75
*** RIVER *** [9d As Ks Jc] [8d]
Alameda22: checks 
pudster195: bets $4
Alameda22: calls $4
*** SHOW DOWN ***
pudster195: shows [Ah 2c] (a pair of Aces)
Alameda22: shows [9s Ad] (two pair, Aces and Nines)
Alameda22 collected $15 from pot
*** SUMMARY ***
Total pot $15.75 | Rake $0.75 
Board [9d As Ks Jc 8d]
Seat 1: hemsky8383 folded before Flop (didn't bet)
Seat 2: mspitolai folded before Flop (didn't bet)
Seat 3: Usurpov folded before Flop (didn't bet)
Seat 4: pudster195 showed [Ah 2c] and lost with a pair of Aces
Seat 5: BluShamrk folded before Flop (didn't bet)
Seat 6: PrestoAces (button) folded before Flop (didn't bet)
Seat 7: windowseel (small blind) folded on the Flop
Seat 8: Alameda22 (big blind) showed [9s Ad] and won ($15) with two pair, Aces and Nines
Seat 9: Mitak13 folded before Flop (didn't bet)



PokerStars Game #19576636041:  Hold'em No Limit ($0.10/$0.25) - 2008/08/12 - 23:24:56 (ET)
Table 'Weber' 9-max Seat #7 is the button
Seat 1: hemsky8383 ($24.65 in chips) 
Seat 2: mspitolai ($39.55 in chips) 
Seat 3: Usurpov ($23.65 in chips) 
Seat 4: pudster195 ($14.90 in chips) 
Seat 5: BluShamrk ($26.80 in chips) 
Seat 6: PrestoAces ($25 in chips) 
Seat 7: windowseel ($37.75 in chips) 
Seat 8: Alameda22 ($28.55 in chips) 
Seat 9: Mitak13 ($6.55 in chips) 
Alameda22: posts small blind $0.10
Mitak13: posts big blind $0.25
*** HOLE CARDS ***
Dealt to Alameda22 [2h 4c]
pudster195 said, "nh"
hemsky8383: folds 
mspitolai: folds 
Usurpov: folds 
pudster195: calls $0.25
BluShamrk: calls $0.25
PrestoAces: folds 
windowseel: calls $0.25
Alameda22: folds 
Mitak13: checks 
*** FLOP *** [7c Ad As]
Mitak13: checks 
pudster195: folds 
BluShamrk: checks 
windowseel: bets $0.50
Mitak13: folds 
BluShamrk: folds 
Uncalled bet ($0.50) returned to windowseel
windowseel collected $1.05 from pot
windowseel: doesn't show hand 
*** SUMMARY ***
Total pot $1.10 | Rake $0.05 
Board [7c Ad As]
Seat 1: hemsky8383 folded before Flop (didn't bet)
Seat 2: mspitolai folded before Flop (didn't bet)
Seat 3: Usurpov folded before Flop (didn't bet)
Seat 4: pudster195 folded on the Flop
Seat 5: BluShamrk folded on the Flop
Seat 6: PrestoAces folded before Flop (didn't bet)
Seat 7: windowseel (button) collected ($1.05)
Seat 8: Alameda22 (small blind) folded before Flop
Seat 9: Mitak13 (big blind) folded on the Flop



PokerStars Game #19576663138:  Hold'em No Limit ($0.10/$0.25) - 2008/08/12 - 23:26:21 (ET)
Table 'Weber' 9-max Seat #8 is the button
Seat 1: hemsky8383 ($24.65 in chips) 
Seat 2: mspitolai ($39.55 in chips) 
Seat 3: Usurpov ($23.65 in chips) 
Seat 4: pudster195 ($14.65 in chips) 
Seat 5: BluShamrk ($26.55 in chips) 
Seat 6: PrestoAces ($25 in chips) 
Seat 7: windowseel ($38.55 in chips) 
Seat 8: Alameda22 ($28.45 in chips) 
Seat 9: Mitak13 ($6.30 in chips) 
Mitak13: posts small blind $0.10
hemsky8383: posts big blind $0.25
*** HOLE CARDS ***
Dealt to Alameda22 [4d 4s]
mspitolai: folds 
Usurpov: raises $0.50 to $0.75
pudster195: calls $0.75
BluShamrk: folds 
PrestoAces: folds 
windowseel: folds 
Alameda22: calls $0.75
Mitak13: folds 
hemsky8383: folds 
*** FLOP *** [9c 7h 5d]
Usurpov: checks 
pudster195: bets $0.75
Alameda22: folds 
Usurpov: folds 
Uncalled bet ($0.75) returned to pudster195
pudster195 collected $2.50 from pot
pudster195: doesn't show hand 
*** SUMMARY ***
Total pot $2.60 | Rake $0.10 
Board [9c 7h 5d]
Seat 1: hemsky8383 (big blind) folded before Flop
Seat 2: mspitolai folded before Flop (didn't bet)
Seat 3: Usurpov folded on the Flop
Seat 4: pudster195 collected ($2.50)
Seat 5: BluShamrk folded before Flop (didn't bet)
Seat 6: PrestoAces folded before Flop (didn't bet)
Seat 7: windowseel folded before Flop (didn't bet)
Seat 8: Alameda22 (button) folded on the Flop
Seat 9: Mitak13 (small blind) folded before Flop



PokerStars Game #19576684969:  Hold'em No Limit ($0.10/$0.25) - 2008/08/12 - 23:27:29 (ET)
Table 'Weber' 9-max Seat #9 is the button
Seat 1: hemsky8383 ($24.40 in chips) 
Seat 2: mspitolai ($39.55 in chips) 
Seat 3: Usurpov ($22.90 in chips) 
Seat 4: pudster195 ($16.40 in chips) 
Seat 5: BluShamrk ($26.55 in chips) 
Seat 6: PrestoAces ($25 in chips) 
Seat 7: windowseel ($38.55 in chips) 
Seat 8: Alameda22 ($27.70 in chips) 
Seat 9: Mitak13 ($6.20 in chips) 
hemsky8383: posts small blind $0.10
mspitolai: posts big blind $0.25
*** HOLE CARDS ***
Dealt to Alameda22 [2c 2d]
Usurpov: folds 
pudster195: folds 
BluShamrk: raises $0.75 to $1
PrestoAces: folds 
pudster195 is sitting out
windowseel: raises $2.25 to $3.25
Alameda22: folds 
Mitak13: folds 
hemsky8383: folds 
mspitolai: folds 
BluShamrk: folds 
Uncalled bet ($2.25) returned to windowseel
windowseel collected $2.35 from pot
*** SUMMARY ***
Total pot $2.35 | Rake $0 
Seat 1: hemsky8383 (small blind) folded before Flop
Seat 2: mspitolai (big blind) folded before Flop
Seat 3: Usurpov folded before Flop (didn't bet)
Seat 4: pudster195 folded before Flop (didn't bet)
Seat 5: BluShamrk folded before Flop
Seat 6: PrestoAces folded before Flop (didn't bet)
Seat 7: windowseel collected ($2.35)
Seat 8: Alameda22 folded before Flop (didn't bet)
Seat 9: Mitak13 (button) folded before Flop (didn't bet)



PokerStars Game #19576697317:  Hold'em No Limit ($0.10/$0.25) - 2008/08/12 - 23:28:08 (ET)
Table 'Weber' 9-max Seat #1 is the button
Seat 1: hemsky8383 ($24.30 in chips) 
Seat 2: mspitolai ($39.30 in chips) 
Seat 3: Usurpov ($22.90 in chips) 
Seat 5: BluShamrk ($25.55 in chips) 
Seat 6: PrestoAces ($25 in chips) 
Seat 7: windowseel ($39.90 in chips) 
Seat 8: Alameda22 ($27.70 in chips) 
Seat 9: Mitak13 ($6.20 in chips) 
mspitolai: posts small blind $0.10
Usurpov: posts big blind $0.25
*** HOLE CARDS ***
Dealt to Alameda22 [3c As]
BluShamrk: calls $0.25
PrestoAces: folds 
windowseel: folds 
windowseel leaves the table
Alameda22: folds 
Mitak13: folds 
hemsky8383: folds 
mspitolai: raises $1.75 to $2
Usurpov: folds 
BluShamrk: calls $1.75
*** FLOP *** [Ts 4c Tc]
mspitolai: bets $2.75
LiLPrawN joins the table at seat #7 
BluShamrk: folds 
Uncalled bet ($2.75) returned to mspitolai
mspitolai collected $4.05 from pot
mspitolai: doesn't show hand 
*** SUMMARY ***
Total pot $4.25 | Rake $0.20 
Board [Ts 4c Tc]
Seat 1: hemsky8383 (button) folded before Flop (didn't bet)
Seat 2: mspitolai (small blind) collected ($4.05)
Seat 3: Usurpov (big blind) folded before Flop
Seat 5: BluShamrk folded on the Flop
Seat 6: PrestoAces folded before Flop (didn't bet)
Seat 7: windowseel folded before Flop (didn't bet)
Seat 8: Alameda22 folded before Flop (didn't bet)
Seat 9: Mitak13 folded before Flop (didn't bet)



PokerStars Game #19576714222:  Hold'em No Limit ($0.10/$0.25) - 2008/08/12 - 23:29:01 (ET)
Table 'Weber' 9-max Seat #2 is the button
Seat 1: hemsky8383 ($24.30 in chips) 
Seat 2: mspitolai ($41.35 in chips) 
Seat 3: Usurpov ($22.65 in chips) 
Seat 5: BluShamrk ($23.55 in chips) 
Seat 6: PrestoAces ($25 in chips) 
Seat 8: Alameda22 ($27.70 in chips) 
Seat 9: Mitak13 ($6.20 in chips) 
Usurpov: posts small blind $0.10
BluShamrk: posts big blind $0.25
LiLPrawN: sits out 
*** HOLE CARDS ***
Dealt to Alameda22 [9d 9s]
PrestoAces: folds 
Alameda22: calls $0.25
Mitak13: calls $0.25
hemsky8383: folds 
mspitolai: folds 
Usurpov: folds 
BluShamrk: checks 
*** FLOP *** [5d Ah 2s]
BluShamrk: checks 
Mitak13 is disconnected 
Alameda22: bets $0.50
Mitak13 is connected 
Mitak13: calls $0.50
BluShamrk: calls $0.50
*** TURN *** [5d Ah 2s] [Qd]
BluShamrk: checks 
Alameda22: checks 
Mitak13: bets $1.50
BluShamrk: folds 
Alameda22: folds 
Uncalled bet ($1.50) returned to Mitak13
BluShamrk leaves the table
Mitak13 collected $2.25 from pot
Mitak13: doesn't show hand 
*** SUMMARY ***
Total pot $2.35 | Rake $0.10 
Board [5d Ah 2s Qd]
Seat 1: hemsky8383 folded before Flop (didn't bet)
Seat 2: mspitolai (button) folded before Flop (didn't bet)
Seat 3: Usurpov (small blind) folded before Flop
Seat 5: BluShamrk (big blind) folded on the Turn
Seat 6: PrestoAces folded before Flop (didn't bet)
Seat 8: Alameda22 folded on the Turn
Seat 9: Mitak13 collected ($2.25)



PokerStars Game #19576742983:  Hold'em No Limit ($0.10/$0.25) - 2008/08/12 - 23:30:35 (ET)
Table 'Weber' 9-max Seat #3 is the button
Seat 1: hemsky8383 ($24.30 in chips) 
Seat 2: mspitolai ($41.35 in chips) 
Seat 3: Usurpov ($22.55 in chips) 
Seat 6: PrestoAces ($25 in chips) 
Seat 7: LiLPrawN ($25 in chips) 
Seat 8: Alameda22 ($26.95 in chips) 
Seat 9: Mitak13 ($7.70 in chips) 
PrestoAces: posts small blind $0.10
LiLPrawN: posts big blind $0.25
*** HOLE CARDS ***
Dealt to Alameda22 [Kd 5h]
Alameda22: folds 
Mitak13: calls $0.25
hemsky8383: folds 
mspitolai: folds 
Usurpov: folds 
PrestoAces: calls $0.15
LiLPrawN: checks 
*** FLOP *** [3s Js 7d]
PrestoAces: checks 
LiLPrawN: checks 
latulla joins the table at seat #5 
Mitak13: bets $0.75
PrestoAces: folds 
LiLPrawN: folds 
Uncalled bet ($0.75) returned to Mitak13
Mitak13 collected $0.75 from pot
Mitak13: doesn't show hand 
*** SUMMARY ***
Total pot $0.75 | Rake $0 
Board [3s Js 7d]
Seat 1: hemsky8383 folded before Flop (didn't bet)
Seat 2: mspitolai folded before Flop (didn't bet)
Seat 3: Usurpov (button) folded before Flop (didn't bet)
Seat 6: PrestoAces (small blind) folded on the Flop
Seat 7: LiLPrawN (big blind) folded on the Flop
Seat 8: Alameda22 folded before Flop (didn't bet)
Seat 9: Mitak13 collected ($0.75)



PokerStars Game #19576756520:  Hold'em No Limit ($0.10/$0.25) - 2008/08/12 - 23:31:17 (ET)
Table 'Weber' 9-max Seat #6 is the button
Seat 1: hemsky8383 ($24.30 in chips) 
Seat 2: mspitolai ($41.35 in chips) 
Seat 3: Usurpov ($22.55 in chips) 
Seat 5: latulla ($15 in chips) 
Seat 6: PrestoAces ($24.75 in chips) 
Seat 7: LiLPrawN ($24.75 in chips) 
Seat 8: Alameda22 ($26.95 in chips) 
Seat 9: Mitak13 ($8.20 in chips) 
LiLPrawN: posts small blind $0.10
Alameda22: posts big blind $0.25
latulla: posts big blind $0.25
*** HOLE CARDS ***
Dealt to Alameda22 [6s 5c]
Mitak13: folds 
hemsky8383: folds 
mspitolai: raises $1.75 to $2
Usurpov: folds 
latulla: folds 
PrestoAces: folds 
LiLPrawN: folds 
Alameda22: folds 
Uncalled bet ($1.75) returned to mspitolai
mspitolai collected $0.85 from pot
mspitolai: doesn't show hand 
*** SUMMARY ***
Total pot $0.85 | Rake $0 
Seat 1: hemsky8383 folded before Flop (didn't bet)
Seat 2: mspitolai collected ($0.85)
Seat 3: Usurpov folded before Flop (didn't bet)
Seat 5: latulla folded before Flop
Seat 6: PrestoAces (button) folded before Flop (didn't bet)
Seat 7: LiLPrawN (small blind) folded before Flop
Seat 8: Alameda22 (big blind) folded before Flop
Seat 9: Mitak13 folded before Flop (didn't bet)



PokerStars Game #19576771211:  Hold'em No Limit ($0.10/$0.25) - 2008/08/12 - 23:32:01 (ET)
Table 'Weber' 9-max Seat #7 is the button
Seat 1: hemsky8383 ($24.30 in chips) 
Seat 2: mspitolai ($41.95 in chips) 
Seat 3: Usurpov ($22.55 in chips) 
Seat 5: latulla ($14.75 in chips) 
Seat 6: PrestoAces ($24.75 in chips) 
Seat 7: LiLPrawN ($24.65 in chips) 
Seat 8: Alameda22 ($26.70 in chips) 
Seat 9: Mitak13 ($8.20 in chips) 
Alameda22: posts small blind $0.10
Mitak13: posts big blind $0.25
*** HOLE CARDS ***
Dealt to Alameda22 [Ad Js]
hemsky8383: folds 
mspitolai: folds 
Usurpov: folds 
latulla: calls $0.25
PrestoAces: folds 
LiLPrawN: folds 
Alameda22: calls $0.15
Mitak13: checks 
*** FLOP *** [2h Kc Ks]
Alameda22: checks 
Mitak13: checks 
latulla: bets $0.25
Alameda22: folds 
Mitak13: calls $0.25
*** TURN *** [2h Kc Ks] [4c]
Mitak13: checks 
latulla: checks 
*** RIVER *** [2h Kc Ks 4c] [5c]
Mitak13: checks 
latulla: checks 
*** SHOW DOWN ***
Mitak13: shows [2s 4h] (two pair, Kings and Fours)
latulla: mucks hand 
Mitak13 collected $1.20 from pot
*** SUMMARY ***
Total pot $1.25 | Rake $0.05 
Board [2h Kc Ks 4c 5c]
Seat 1: hemsky8383 folded before Flop (didn't bet)
Seat 2: mspitolai folded before Flop (didn't bet)
Seat 3: Usurpov folded before Flop (didn't bet)
Seat 5: latulla mucked [9c 7h]
Seat 6: PrestoAces folded before Flop (didn't bet)
Seat 7: LiLPrawN (button) folded before Flop (didn't bet)
Seat 8: Alameda22 (small blind) folded on the Flop
Seat 9: Mitak13 (big blind) showed [2s 4h] and won ($1.20) with two pair, Kings and Fours



PokerStars Game #19576807621:  Hold'em No Limit ($0.10/$0.25) - 2008/08/12 - 23:33:54 (ET)
Table 'Weber' 9-max Seat #8 is the button
Seat 1: hemsky8383 ($24.30 in chips) 
Seat 2: mspitolai ($41.95 in chips) 
Seat 3: Usurpov ($22.55 in chips) 
Seat 5: latulla ($14.25 in chips) 
Seat 6: PrestoAces ($24.75 in chips) 
Seat 7: LiLPrawN ($24.65 in chips) 
Seat 8: Alameda22 ($26.45 in chips) 
Seat 9: Mitak13 ($8.90 in chips) 
Mitak13: posts small blind $0.10
hemsky8383: posts big blind $0.25
*** HOLE CARDS ***
Dealt to Alameda22 [2c Qc]
mspitolai: folds 
Usurpov: folds 
latulla: calls $0.25
PrestoAces: folds 
LiLPrawN: folds 
Alameda22: folds 
Mitak13: folds 
hemsky8383: checks 
*** FLOP *** [9s 3s 9d]
hemsky8383: checks 
latulla: checks 
*** TURN *** [9s 3s 9d] [8c]
hemsky8383: checks 
latulla: bets $0.25
hemsky8383: folds 
Uncalled bet ($0.25) returned to latulla
latulla collected $0.60 from pot
latulla: doesn't show hand 
*** SUMMARY ***
Total pot $0.60 | Rake $0 
Board [9s 3s 9d 8c]
Seat 1: hemsky8383 (big blind) folded on the Turn
Seat 2: mspitolai folded before Flop (didn't bet)
Seat 3: Usurpov folded before Flop (didn't bet)
Seat 5: latulla collected ($0.60)
Seat 6: PrestoAces folded before Flop (didn't bet)
Seat 7: LiLPrawN folded before Flop (didn't bet)
Seat 8: Alameda22 (button) folded before Flop (didn't bet)
Seat 9: Mitak13 (small blind) folded before Flop



PokerStars Game #19576821990:  Hold'em No Limit ($0.10/$0.25) - 2008/08/12 - 23:34:39 (ET)
Table 'Weber' 9-max Seat #9 is the button
Seat 1: hemsky8383 ($24.05 in chips) 
Seat 2: mspitolai ($41.95 in chips) 
Seat 3: Usurpov ($22.55 in chips) 
Seat 5: latulla ($14.60 in chips) 
Seat 6: PrestoAces ($24.75 in chips) 
Seat 7: LiLPrawN ($24.65 in chips) 
Seat 8: Alameda22 ($26.45 in chips) 
Seat 9: Mitak13 ($8.80 in chips) 
hemsky8383: posts small blind $0.10
mspitolai: posts big blind $0.25
*** HOLE CARDS ***
Dealt to Alameda22 [2c Kc]
Usurpov: folds 
latulla: calls $0.25
PrestoAces: raises $0.75 to $1
LiLPrawN: folds 
Alameda22: folds 
Mitak13: folds 
hemsky8383: folds 
mspitolai: folds 
latulla: calls $0.75
*** FLOP *** [5c 2s Kd]
latulla: checks 
PrestoAces: checks 
*** TURN *** [5c 2s Kd] [As]
latulla: checks 
PrestoAces: checks 
*** RIVER *** [5c 2s Kd As] [7d]
latulla: checks 
PrestoAces: checks 
*** SHOW DOWN ***
latulla: shows [9s Tc] (high card Ace)
PrestoAces: shows [8d Qd] (high card Ace - King+Queen kicker)
PrestoAces collected $2.25 from pot
*** SUMMARY ***
Total pot $2.35 | Rake $0.10 
Board [5c 2s Kd As 7d]
Seat 1: hemsky8383 (small blind) folded before Flop
Seat 2: mspitolai (big blind) folded before Flop
Seat 3: Usurpov folded before Flop (didn't bet)
Seat 5: latulla showed [9s Tc] and lost with high card Ace
Seat 6: PrestoAces showed [8d Qd] and won ($2.25) with high card Ace
Seat 7: LiLPrawN folded before Flop (didn't bet)
Seat 8: Alameda22 folded before Flop (didn't bet)
Seat 9: Mitak13 (button) folded before Flop (didn't bet)



PokerStars Game #19576858419:  Hold'em No Limit ($0.10/$0.25) - 2008/08/12 - 23:36:32 (ET)
Table 'Weber' 9-max Seat #1 is the button
Seat 1: hemsky8383 ($23.95 in chips) 
Seat 2: mspitolai ($41.70 in chips) 
Seat 3: Usurpov ($22.55 in chips) 
Seat 5: latulla ($13.60 in chips) 
Seat 6: PrestoAces ($26 in chips) 
Seat 7: LiLPrawN ($24.65 in chips) 
Seat 8: Alameda22 ($26.45 in chips) 
Seat 9: Mitak13 ($8.80 in chips) 
mspitolai: posts small blind $0.10
Usurpov: posts big blind $0.25
*** HOLE CARDS ***
Dealt to Alameda22 [7d 9h]
latulla: calls $0.25
PrestoAces: folds 
LiLPrawN: folds 
Alameda22: folds 
Mitak13: raises $0.75 to $1
hemsky8383: folds 
mspitolai: folds 
Usurpov: folds 
latulla: calls $0.75
*** FLOP *** [Ks 5h 8c]
latulla: checks 
Mitak13: bets $1.75
latulla: folds 
Uncalled bet ($1.75) returned to Mitak13
Mitak13 collected $2.25 from pot
Mitak13: doesn't show hand 
*** SUMMARY ***
Total pot $2.35 | Rake $0.10 
Board [Ks 5h 8c]
Seat 1: hemsky8383 (button) folded before Flop (didn't bet)
Seat 2: mspitolai (small blind) folded before Flop
Seat 3: Usurpov (big blind) folded before Flop
Seat 5: latulla folded on the Flop
Seat 6: PrestoAces folded before Flop (didn't bet)
Seat 7: LiLPrawN folded before Flop (didn't bet)
Seat 8: Alameda22 folded before Flop (didn't bet)
Seat 9: Mitak13 collected ($2.25)



PokerStars Game #19576883325:  Hold'em No Limit ($0.10/$0.25) - 2008/08/12 - 23:37:50 (ET)
Table 'Weber' 9-max Seat #2 is the button
Seat 1: hemsky8383 ($23.95 in chips) 
Seat 2: mspitolai ($41.60 in chips) 
Seat 3: Usurpov ($22.30 in chips) 
Seat 5: latulla ($12.60 in chips) 
Seat 6: PrestoAces ($26 in chips) 
Seat 7: LiLPrawN ($24.65 in chips) 
Seat 8: Alameda22 ($26.45 in chips) 
Seat 9: Mitak13 ($10.05 in chips) 
Usurpov: posts small blind $0.10
latulla: posts big blind $0.25
*** HOLE CARDS ***
Dealt to Alameda22 [2s 9c]
PrestoAces: folds 
LiLPrawN: folds 
Alameda22: folds 
Mitak13: folds 
hemsky8383: folds 
mspitolai: raises $1 to $1.25
Usurpov: folds 
latulla: folds 
Uncalled bet ($1) returned to mspitolai
mspitolai collected $0.60 from pot
mspitolai: doesn't show hand 
*** SUMMARY ***
Total pot $0.60 | Rake $0 
Seat 1: hemsky8383 folded before Flop (didn't bet)
Seat 2: mspitolai (button) collected ($0.60)
Seat 3: Usurpov (small blind) folded before Flop
Seat 5: latulla (big blind) folded before Flop
Seat 6: PrestoAces folded before Flop (didn't bet)
Seat 7: LiLPrawN folded before Flop (didn't bet)
Seat 8: Alameda22 folded before Flop (didn't bet)
Seat 9: Mitak13 folded before Flop (didn't bet)



PokerStars Game #19576903751:  Hold'em No Limit ($0.10/$0.25) - 2008/08/12 - 23:38:54 (ET)
Table 'Weber' 9-max Seat #3 is the button
Seat 1: hemsky8383 ($23.95 in chips) 
Seat 2: mspitolai ($41.95 in chips) 
Seat 3: Usurpov ($22.20 in chips) 
Seat 5: latulla ($12.35 in chips) 
Seat 6: PrestoAces ($26 in chips) 
Seat 7: LiLPrawN ($24.65 in chips) 
Seat 8: Alameda22 ($26.45 in chips) 
Seat 9: Mitak13 ($10.05 in chips) 
latulla: posts small blind $0.10
PrestoAces: posts big blind $0.25
*** HOLE CARDS ***
Dealt to Alameda22 [5c Jh]
LiLPrawN: raises $0.75 to $1
Alameda22: folds 
Mitak13: folds 
hemsky8383: folds 
mspitolai: folds 
Usurpov: folds 
latulla: folds 
PrestoAces: calls $0.75
*** FLOP *** [As 3s 5h]
PrestoAces: checks 
LiLPrawN: bets $1.50
PrestoAces: folds 
Uncalled bet ($1.50) returned to LiLPrawN
LiLPrawN collected $2 from pot
LiLPrawN: doesn't show hand 
*** SUMMARY ***
Total pot $2.10 | Rake $0.10 
Board [As 3s 5h]
Seat 1: hemsky8383 folded before Flop (didn't bet)
Seat 2: mspitolai folded before Flop (didn't bet)
Seat 3: Usurpov (button) folded before Flop (didn't bet)
Seat 5: latulla (small blind) folded before Flop
Seat 6: PrestoAces (big blind) folded on the Flop
Seat 7: LiLPrawN collected ($2)
Seat 8: Alameda22 folded before Flop (didn't bet)
Seat 9: Mitak13 folded before Flop (didn't bet)



PokerStars Game #19576921508:  Hold'em No Limit ($0.10/$0.25) - 2008/08/12 - 23:39:50 (ET)
Table 'Weber' 9-max Seat #5 is the button
Seat 1: hemsky8383 ($23.95 in chips) 
Seat 2: mspitolai ($41.95 in chips) 
Seat 3: Usurpov ($22.20 in chips) 
Seat 5: latulla ($12.25 in chips) 
Seat 6: PrestoAces ($25 in chips) 
Seat 7: LiLPrawN ($25.65 in chips) 
Seat 8: Alameda22 ($26.45 in chips) 
Seat 9: Mitak13 ($25 in chips) 
PrestoAces: posts small blind $0.10
LiLPrawN: posts big blind $0.25
*** HOLE CARDS ***
Dealt to Alameda22 [9s Kh]
Alameda22: folds 
Mitak13: calls $0.25
hemsky8383: folds 
mspitolai: calls $0.25
Usurpov: folds 
latulla: calls $0.25
PrestoAces: raises $0.75 to $1
LiLPrawN: folds 
Mitak13: calls $0.75
mspitolai: calls $0.75
latulla: folds 
*** FLOP *** [4s Qd Ah]
PrestoAces: bets $1.25
Mitak13: folds 
mspitolai: folds 
Uncalled bet ($1.25) returned to PrestoAces
PrestoAces collected $3.35 from pot
PrestoAces: doesn't show hand 
*** SUMMARY ***
Total pot $3.50 | Rake $0.15 
Board [4s Qd Ah]
Seat 1: hemsky8383 folded before Flop (didn't bet)
Seat 2: mspitolai folded on the Flop
Seat 3: Usurpov folded before Flop (didn't bet)
Seat 5: latulla (button) folded before Flop
Seat 6: PrestoAces (small blind) collected ($3.35)
Seat 7: LiLPrawN (big blind) folded before Flop
Seat 8: Alameda22 folded before Flop (didn't bet)
Seat 9: Mitak13 folded on the Flop



PokerStars Game #19576944174:  Hold'em No Limit ($0.10/$0.25) - 2008/08/12 - 23:41:02 (ET)
Table 'Weber' 9-max Seat #6 is the button
Seat 1: hemsky8383 ($23.95 in chips) 
Seat 2: mspitolai ($40.95 in chips) 
Seat 3: Usurpov ($22.20 in chips) 
Seat 5: latulla ($12 in chips) 
Seat 6: PrestoAces ($27.35 in chips) 
Seat 7: LiLPrawN ($25.40 in chips) 
Seat 8: Alameda22 ($26.45 in chips) 
Seat 9: Mitak13 ($24 in chips) 
LiLPrawN: posts small blind $0.10
Alameda22: posts big blind $0.25
*** HOLE CARDS ***
Dealt to Alameda22 [3s 8c]
Mitak13: folds 
hemsky8383: raises $0.75 to $1
mspitolai: folds 
Usurpov: calls $1
latulla: folds 
PrestoAces: folds 
LiLPrawN: folds 
Alameda22: folds 
*** FLOP *** [8s 7h 6s]
hemsky8383: checks 
Usurpov: bets $1.50
hemsky8383: raises $2.50 to $4
Usurpov said, "AA?"
Usurpov: raises $3.50 to $7.50
hemsky8383: raises $15.45 to $22.95 and is all-in
Usurpov: folds 
Uncalled bet ($15.45) returned to hemsky8383
hemsky8383 collected $16.50 from pot
hemsky8383: doesn't show hand 
*** SUMMARY ***
Total pot $17.35 | Rake $0.85 
Board [8s 7h 6s]
Seat 1: hemsky8383 collected ($16.50)
Seat 2: mspitolai folded before Flop (didn't bet)
Seat 3: Usurpov folded on the Flop
Seat 5: latulla folded before Flop (didn't bet)
Seat 6: PrestoAces (button) folded before Flop (didn't bet)
Seat 7: LiLPrawN (small blind) folded before Flop
Seat 8: Alameda22 (big blind) folded before Flop
Seat 9: Mitak13 folded before Flop (didn't bet)



PokerStars Game #19576976449:  Hold'em No Limit ($0.10/$0.25) - 2008/08/12 - 23:42:45 (ET)
Table 'Weber' 9-max Seat #7 is the button
Seat 1: hemsky8383 ($31.95 in chips) 
Seat 2: mspitolai ($40.95 in chips) 
Seat 3: Usurpov ($25 in chips) 
Seat 5: latulla ($12 in chips) 
Seat 6: PrestoAces ($27.35 in chips) 
Seat 7: LiLPrawN ($25.30 in chips) 
Seat 8: Alameda22 ($26.20 in chips) 
Seat 9: Mitak13 ($24 in chips) 
Alameda22: posts small blind $0.10
Mitak13: posts big blind $0.25
*** HOLE CARDS ***
Dealt to Alameda22 [6s 4d]
hemsky8383: folds 
mspitolai: calls $0.25
Usurpov: folds 
latulla: calls $0.25
PrestoAces: folds 
LiLPrawN: folds 
Alameda22: folds 
Mitak13: checks 
*** FLOP *** [Js 8s 3s]
Mitak13: checks 
mspitolai: checks 
latulla: bets $0.50
Mitak13: folds 
mspitolai: folds 
Uncalled bet ($0.50) returned to latulla
latulla collected $0.85 from pot
latulla: doesn't show hand 
*** SUMMARY ***
Total pot $0.85 | Rake $0 
Board [Js 8s 3s]
Seat 1: hemsky8383 folded before Flop (didn't bet)
Seat 2: mspitolai folded on the Flop
Seat 3: Usurpov folded before Flop (didn't bet)
Seat 5: latulla collected ($0.85)
Seat 6: PrestoAces folded before Flop (didn't bet)
Seat 7: LiLPrawN (button) folded before Flop (didn't bet)
Seat 8: Alameda22 (small blind) folded before Flop
Seat 9: Mitak13 (big blind) folded on the Flop



PokerStars Game #19577004959:  Hold'em No Limit ($0.10/$0.25) - 2008/08/12 - 23:44:13 (ET)
Table 'Weber' 9-max Seat #8 is the button
Seat 1: hemsky8383 ($31.95 in chips) 
Seat 2: mspitolai ($40.70 in chips) 
Seat 3: Usurpov ($25 in chips) 
Seat 5: latulla ($12.60 in chips) 
Seat 6: PrestoAces ($27.35 in chips) 
Seat 7: LiLPrawN ($25.30 in chips) 
Seat 8: Alameda22 ($26.10 in chips) 
Seat 9: Mitak13 ($23.75 in chips) 
Mitak13: posts small blind $0.10
hemsky8383: posts big blind $0.25
*** HOLE CARDS ***
Dealt to Alameda22 [Js 8c]
mspitolai: folds 
mspitolai leaves the table
Usurpov: folds 
latulla: calls $0.25
PrestoAces: folds 
LiLPrawN: folds 
jlrcastle joins the table at seat #2 
Alameda22: folds 
Mitak13: folds 
hemsky8383: checks 
*** FLOP *** [Kh 8d 6c]
hemsky8383: checks 
latulla: checks 
*** TURN *** [Kh 8d 6c] [2c]
hemsky8383: checks 
latulla: checks 
*** RIVER *** [Kh 8d 6c 2c] [Td]
hemsky8383: checks 
latulla: bets $0.25
hemsky8383: folds 
Uncalled bet ($0.25) returned to latulla
latulla collected $0.60 from pot
latulla: doesn't show hand 
*** SUMMARY ***
Total pot $0.60 | Rake $0 
Board [Kh 8d 6c 2c Td]
Seat 1: hemsky8383 (big blind) folded on the River
Seat 2: mspitolai folded before Flop (didn't bet)
Seat 3: Usurpov folded before Flop (didn't bet)
Seat 5: latulla collected ($0.60)
Seat 6: PrestoAces folded before Flop (didn't bet)
Seat 7: LiLPrawN folded before Flop (didn't bet)
Seat 8: Alameda22 (button) folded before Flop (didn't bet)
Seat 9: Mitak13 (small blind) folded before Flop



PokerStars Game #19577027433:  Hold'em No Limit ($0.10/$0.25) - 2008/08/12 - 23:45:25 (ET)
Table 'Weber' 9-max Seat #9 is the button
Seat 1: hemsky8383 ($31.70 in chips) 
Seat 2: jlrcastle ($15 in chips) 
Seat 3: Usurpov ($25 in chips) 
Seat 5: latulla ($12.95 in chips) 
Seat 6: PrestoAces ($27.35 in chips) 
Seat 7: LiLPrawN ($25.30 in chips) 
Seat 8: Alameda22 ($26.10 in chips) 
Seat 9: Mitak13 ($23.65 in chips) 
hemsky8383: posts small blind $0.10
jlrcastle: posts big blind $0.25
*** HOLE CARDS ***
Dealt to Alameda22 [As Ad]
Usurpov: folds 
latulla: folds 
PrestoAces: folds 
LiLPrawN: folds 
Alameda22: raises $0.50 to $0.75
Mitak13: folds 
hemsky8383: folds 
jlrcastle: folds 
Uncalled bet ($0.50) returned to Alameda22
Alameda22 collected $0.60 from pot
Alameda22: doesn't show hand 
*** SUMMARY ***
Total pot $0.60 | Rake $0 
Seat 1: hemsky8383 (small blind) folded before Flop
Seat 2: jlrcastle (big blind) folded before Flop
Seat 3: Usurpov folded before Flop (didn't bet)
Seat 5: latulla folded before Flop (didn't bet)
Seat 6: PrestoAces folded before Flop (didn't bet)
Seat 7: LiLPrawN folded before Flop (didn't bet)
Seat 8: Alameda22 collected ($0.60)
Seat 9: Mitak13 (button) folded before Flop (didn't bet)



PokerStars Game #19577042463:  Hold'em No Limit ($0.10/$0.25) - 2008/08/12 - 23:46:13 (ET)
Table 'Weber' 9-max Seat #1 is the button
Seat 1: hemsky8383 ($31.60 in chips) 
Seat 2: jlrcastle ($14.75 in chips) 
Seat 3: Usurpov ($25 in chips) 
Seat 5: latulla ($12.95 in chips) 
Seat 6: PrestoAces ($27.35 in chips) 
Seat 7: LiLPrawN ($25.30 in chips) 
Seat 8: Alameda22 ($26.45 in chips) 
Seat 9: Mitak13 ($23.65 in chips) 
jlrcastle: posts small blind $0.10
Usurpov: posts big blind $0.25
*** HOLE CARDS ***
Dealt to Alameda22 [Ad 2d]
latulla: folds 
PrestoAces: folds 
LiLPrawN: calls $0.25
Alameda22: folds 
Mitak13: folds 
hemsky8383: raises $0.75 to $1
jlrcastle: calls $0.90
Usurpov: folds 
LiLPrawN: calls $0.75
*** FLOP *** [9h Ks 5s]
jlrcastle: checks 
LiLPrawN: checks 
hemsky8383: bets $2.50
jlrcastle: folds 
LiLPrawN: folds 
Uncalled bet ($2.50) returned to hemsky8383
hemsky8383 collected $3.10 from pot
hemsky8383: doesn't show hand 
*** SUMMARY ***
Total pot $3.25 | Rake $0.15 
Board [9h Ks 5s]
Seat 1: hemsky8383 (button) collected ($3.10)
Seat 2: jlrcastle (small blind) folded on the Flop
Seat 3: Usurpov (big blind) folded before Flop
Seat 5: latulla folded before Flop (didn't bet)
Seat 6: PrestoAces folded before Flop (didn't bet)
Seat 7: LiLPrawN folded on the Flop
Seat 8: Alameda22 folded before Flop (didn't bet)
Seat 9: Mitak13 folded before Flop (didn't bet)



PokerStars Game #19577077258:  Hold'em No Limit ($0.10/$0.25) - 2008/08/12 - 23:48:05 (ET)
Table 'Weber' 9-max Seat #2 is the button
Seat 1: hemsky8383 ($33.70 in chips) 
Seat 2: jlrcastle ($13.75 in chips) 
Seat 3: Usurpov ($24.75 in chips) 
Seat 5: latulla ($12.95 in chips) 
Seat 6: PrestoAces ($27.35 in chips) 
Seat 7: LiLPrawN ($25 in chips) 
Seat 8: Alameda22 ($26.45 in chips) 
Seat 9: Mitak13 ($23.65 in chips) 
Usurpov: posts small blind $0.10
latulla: posts big blind $0.25
*** HOLE CARDS ***
Dealt to Alameda22 [8s 2h]
PrestoAces: calls $0.25
pudster195 has returned
LiLPrawN: folds 
Alameda22: folds 
Mitak13: folds 
hemsky8383: folds 
jlrcastle: folds 
Usurpov: folds 
latulla: checks 
*** FLOP *** [Js 7s Jc]
latulla: checks 
PrestoAces: bets $0.75
latulla: folds 
Uncalled bet ($0.75) returned to PrestoAces
PrestoAces collected $0.60 from pot
PrestoAces: doesn't show hand 
*** SUMMARY ***
Total pot $0.60 | Rake $0 
Board [Js 7s Jc]
Seat 1: hemsky8383 folded before Flop (didn't bet)
Seat 2: jlrcastle (button) folded before Flop (didn't bet)
Seat 3: Usurpov (small blind) folded before Flop
Seat 5: latulla (big blind) folded on the Flop
Seat 6: PrestoAces collected ($0.60)
Seat 7: LiLPrawN folded before Flop (didn't bet)
Seat 8: Alameda22 folded before Flop (didn't bet)
Seat 9: Mitak13 folded before Flop (didn't bet)



PokerStars Game #19577092078:  Hold'em No Limit ($0.10/$0.25) - 2008/08/12 - 23:48:53 (ET)
Table 'Weber' 9-max Seat #3 is the button
Seat 1: hemsky8383 ($33.70 in chips) 
Seat 2: jlrcastle ($13.75 in chips) 
Seat 3: Usurpov ($24.65 in chips) 
Seat 5: latulla ($12.70 in chips) 
Seat 6: PrestoAces ($27.70 in chips) 
Seat 7: LiLPrawN ($25 in chips) 
Seat 8: Alameda22 ($26.45 in chips) 
Seat 9: Mitak13 ($23.65 in chips) 
pudster195 will be allowed to play after the button
latulla: posts small blind $0.10
PrestoAces: posts big blind $0.25
*** HOLE CARDS ***
Dealt to Alameda22 [8h 9h]
LiLPrawN: raises $0.75 to $1
Alameda22: folds 
Mitak13: folds 
hemsky8383: folds 
jlrcastle: folds 
Usurpov: folds 
latulla: folds 
PrestoAces: calls $0.75
*** FLOP *** [9s Th 9d]
PrestoAces: checks 
LiLPrawN: checks 
*** TURN *** [9s Th 9d] [Ts]
PrestoAces: checks 
LiLPrawN: checks 
*** RIVER *** [9s Th 9d Ts] [5d]
PrestoAces: checks 
LiLPrawN: checks 
*** SHOW DOWN ***
PrestoAces: shows [3d 6d] (two pair, Tens and Nines)
LiLPrawN: shows [Ah Kd] (two pair, Tens and Nines - Ace kicker)
LiLPrawN collected $2 from pot
*** SUMMARY ***
Total pot $2.10 | Rake $0.10 
Board [9s Th 9d Ts 5d]
Seat 1: hemsky8383 folded before Flop (didn't bet)
Seat 2: jlrcastle folded before Flop (didn't bet)
Seat 3: Usurpov (button) folded before Flop (didn't bet)
Seat 5: latulla (small blind) folded before Flop
Seat 6: PrestoAces (big blind) showed [3d 6d] and lost with two pair, Tens and Nines
Seat 7: LiLPrawN showed [Ah Kd] and won ($2) with two pair, Tens and Nines
Seat 8: Alameda22 folded before Flop (didn't bet)
Seat 9: Mitak13 folded before Flop (didn't bet)



PokerStars Game #19577112509:  Hold'em No Limit ($0.10/$0.25) - 2008/08/12 - 23:49:59 (ET)
Table 'Weber' 9-max Seat #5 is the button
Seat 1: hemsky8383 ($33.70 in chips) 
Seat 2: jlrcastle ($13.75 in chips) 
Seat 3: Usurpov ($24.65 in chips) 
Seat 4: pudster195 ($16.40 in chips) 
Seat 5: latulla ($12.60 in chips) 
Seat 6: PrestoAces ($26.70 in chips) 
Seat 7: LiLPrawN ($26 in chips) 
Seat 8: Alameda22 ($26.45 in chips) 
Seat 9: Mitak13 ($23.65 in chips) 
PrestoAces: posts small blind $0.10
LiLPrawN: posts big blind $0.25
pudster195: posts small & big blinds $0.35
*** HOLE CARDS ***
Dealt to Alameda22 [5h 6s]
Alameda22: folds 
Mitak13: folds 
hemsky8383: folds 
jlrcastle: folds 
Usurpov: calls $0.25
pudster195: checks 
latulla: calls $0.25
PrestoAces: folds 
LiLPrawN: checks 
*** FLOP *** [5d 4h 2d]
LiLPrawN: checks 
Usurpov: checks 
pudster195: checks 
latulla: checks 
*** TURN *** [5d 4h 2d] [2s]
LiLPrawN: bets $0.75
Usurpov: folds 
pudster195: folds 
latulla: folds 
Uncalled bet ($0.75) returned to LiLPrawN
LiLPrawN collected $1.15 from pot
LiLPrawN: doesn't show hand 
*** SUMMARY ***
Total pot $1.20 | Rake $0.05 
Board [5d 4h 2d 2s]
Seat 1: hemsky8383 folded before Flop (didn't bet)
Seat 2: jlrcastle folded before Flop (didn't bet)
Seat 3: Usurpov folded on the Turn
Seat 4: pudster195 folded on the Turn
Seat 5: latulla (button) folded on the Turn
Seat 6: PrestoAces (small blind) folded before Flop
Seat 7: LiLPrawN (big blind) collected ($1.15)
Seat 8: Alameda22 folded before Flop (didn't bet)
Seat 9: Mitak13 folded before Flop (didn't bet)



PokerStars Game #19577134065:  Hold'em No Limit ($0.10/$0.25) - 2008/08/12 - 23:51:09 (ET)
Table 'Weber' 9-max Seat #6 is the button
Seat 1: hemsky8383 ($33.70 in chips) 
Seat 2: jlrcastle ($13.75 in chips) 
Seat 3: Usurpov ($24.40 in chips) 
Seat 4: pudster195 ($16.05 in chips) 
Seat 5: latulla ($12.35 in chips) 
Seat 6: PrestoAces ($26.60 in chips) 
Seat 7: LiLPrawN ($26.90 in chips) 
Seat 8: Alameda22 ($26.45 in chips) 
Seat 9: Mitak13 ($23.65 in chips) 
LiLPrawN: posts small blind $0.10
Alameda22: posts big blind $0.25
*** HOLE CARDS ***
Dealt to Alameda22 [3c Th]
Mitak13: folds 
hemsky8383: folds 
jlrcastle: raises $0.75 to $1
Usurpov: folds 
pudster195: calls $1
latulla: folds 
PrestoAces: calls $1
LiLPrawN: folds 
Alameda22: folds 
*** FLOP *** [5h 5d 2d]
jlrcastle: bets $1
pudster195: folds 
PrestoAces: folds 
Uncalled bet ($1) returned to jlrcastle
jlrcastle collected $3.20 from pot
jlrcastle: doesn't show hand 
*** SUMMARY ***
Total pot $3.35 | Rake $0.15 
Board [5h 5d 2d]
Seat 1: hemsky8383 folded before Flop (didn't bet)
Seat 2: jlrcastle collected ($3.20)
Seat 3: Usurpov folded before Flop (didn't bet)
Seat 4: pudster195 folded on the Flop
Seat 5: latulla folded before Flop (didn't bet)
Seat 6: PrestoAces (button) folded on the Flop
Seat 7: LiLPrawN (small blind) folded before Flop
Seat 8: Alameda22 (big blind) folded before Flop
Seat 9: Mitak13 folded before Flop (didn't bet)



PokerStars Game #19577147293:  Hold'em No Limit ($0.10/$0.25) - 2008/08/12 - 23:51:52 (ET)
Table 'Weber' 9-max Seat #7 is the button
Seat 1: hemsky8383 ($33.70 in chips) 
Seat 2: jlrcastle ($15.95 in chips) 
Seat 3: Usurpov ($24.40 in chips) 
Seat 4: pudster195 ($15.05 in chips) 
Seat 5: latulla ($12.35 in chips) 
Seat 6: PrestoAces ($25.60 in chips) 
Seat 7: LiLPrawN ($26.80 in chips) 
Seat 8: Alameda22 ($26.20 in chips) 
Alameda22: posts small blind $0.10
Mitak13: is sitting out 
Mitak13 leaves the table
hemsky8383: posts big blind $0.25
*** HOLE CARDS ***
Dealt to Alameda22 [Tc Qd]
jlrcastle: folds 
Usurpov: folds 
pudster195: folds 
latulla: folds 
PrestoAces: folds 
LiLPrawN: folds 
Alameda22: folds 
Uncalled bet ($0.15) returned to hemsky8383
hemsky8383 collected $0.20 from pot
hemsky8383: doesn't show hand 
*** SUMMARY ***
Total pot $0.20 | Rake $0 
Seat 1: hemsky8383 (big blind) collected ($0.20)
Seat 2: jlrcastle folded before Flop (didn't bet)
Seat 3: Usurpov folded before Flop (didn't bet)
Seat 4: pudster195 folded before Flop (didn't bet)
Seat 5: latulla folded before Flop (didn't bet)
Seat 6: PrestoAces folded before Flop (didn't bet)
Seat 7: LiLPrawN (button) folded before Flop (didn't bet)
Seat 8: Alameda22 (small blind) folded before Flop



PokerStars Game #19577158088:  Hold'em No Limit ($0.10/$0.25) - 2008/08/12 - 23:52:27 (ET)
Table 'Weber' 9-max Seat #8 is the button
Seat 1: hemsky8383 ($33.80 in chips) 
Seat 2: jlrcastle ($15.95 in chips) 
Seat 3: Usurpov ($24.40 in chips) 
Seat 4: pudster195 ($15.05 in chips) 
Seat 5: latulla ($12.35 in chips) 
Seat 6: PrestoAces ($25.60 in chips) 
Seat 7: LiLPrawN ($26.80 in chips) 
Seat 8: Alameda22 ($26.10 in chips) 
hemsky8383: posts small blind $0.10
jlrcastle: posts big blind $0.25
*** HOLE CARDS ***
Dealt to Alameda22 [4s 3h]
Usurpov: folds 
pudster195: calls $0.25
latulla: folds 
PrestoAces: folds 
LiLPrawN: folds 
Alameda22: folds 
hemsky8383: folds 
jlrcastle: checks 
*** FLOP *** [Ah Kh 4d]
jlrcastle: checks 
pudster195: bets $1
jlrcastle: folds 
Uncalled bet ($1) returned to pudster195
pudster195 collected $0.60 from pot
pudster195: doesn't show hand 
*** SUMMARY ***
Total pot $0.60 | Rake $0 
Board [Ah Kh 4d]
Seat 1: hemsky8383 (small blind) folded before Flop
Seat 2: jlrcastle (big blind) folded on the Flop
Seat 3: Usurpov folded before Flop (didn't bet)
Seat 4: pudster195 collected ($0.60)
Seat 5: latulla folded before Flop (didn't bet)
Seat 6: PrestoAces folded before Flop (didn't bet)
Seat 7: LiLPrawN folded before Flop (didn't bet)
Seat 8: Alameda22 (button) folded before Flop (didn't bet)



PokerStars Game #19577172226:  Hold'em No Limit ($0.10/$0.25) - 2008/08/12 - 23:53:13 (ET)
Table 'Weber' 9-max Seat #1 is the button
Seat 1: hemsky8383 ($33.70 in chips) 
Seat 2: jlrcastle ($15.70 in chips) 
Seat 3: Usurpov ($24.40 in chips) 
Seat 4: pudster195 ($15.40 in chips) 
Seat 5: latulla ($12.35 in chips) 
Seat 6: PrestoAces ($25.60 in chips) 
Seat 7: LiLPrawN ($26.80 in chips) 
Seat 8: Alameda22 ($26.10 in chips) 
jlrcastle: posts small blind $0.10
Usurpov: posts big blind $0.25
*** HOLE CARDS ***
Dealt to Alameda22 [9s Qd]
pudster195: calls $0.25
latulla: calls $0.25
PrestoAces: folds 
LiLPrawN: calls $0.25
Alameda22: folds 
firezzz joins the table at seat #9 
hemsky8383: folds 
jlrcastle: calls $0.15
Usurpov: checks 
*** FLOP *** [Qc Ac 5c]
jlrcastle: checks 
Usurpov: checks 
pudster195: checks 
latulla: checks 
LiLPrawN: checks 
*** TURN *** [Qc Ac 5c] [2c]
jlrcastle: checks 
Usurpov: bets $1
pudster195: calls $1
latulla: folds 
LiLPrawN: folds 
jlrcastle: folds 
*** RIVER *** [Qc Ac 5c 2c] [9d]
Usurpov: checks 
pudster195: bets $1
Usurpov: folds 
Uncalled bet ($1) returned to pudster195
pudster195 collected $3.10 from pot
pudster195: doesn't show hand 
*** SUMMARY ***
Total pot $3.25 | Rake $0.15 
Board [Qc Ac 5c 2c 9d]
Seat 1: hemsky8383 (button) folded before Flop (didn't bet)
Seat 2: jlrcastle (small blind) folded on the Turn
Seat 3: Usurpov (big blind) folded on the River
Seat 4: pudster195 collected ($3.10)
Seat 5: latulla folded on the Turn
Seat 6: PrestoAces folded before Flop (didn't bet)
Seat 7: LiLPrawN folded on the Turn
Seat 8: Alameda22 folded before Flop (didn't bet)



PokerStars Game #19577206988:  Hold'em No Limit ($0.10/$0.25) - 2008/08/12 - 23:55:08 (ET)
Table 'Weber' 9-max Seat #2 is the button
Seat 1: hemsky8383 ($33.70 in chips) 
Seat 2: jlrcastle ($15.45 in chips) 
Seat 3: Usurpov ($23.15 in chips) 
Seat 4: pudster195 ($17.25 in chips) 
Seat 5: latulla ($12.10 in chips) 
Seat 6: PrestoAces ($25.60 in chips) 
Seat 7: LiLPrawN ($26.55 in chips) 
Seat 8: Alameda22 ($26.10 in chips) 
Seat 9: firezzz ($10 in chips) 
Usurpov: posts small blind $0.10
pudster195: posts big blind $0.25
firezzz: posts big blind $0.25
*** HOLE CARDS ***
Dealt to Alameda22 [Ks 9c]
latulla: calls $0.25
PrestoAces: calls $0.25
LiLPrawN: folds 
Alameda22: folds 
firezzz: checks 
hemsky8383: folds 
jlrcastle: folds 
Usurpov: folds 
pudster195: checks 
*** FLOP *** [9d Jc 6h]
pudster195: checks 
latulla: checks 
PrestoAces: checks 
firezzz: checks 
*** TURN *** [9d Jc 6h] [Qs]
pudster195: bets $0.25
latulla: folds 
PrestoAces: folds 
firezzz: calls $0.25
*** RIVER *** [9d Jc 6h Qs] [3h]
pudster195: bets $0.50
firezzz: folds 
Uncalled bet ($0.50) returned to pudster195
pudster195 collected $1.55 from pot
pudster195: doesn't show hand 
*** SUMMARY ***
Total pot $1.60 | Rake $0.05 
Board [9d Jc 6h Qs 3h]
Seat 1: hemsky8383 folded before Flop (didn't bet)
Seat 2: jlrcastle (button) folded before Flop (didn't bet)
Seat 3: Usurpov (small blind) folded before Flop
Seat 4: pudster195 (big blind) collected ($1.55)
Seat 5: latulla folded on the Turn
Seat 6: PrestoAces folded on the Turn
Seat 7: LiLPrawN folded before Flop (didn't bet)
Seat 8: Alameda22 folded before Flop (didn't bet)
Seat 9: firezzz folded on the River



PokerStars Game #19577227494:  Hold'em No Limit ($0.10/$0.25) - 2008/08/12 - 23:56:16 (ET)
Table 'Weber' 9-max Seat #3 is the button
Seat 1: hemsky8383 ($33.70 in chips) 
Seat 2: jlrcastle ($15.45 in chips) 
Seat 3: Usurpov ($24.90 in chips) 
Seat 4: pudster195 ($18.30 in chips) 
Seat 5: latulla ($11.85 in chips) 
Seat 6: PrestoAces ($25.35 in chips) 
Seat 7: LiLPrawN ($26.55 in chips) 
Seat 8: Alameda22 ($26.10 in chips) 
Seat 9: firezzz ($9.50 in chips) 
pudster195: posts small blind $0.10
latulla: posts big blind $0.25
*** HOLE CARDS ***
Dealt to Alameda22 [Qc 5d]
PrestoAces: folds 
LiLPrawN: folds 
Alameda22: folds 
firezzz: calls $0.25
hemsky8383: folds 
jlrcastle: raises $0.50 to $0.75
Usurpov: calls $0.75
pudster195: calls $0.65
latulla: folds 
firezzz: calls $0.50
*** FLOP *** [Jd 7h 4c]
pudster195: checks 
firezzz: bets $1
jlrcastle: calls $1
Usurpov: folds 
pudster195: folds 
*** TURN *** [Jd 7h 4c] [8s]
firezzz: checks 
jlrcastle: bets $1.75
firezzz: calls $1.75
*** RIVER *** [Jd 7h 4c 8s] [2h]
firezzz: checks 
jlrcastle: bets $2
firezzz: calls $2
*** SHOW DOWN ***
jlrcastle: shows [8c 8h] (three of a kind, Eights)
firezzz: mucks hand 
jlrcastle collected $12.15 from pot
*** SUMMARY ***
Total pot $12.75 | Rake $0.60 
Board [Jd 7h 4c 8s 2h]
Seat 1: hemsky8383 folded before Flop (didn't bet)
Seat 2: jlrcastle showed [8c 8h] and won ($12.15) with three of a kind, Eights
Seat 3: Usurpov (button) folded on the Flop
Seat 4: pudster195 (small blind) folded on the Flop
Seat 5: latulla (big blind) folded before Flop
Seat 6: PrestoAces folded before Flop (didn't bet)
Seat 7: LiLPrawN folded before Flop (didn't bet)
Seat 8: Alameda22 folded before Flop (didn't bet)
Seat 9: firezzz mucked [Qs Jc]



PokerStars Game #19577262142:  Hold'em No Limit ($0.10/$0.25) - 2008/08/12 - 23:58:11 (ET)
Table 'Weber' 9-max Seat #4 is the button
Seat 1: hemsky8383 ($33.70 in chips) 
Seat 2: jlrcastle ($22.10 in chips) 
Seat 3: Usurpov ($24.15 in chips) 
Seat 4: pudster195 ($17.55 in chips) 
Seat 5: latulla ($11.60 in chips) 
Seat 6: PrestoAces ($25.35 in chips) 
Seat 7: LiLPrawN ($26.55 in chips) 
Seat 8: Alameda22 ($26.10 in chips) 
Seat 9: firezzz ($4 in chips) 
latulla: posts small blind $0.10
PrestoAces: posts big blind $0.25
*** HOLE CARDS ***
Dealt to Alameda22 [5c Qs]
LiLPrawN: folds 
Alameda22: folds 
firezzz: calls $0.25
hemsky8383: folds 
jlrcastle: calls $0.25
Usurpov: folds 
pudster195: calls $0.25
latulla: raises $0.25 to $0.50
PrestoAces: calls $0.25
firezzz: calls $0.25
jlrcastle: calls $0.25
pudster195: calls $0.25
*** FLOP *** [Kd 6h 5s]
latulla: bets $0.25
PrestoAces: folds 
firezzz: calls $0.25
jlrcastle: folds 
pudster195: raises $0.25 to $0.50
latulla: calls $0.25
firezzz: calls $0.25
*** TURN *** [Kd 6h 5s] [7c]
latulla: checks 
firezzz: checks 
pudster195: bets $0.75
latulla: calls $0.75
firezzz: calls $0.75
*** RIVER *** [Kd 6h 5s 7c] [9s]
latulla: checks 
firezzz: checks 
pudster195: bets $2
latulla: folds 
firezzz: folds 
Uncalled bet ($2) returned to pudster195
pudster195 collected $5.95 from pot
pudster195: shows [3c Kc] (a pair of Kings)
*** SUMMARY ***
Total pot $6.25 | Rake $0.30 
Board [Kd 6h 5s 7c 9s]
Seat 1: hemsky8383 folded before Flop (didn't bet)
Seat 2: jlrcastle folded on the Flop
Seat 3: Usurpov folded before Flop (didn't bet)
Seat 4: pudster195 (button) collected ($5.95)
Seat 5: latulla (small blind) folded on the River
Seat 6: PrestoAces (big blind) folded on the Flop
Seat 7: LiLPrawN folded before Flop (didn't bet)
Seat 8: Alameda22 folded before Flop (didn't bet)
Seat 9: firezzz folded on the River



