PokerStars Game #20148397352:  Hold'em No Limit ($0.25/$0.50) - 2008/09/04 17:52:54 ET
Table 'Chaldene V' 9-max Seat #1 is the button
Seat 1: Simme 123 ($56.45 in chips) 
Seat 2: Don Funghi ($56.70 in chips) 
Seat 3: akaginsf ($46.70 in chips) 
Seat 4: wu-tal ($80.95 in chips) 
Seat 5: BadBeat69 ($16.35 in chips) 
Seat 6: Ninestone ($42.40 in chips) 
Seat 7: johnny_nasch ($9.25 in chips) 
Seat 8: Uhnihilator ($50 in chips) 
Seat 9: Alameda22 ($50 in chips) 
Don Funghi: posts small blind $0.25
akaginsf: posts big blind $0.50
Alameda22: posts big blind $0.50
*** HOLE CARDS ***
Dealt to Alameda22 [Td 2c]
wu-tal: folds 
BadBeat69: folds 
Ninestone: raises $2 to $2.50
johnny_nasch: folds 
Uhnihilator: calls $2.50
Alameda22: folds 
Simme 123: folds 
Don Funghi: folds 
akaginsf: folds 
*** FLOP *** [7c 4h 9c]
Ninestone: bets $2.50
Uhnihilator: raises $7.50 to $10
Ninestone: folds 
Uncalled bet ($7.50) returned to Uhnihilator
Uhnihilator collected $10.75 from pot
*** SUMMARY ***
Total pot $11.25 | Rake $0.50 
Board [7c 4h 9c]
Seat 1: Simme 123 (button) folded before Flop (didn't bet)
Seat 2: Don Funghi (small blind) folded before Flop
Seat 3: akaginsf (big blind) folded before Flop
Seat 4: wu-tal folded before Flop (didn't bet)
Seat 5: BadBeat69 folded before Flop (didn't bet)
Seat 6: Ninestone folded on the Flop
Seat 7: johnny_nasch folded before Flop (didn't bet)
Seat 8: Uhnihilator collected ($10.75)
Seat 9: Alameda22 folded before Flop



PokerStars Game #20148432026:  Hold'em No Limit ($0.25/$0.50) - 2008/09/04 17:54:20 ET
Table 'Chaldene V' 9-max Seat #2 is the button
Seat 1: Simme 123 ($56.45 in chips) 
Seat 2: Don Funghi ($56.45 in chips) 
Seat 3: akaginsf ($46.20 in chips) 
Seat 4: wu-tal ($80.95 in chips) 
Seat 5: BadBeat69 ($16.35 in chips) 
Seat 6: Ninestone ($37.40 in chips) 
Seat 7: johnny_nasch ($9.25 in chips) 
Seat 8: Uhnihilator ($55.75 in chips) 
Seat 9: Alameda22 ($49.50 in chips) 
akaginsf: posts small blind $0.25
wu-tal: posts big blind $0.50
*** HOLE CARDS ***
Dealt to Alameda22 [9d Kh]
BadBeat69: folds 
BadBeat69 leaves the table
Ninestone: folds 
johnny_nasch: raises $1.50 to $2
Uhnihilator: folds 
Alameda22: folds 
Simme 123: folds 
Don Funghi: calls $2
akaginsf: folds 
wu-tal: folds 
*** FLOP *** [5s Jc Ac]
johnny_nasch: bets $2.50
Don Funghi: folds 
Uncalled bet ($2.50) returned to johnny_nasch
johnny_nasch collected $4.55 from pot
johnny_nasch: doesn't show hand 
*** SUMMARY ***
Total pot $4.75 | Rake $0.20 
Board [5s Jc Ac]
Seat 1: Simme 123 folded before Flop (didn't bet)
Seat 2: Don Funghi (button) folded on the Flop
Seat 3: akaginsf (small blind) folded before Flop
Seat 4: wu-tal (big blind) folded before Flop
Seat 5: BadBeat69 folded before Flop (didn't bet)
Seat 6: Ninestone folded before Flop (didn't bet)
Seat 7: johnny_nasch collected ($4.55)
Seat 8: Uhnihilator folded before Flop (didn't bet)
Seat 9: Alameda22 folded before Flop (didn't bet)



PokerStars Game #20148453285:  Hold'em No Limit ($0.25/$0.50) - 2008/09/04 17:55:14 ET
Table 'Chaldene V' 9-max Seat #3 is the button
Seat 1: Simme 123 ($56.45 in chips) 
Seat 2: Don Funghi ($54.45 in chips) 
Seat 3: akaginsf ($45.95 in chips) 
Seat 4: wu-tal ($80.45 in chips) 
Seat 6: Ninestone ($37.40 in chips) 
Seat 7: johnny_nasch ($11.80 in chips) 
Seat 8: Uhnihilator ($55.75 in chips) 
Seat 9: Alameda22 ($49.50 in chips) 
wu-tal: posts small blind $0.25
Ninestone: posts big blind $0.50
*** HOLE CARDS ***
Dealt to Alameda22 [Tc 8d]
johnny_nasch: folds 
Uhnihilator: folds 
Alameda22: folds 
Simme 123: raises $1.50 to $2
Don Funghi: folds 
akaginsf: folds 
wu-tal: folds 
Ninestone: folds 
Uncalled bet ($1.50) returned to Simme 123
Simme 123 collected $1.25 from pot
Simme 123: doesn't show hand 
*** SUMMARY ***
Total pot $1.25 | Rake $0 
Seat 1: Simme 123 collected ($1.25)
Seat 2: Don Funghi folded before Flop (didn't bet)
Seat 3: akaginsf (button) folded before Flop (didn't bet)
Seat 4: wu-tal (small blind) folded before Flop
Seat 6: Ninestone (big blind) folded before Flop
Seat 7: johnny_nasch folded before Flop (didn't bet)
Seat 8: Uhnihilator folded before Flop (didn't bet)
Seat 9: Alameda22 folded before Flop (didn't bet)



PokerStars Game #20148465014:  Hold'em No Limit ($0.25/$0.50) - 2008/09/04 17:55:43 ET
Table 'Chaldene V' 9-max Seat #4 is the button
Seat 1: Simme 123 ($57.20 in chips) 
Seat 2: Don Funghi ($54.45 in chips) 
Seat 3: akaginsf ($45.95 in chips) 
Seat 4: wu-tal ($80.20 in chips) 
Seat 6: Ninestone ($36.90 in chips) 
Seat 7: johnny_nasch ($11.80 in chips) 
Seat 8: Uhnihilator ($55.75 in chips) 
Seat 9: Alameda22 ($49.50 in chips) 
Ninestone: posts small blind $0.25
johnny_nasch: posts big blind $0.50
*** HOLE CARDS ***
Dealt to Alameda22 [Ts 8d]
Uhnihilator: folds 
Alameda22: folds 
Simme 123: folds 
Don Funghi: folds 
akaginsf: folds 
wu-tal: folds 
Ninestone: folds 
Uncalled bet ($0.25) returned to johnny_nasch
johnny_nasch collected $0.50 from pot
johnny_nasch: doesn't show hand 
*** SUMMARY ***
Total pot $0.50 | Rake $0 
Seat 1: Simme 123 folded before Flop (didn't bet)
Seat 2: Don Funghi folded before Flop (didn't bet)
Seat 3: akaginsf folded before Flop (didn't bet)
Seat 4: wu-tal (button) folded before Flop (didn't bet)
Seat 6: Ninestone (small blind) folded before Flop
Seat 7: johnny_nasch (big blind) collected ($0.50)
Seat 8: Uhnihilator folded before Flop (didn't bet)
Seat 9: Alameda22 folded before Flop (didn't bet)



PokerStars Game #20148478093:  Hold'em No Limit ($0.25/$0.50) - 2008/09/04 17:56:16 ET
Table 'Chaldene V' 9-max Seat #6 is the button
Seat 1: Simme 123 ($57.20 in chips) 
Seat 2: Don Funghi ($54.45 in chips) 
Seat 3: akaginsf ($45.95 in chips) 
Seat 4: wu-tal ($80.20 in chips) 
Seat 6: Ninestone ($36.65 in chips) 
Seat 7: johnny_nasch ($12.05 in chips) 
Seat 8: Uhnihilator ($55.75 in chips) 
Seat 9: Alameda22 ($49.50 in chips) 
johnny_nasch: posts small blind $0.25
Uhnihilator: posts big blind $0.50
*** HOLE CARDS ***
Dealt to Alameda22 [As Jh]
Alameda22: folds 
Simme 123: folds 
Don Funghi: folds 
akaginsf: folds 
wu-tal: raises $2.50 to $3
Ninestone: folds 
johnny_nasch: folds 
Uhnihilator: folds 
Uncalled bet ($2.50) returned to wu-tal
wu-tal collected $1.25 from pot
wu-tal: doesn't show hand 
*** SUMMARY ***
Total pot $1.25 | Rake $0 
Seat 1: Simme 123 folded before Flop (didn't bet)
Seat 2: Don Funghi folded before Flop (didn't bet)
Seat 3: akaginsf folded before Flop (didn't bet)
Seat 4: wu-tal collected ($1.25)
Seat 6: Ninestone (button) folded before Flop (didn't bet)
Seat 7: johnny_nasch (small blind) folded before Flop
Seat 8: Uhnihilator (big blind) folded before Flop
Seat 9: Alameda22 folded before Flop (didn't bet)



PokerStars Game #20148490943:  Hold'em No Limit ($0.25/$0.50) - 2008/09/04 17:56:48 ET
Table 'Chaldene V' 9-max Seat #7 is the button
Seat 1: Simme 123 ($57.20 in chips) 
Seat 2: Don Funghi ($54.45 in chips) 
Seat 3: akaginsf ($45.95 in chips) 
Seat 4: wu-tal ($80.95 in chips) 
Seat 6: Ninestone ($36.65 in chips) 
Seat 7: johnny_nasch ($11.80 in chips) 
Seat 8: Uhnihilator ($55.25 in chips) 
Seat 9: Alameda22 ($49.50 in chips) 
Uhnihilator: posts small blind $0.25
Alameda22: posts big blind $0.50
*** HOLE CARDS ***
Dealt to Alameda22 [3c 2h]
Simme 123: folds 
Don Funghi: folds 
akaginsf: folds 
wu-tal: folds 
Ninestone: folds 
johnny_nasch: raises $1.50 to $2
Uhnihilator: folds 
Alameda22: folds 
Uncalled bet ($1.50) returned to johnny_nasch
johnny_nasch collected $1.25 from pot
johnny_nasch: doesn't show hand 
*** SUMMARY ***
Total pot $1.25 | Rake $0 
Seat 1: Simme 123 folded before Flop (didn't bet)
Seat 2: Don Funghi folded before Flop (didn't bet)
Seat 3: akaginsf folded before Flop (didn't bet)
Seat 4: wu-tal folded before Flop (didn't bet)
Seat 6: Ninestone folded before Flop (didn't bet)
Seat 7: johnny_nasch (button) collected ($1.25)
Seat 8: Uhnihilator (small blind) folded before Flop
Seat 9: Alameda22 (big blind) folded before Flop



PokerStars Game #20148506791:  Hold'em No Limit ($0.25/$0.50) - 2008/09/04 17:57:28 ET
Table 'Chaldene V' 9-max Seat #8 is the button
Seat 1: Simme 123 ($57.20 in chips) 
Seat 2: Don Funghi ($54.45 in chips) 
Seat 3: akaginsf ($45.95 in chips) 
Seat 4: wu-tal ($80.95 in chips) 
Seat 6: Ninestone ($36.65 in chips) 
Seat 7: johnny_nasch ($12.55 in chips) 
Seat 8: Uhnihilator ($55 in chips) 
Seat 9: Alameda22 ($49 in chips) 
Alameda22: posts small blind $0.25
Simme 123: posts big blind $0.50
*** HOLE CARDS ***
Dealt to Alameda22 [4c 6d]
Don Funghi: folds 
akaginsf: folds 
wu-tal: folds 
Ninestone: raises $1.50 to $2
johnny_nasch: folds 
Uhnihilator: folds 
Alameda22: folds 
Simme 123: folds 
Uncalled bet ($1.50) returned to Ninestone
Ninestone collected $1.25 from pot
Ninestone: doesn't show hand 
*** SUMMARY ***
Total pot $1.25 | Rake $0 
Seat 1: Simme 123 (big blind) folded before Flop
Seat 2: Don Funghi folded before Flop (didn't bet)
Seat 3: akaginsf folded before Flop (didn't bet)
Seat 4: wu-tal folded before Flop (didn't bet)
Seat 6: Ninestone collected ($1.25)
Seat 7: johnny_nasch folded before Flop (didn't bet)
Seat 8: Uhnihilator (button) folded before Flop (didn't bet)
Seat 9: Alameda22 (small blind) folded before Flop



PokerStars Game #20148526687:  Hold'em No Limit ($0.25/$0.50) - 2008/09/04 17:58:18 ET
Table 'Chaldene V' 9-max Seat #9 is the button
Seat 1: Simme 123 ($56.70 in chips) 
Seat 2: Don Funghi ($54.45 in chips) 
Seat 3: akaginsf ($45.95 in chips) 
Seat 4: wu-tal ($80.95 in chips) 
Seat 6: Ninestone ($37.40 in chips) 
Seat 7: johnny_nasch ($12.55 in chips) 
Seat 8: Uhnihilator ($55 in chips) 
Seat 9: Alameda22 ($48.75 in chips) 
Simme 123: posts small blind $0.25
Don Funghi: posts big blind $0.50
*** HOLE CARDS ***
Dealt to Alameda22 [Jc Td]
akaginsf: folds 
wu-tal: folds 
Ninestone: folds 
johnny_nasch: folds 
Uhnihilator: raises $1 to $1.50
Alameda22: folds 
Simme 123: folds 
Don Funghi: folds 
Uncalled bet ($1) returned to Uhnihilator
Uhnihilator collected $1.25 from pot
Uhnihilator: doesn't show hand 
*** SUMMARY ***
Total pot $1.25 | Rake $0 
Seat 1: Simme 123 (small blind) folded before Flop
Seat 2: Don Funghi (big blind) folded before Flop
Seat 3: akaginsf folded before Flop (didn't bet)
Seat 4: wu-tal folded before Flop (didn't bet)
Seat 6: Ninestone folded before Flop (didn't bet)
Seat 7: johnny_nasch folded before Flop (didn't bet)
Seat 8: Uhnihilator collected ($1.25)
Seat 9: Alameda22 (button) folded before Flop (didn't bet)



PokerStars Game #20148541392:  Hold'em No Limit ($0.25/$0.50) - 2008/09/04 17:58:56 ET
Table 'Chaldene V' 9-max Seat #1 is the button
Seat 1: Simme 123 ($56.45 in chips) 
Seat 2: Don Funghi ($53.95 in chips) 
Seat 3: akaginsf ($45.95 in chips) 
Seat 4: wu-tal ($80.95 in chips) 
Seat 6: Ninestone ($37.40 in chips) 
Seat 7: johnny_nasch ($12.55 in chips) 
Seat 8: Uhnihilator ($55.75 in chips) 
Seat 9: Alameda22 ($48.75 in chips) 
Don Funghi: posts small blind $0.25
akaginsf: posts big blind $0.50
*** HOLE CARDS ***
Dealt to Alameda22 [Ac 2s]
wu-tal: folds 
Ninestone: folds 
cramble1 joins the table at seat #5 
johnny_nasch: raises $1.50 to $2
Uhnihilator: folds 
Alameda22: folds 
Simme 123: folds 
Don Funghi: folds 
akaginsf: folds 
Uncalled bet ($1.50) returned to johnny_nasch
johnny_nasch collected $1.25 from pot
johnny_nasch: doesn't show hand 
*** SUMMARY ***
Total pot $1.25 | Rake $0 
Seat 1: Simme 123 (button) folded before Flop (didn't bet)
Seat 2: Don Funghi (small blind) folded before Flop
Seat 3: akaginsf (big blind) folded before Flop
Seat 4: wu-tal folded before Flop (didn't bet)
Seat 6: Ninestone folded before Flop (didn't bet)
Seat 7: johnny_nasch collected ($1.25)
Seat 8: Uhnihilator folded before Flop (didn't bet)
Seat 9: Alameda22 folded before Flop (didn't bet)



PokerStars Game #20148554109:  Hold'em No Limit ($0.25/$0.50) - 2008/09/04 17:59:29 ET
Table 'Chaldene V' 9-max Seat #2 is the button
Seat 1: Simme 123 ($56.45 in chips) 
Seat 2: Don Funghi ($53.70 in chips) 
Seat 3: akaginsf ($45.45 in chips) 
Seat 4: wu-tal ($80.95 in chips) 
Seat 6: Ninestone ($37.40 in chips) 
Seat 7: johnny_nasch ($13.30 in chips) 
Seat 8: Uhnihilator ($55.75 in chips) 
Seat 9: Alameda22 ($48.75 in chips) 
akaginsf: posts small blind $0.25
wu-tal: posts big blind $0.50
cramble1: sits out 
*** HOLE CARDS ***
Dealt to Alameda22 [5d 3h]
Ninestone: calls $0.50
johnny_nasch: folds 
Uhnihilator: folds 
Alameda22: folds 
Simme 123: folds 
Don Funghi: folds 
akaginsf: folds 
wu-tal: checks 
*** FLOP *** [Ad 8d 8s]
wu-tal: checks 
Ninestone: bets $1
wu-tal: folds 
Uncalled bet ($1) returned to Ninestone
Ninestone collected $1.20 from pot
Ninestone: doesn't show hand 
*** SUMMARY ***
Total pot $1.25 | Rake $0.05 
Board [Ad 8d 8s]
Seat 1: Simme 123 folded before Flop (didn't bet)
Seat 2: Don Funghi (button) folded before Flop (didn't bet)
Seat 3: akaginsf (small blind) folded before Flop
Seat 4: wu-tal (big blind) folded on the Flop
Seat 6: Ninestone collected ($1.20)
Seat 7: johnny_nasch folded before Flop (didn't bet)
Seat 8: Uhnihilator folded before Flop (didn't bet)
Seat 9: Alameda22 folded before Flop (didn't bet)



PokerStars Game #20148584106:  Hold'em No Limit ($0.25/$0.50) - 2008/09/04 18:00:45 ET
Table 'Chaldene V' 9-max Seat #3 is the button
Seat 1: Simme 123 ($56.45 in chips) 
Seat 2: Don Funghi ($53.70 in chips) 
Seat 3: akaginsf ($45.20 in chips) 
Seat 4: wu-tal ($80.45 in chips) 
Seat 5: cramble1 ($10 in chips) 
Seat 6: Ninestone ($38.10 in chips) 
Seat 7: johnny_nasch ($13.30 in chips) 
Seat 8: Uhnihilator ($55.75 in chips) 
Seat 9: Alameda22 ($48.75 in chips) 
wu-tal: posts small blind $0.25
cramble1: posts big blind $0.50
*** HOLE CARDS ***
Dealt to Alameda22 [6d 8h]
Ninestone: folds 
johnny_nasch: folds 
Uhnihilator: folds 
Alameda22: folds 
Simme 123: folds 
Don Funghi: folds 
akaginsf: raises $1.50 to $2
wu-tal: folds 
cramble1: folds 
Uncalled bet ($1.50) returned to akaginsf
akaginsf collected $1.25 from pot
akaginsf: doesn't show hand 
*** SUMMARY ***
Total pot $1.25 | Rake $0 
Seat 1: Simme 123 folded before Flop (didn't bet)
Seat 2: Don Funghi folded before Flop (didn't bet)
Seat 3: akaginsf (button) collected ($1.25)
Seat 4: wu-tal (small blind) folded before Flop
Seat 5: cramble1 (big blind) folded before Flop
Seat 6: Ninestone folded before Flop (didn't bet)
Seat 7: johnny_nasch folded before Flop (didn't bet)
Seat 8: Uhnihilator folded before Flop (didn't bet)
Seat 9: Alameda22 folded before Flop (didn't bet)



PokerStars Game #20148606649:  Hold'em No Limit ($0.25/$0.50) - 2008/09/04 18:01:42 ET
Table 'Chaldene V' 9-max Seat #4 is the button
Seat 1: Simme 123 ($56.45 in chips) 
Seat 2: Don Funghi ($53.70 in chips) 
Seat 3: akaginsf ($45.95 in chips) 
Seat 4: wu-tal ($80.20 in chips) 
Seat 5: cramble1 ($9.50 in chips) 
Seat 6: Ninestone ($38.10 in chips) 
Seat 7: johnny_nasch ($13.30 in chips) 
Seat 8: Uhnihilator ($55.75 in chips) 
Seat 9: Alameda22 ($48.75 in chips) 
cramble1: posts small blind $0.25
Ninestone: posts big blind $0.50
*** HOLE CARDS ***
Dealt to Alameda22 [Qh 6d]
johnny_nasch: folds 
Uhnihilator: folds 
Alameda22: folds 
Simme 123: folds 
Don Funghi: folds 
akaginsf: folds 
wu-tal: raises $1.50 to $2
cramble1: folds 
Ninestone: folds 
Uncalled bet ($1.50) returned to wu-tal
wu-tal collected $1.25 from pot
wu-tal: doesn't show hand 
*** SUMMARY ***
Total pot $1.25 | Rake $0 
Seat 1: Simme 123 folded before Flop (didn't bet)
Seat 2: Don Funghi folded before Flop (didn't bet)
Seat 3: akaginsf folded before Flop (didn't bet)
Seat 4: wu-tal (button) collected ($1.25)
Seat 5: cramble1 (small blind) folded before Flop
Seat 6: Ninestone (big blind) folded before Flop
Seat 7: johnny_nasch folded before Flop (didn't bet)
Seat 8: Uhnihilator folded before Flop (didn't bet)
Seat 9: Alameda22 folded before Flop (didn't bet)



PokerStars Game #20148633818:  Hold'em No Limit ($0.25/$0.50) - 2008/09/04 18:02:53 ET
Table 'Chaldene V' 9-max Seat #5 is the button
Seat 1: Simme 123 ($56.45 in chips) 
Seat 2: Don Funghi ($53.70 in chips) 
Seat 3: akaginsf ($45.95 in chips) 
Seat 4: wu-tal ($80.95 in chips) 
Seat 5: cramble1 ($9.25 in chips) 
Seat 6: Ninestone ($37.60 in chips) 
Seat 7: johnny_nasch ($13.30 in chips) 
Seat 8: Uhnihilator ($55.75 in chips) 
Seat 9: Alameda22 ($48.75 in chips) 
Ninestone: posts small blind $0.25
johnny_nasch: posts big blind $0.50
*** HOLE CARDS ***
Dealt to Alameda22 [Ts 7s]
Uhnihilator: folds 
Uhnihilator leaves the table
Alameda22: folds 
Simme 123: folds 
Don Funghi: folds 
River direz joins the table at seat #8 
akaginsf: folds 
wu-tal: folds 
cramble1: raises $1 to $1.50
Ninestone: folds 
johnny_nasch: folds 
Uncalled bet ($1) returned to cramble1
cramble1 collected $1.25 from pot
*** SUMMARY ***
Total pot $1.25 | Rake $0 
Seat 1: Simme 123 folded before Flop (didn't bet)
Seat 2: Don Funghi folded before Flop (didn't bet)
Seat 3: akaginsf folded before Flop (didn't bet)
Seat 4: wu-tal folded before Flop (didn't bet)
Seat 5: cramble1 (button) collected ($1.25)
Seat 6: Ninestone (small blind) folded before Flop
Seat 7: johnny_nasch (big blind) folded before Flop
Seat 8: Uhnihilator folded before Flop (didn't bet)
Seat 9: Alameda22 folded before Flop (didn't bet)



PokerStars Game #20148655270:  Hold'em No Limit ($0.25/$0.50) - 2008/09/04 18:03:48 ET
Table 'Chaldene V' 9-max Seat #6 is the button
Seat 1: Simme 123 ($56.45 in chips) 
Seat 2: Don Funghi ($53.70 in chips) 
Seat 3: akaginsf ($45.95 in chips) 
Seat 4: wu-tal ($80.95 in chips) 
Seat 5: cramble1 ($10 in chips) 
Seat 6: Ninestone ($37.35 in chips) 
Seat 7: johnny_nasch ($12.80 in chips) 
Seat 8: River direz ($20 in chips) 
Seat 9: Alameda22 ($48.75 in chips) 
johnny_nasch: posts small blind $0.25
River direz: posts big blind $0.50
*** HOLE CARDS ***
Dealt to Alameda22 [8c 6c]
Alameda22: folds 
Simme 123: raises $1.50 to $2
Don Funghi: folds 
akaginsf: folds 
wu-tal: folds 
cramble1: folds 
Ninestone: folds 
johnny_nasch: folds 
River direz: calls $1.50
*** FLOP *** [5s 6d 2d]
River direz: checks 
Simme 123: bets $2
River direz: folds 
Uncalled bet ($2) returned to Simme 123
Simme 123 collected $4.05 from pot
Simme 123: doesn't show hand 
*** SUMMARY ***
Total pot $4.25 | Rake $0.20 
Board [5s 6d 2d]
Seat 1: Simme 123 collected ($4.05)
Seat 2: Don Funghi folded before Flop (didn't bet)
Seat 3: akaginsf folded before Flop (didn't bet)
Seat 4: wu-tal folded before Flop (didn't bet)
Seat 5: cramble1 folded before Flop (didn't bet)
Seat 6: Ninestone (button) folded before Flop (didn't bet)
Seat 7: johnny_nasch (small blind) folded before Flop
Seat 8: River direz (big blind) folded on the Flop
Seat 9: Alameda22 folded before Flop (didn't bet)



PokerStars Game #20148689906:  Hold'em No Limit ($0.25/$0.50) - 2008/09/04 18:05:18 ET
Table 'Chaldene V' 9-max Seat #7 is the button
Seat 1: Simme 123 ($58.50 in chips) 
Seat 2: Don Funghi ($53.70 in chips) 
Seat 3: akaginsf ($45.95 in chips) 
Seat 4: wu-tal ($80.95 in chips) 
Seat 5: cramble1 ($10 in chips) 
Seat 6: Ninestone ($37.35 in chips) 
Seat 7: johnny_nasch ($12.55 in chips) 
Seat 8: River direz ($18 in chips) 
Seat 9: Alameda22 ($48.75 in chips) 
River direz: posts small blind $0.25
Alameda22: posts big blind $0.50
*** HOLE CARDS ***
Dealt to Alameda22 [2c 3d]
Simme 123: calls $0.50
Don Funghi: folds 
akaginsf: raises $2 to $2.50
wu-tal: folds 
cramble1: folds 
Ninestone: folds 
johnny_nasch: folds 
River direz: calls $2.25
Alameda22: folds 
Simme 123: calls $2
*** FLOP *** [4h Td 5s]
River direz: bets $3.50
Simme 123: calls $3.50
akaginsf: calls $3.50
*** TURN *** [4h Td 5s] [Jd]
River direz: checks 
Simme 123: checks 
akaginsf: bets $12
River direz: folds 
Simme 123: folds 
Uncalled bet ($12) returned to akaginsf
akaginsf collected $17.60 from pot
akaginsf: doesn't show hand 
*** SUMMARY ***
Total pot $18.50 | Rake $0.90 
Board [4h Td 5s Jd]
Seat 1: Simme 123 folded on the Turn
Seat 2: Don Funghi folded before Flop (didn't bet)
Seat 3: akaginsf collected ($17.60)
Seat 4: wu-tal folded before Flop (didn't bet)
Seat 5: cramble1 folded before Flop (didn't bet)
Seat 6: Ninestone folded before Flop (didn't bet)
Seat 7: johnny_nasch (button) folded before Flop (didn't bet)
Seat 8: River direz (small blind) folded on the Turn
Seat 9: Alameda22 (big blind) folded before Flop



PokerStars Game #20148719716:  Hold'em No Limit ($0.25/$0.50) - 2008/09/04 18:06:35 ET
Table 'Chaldene V' 9-max Seat #8 is the button
Seat 1: Simme 123 ($52.50 in chips) 
Seat 2: Don Funghi ($53.70 in chips) 
Seat 3: akaginsf ($57.55 in chips) 
Seat 4: wu-tal ($80.95 in chips) 
Seat 5: cramble1 ($10 in chips) 
Seat 6: Ninestone ($37.35 in chips) 
Seat 7: johnny_nasch ($12.55 in chips) 
Seat 8: River direz ($12 in chips) 
Seat 9: Alameda22 ($48.25 in chips) 
Alameda22: posts small blind $0.25
Simme 123: posts big blind $0.50
*** HOLE CARDS ***
Dealt to Alameda22 [4s 8h]
Don Funghi: folds 
akaginsf: folds 
wu-tal: raises $1.50 to $2
cramble1: folds 
Ninestone: folds 
johnny_nasch: folds 
River direz: folds 
Alameda22: folds 
Simme 123: folds 
Uncalled bet ($1.50) returned to wu-tal
wu-tal collected $1.25 from pot
wu-tal: doesn't show hand 
*** SUMMARY ***
Total pot $1.25 | Rake $0 
Seat 1: Simme 123 (big blind) folded before Flop
Seat 2: Don Funghi folded before Flop (didn't bet)
Seat 3: akaginsf folded before Flop (didn't bet)
Seat 4: wu-tal collected ($1.25)
Seat 5: cramble1 folded before Flop (didn't bet)
Seat 6: Ninestone folded before Flop (didn't bet)
Seat 7: johnny_nasch folded before Flop (didn't bet)
Seat 8: River direz (button) folded before Flop (didn't bet)
Seat 9: Alameda22 (small blind) folded before Flop



PokerStars Game #20148742447:  Hold'em No Limit ($0.25/$0.50) - 2008/09/04 18:07:33 ET
Table 'Chaldene V' 9-max Seat #9 is the button
Seat 1: Simme 123 ($52 in chips) 
Seat 2: Don Funghi ($53.70 in chips) 
Seat 3: akaginsf ($57.55 in chips) 
Seat 4: wu-tal ($81.70 in chips) 
Seat 5: cramble1 ($10 in chips) 
Seat 6: Ninestone ($37.35 in chips) 
Seat 7: johnny_nasch ($12.55 in chips) 
Seat 8: River direz ($12 in chips) 
Seat 9: Alameda22 ($48 in chips) 
Simme 123: posts small blind $0.25
Don Funghi: posts big blind $0.50
*** HOLE CARDS ***
Dealt to Alameda22 [Qd Ac]
akaginsf: folds 
wu-tal: folds 
cramble1: calls $0.50
Ninestone: folds 
johnny_nasch: folds 
River direz: folds 
Alameda22: raises $2 to $2.50
Simme 123 has timed out
Simme 123: folds 
Simme 123 is sitting out
Don Funghi: calls $2
cramble1: folds 
*** FLOP *** [2s 5h 8s]
Don Funghi: checks 
Alameda22: bets $3.50
Don Funghi: folds 
Uncalled bet ($3.50) returned to Alameda22
Alameda22 collected $5.50 from pot
Alameda22: doesn't show hand 
*** SUMMARY ***
Total pot $5.75 | Rake $0.25 
Board [2s 5h 8s]
Seat 1: Simme 123 (small blind) folded before Flop
Seat 2: Don Funghi (big blind) folded on the Flop
Seat 3: akaginsf folded before Flop (didn't bet)
Seat 4: wu-tal folded before Flop (didn't bet)
Seat 5: cramble1 folded before Flop
Seat 6: Ninestone folded before Flop (didn't bet)
Seat 7: johnny_nasch folded before Flop (didn't bet)
Seat 8: River direz folded before Flop (didn't bet)
Seat 9: Alameda22 (button) collected ($5.50)



PokerStars Game #20148798725:  Hold'em No Limit ($0.25/$0.50) - 2008/09/04 18:09:57 ET
Table 'Chaldene V' 9-max Seat #2 is the button
Seat 2: Don Funghi ($51.20 in chips) 
Seat 5: cramble1 ($9.50 in chips) 
Seat 6: Ninestone ($37.35 in chips) 
Seat 7: johnny_nasch ($12.55 in chips) 
Seat 8: River direz ($12 in chips) 
Seat 9: Alameda22 ($51 in chips) 
akaginsf: is sitting out 
akaginsf leaves the table
wu-tal: is sitting out 
cramble1: posts small blind $0.25
Ninestone: posts big blind $0.50
*** HOLE CARDS ***
Dealt to Alameda22 [6d 7s]
wu-tal leaves the table
johnny_nasch: raises $1.50 to $2
River direz: raises $1.50 to $3.50
Alameda22: folds 
Don Funghi: folds 
cramble1: folds 
Ninestone: folds 
johnny_nasch: raises $9.05 to $12.55 and is all-in
Simme 123 has returned
River direz: calls $8.50 and is all-in
Uncalled bet ($0.55) returned to johnny_nasch
*** FLOP *** [2c 7c 3s]
*** TURN *** [2c 7c 3s] [9h]
*** RIVER *** [2c 7c 3s 9h] [Qs]
*** SHOW DOWN ***
johnny_nasch: shows [As Ah] (a pair of Aces)
River direz: mucks hand 
River direz leaves the table
johnny_nasch collected $23.55 from pot
*** SUMMARY ***
Total pot $24.75 | Rake $1.20 
Board [2c 7c 3s 9h Qs]
Seat 2: Don Funghi (button) folded before Flop (didn't bet)
Seat 5: cramble1 (small blind) folded before Flop
Seat 6: Ninestone (big blind) folded before Flop
Seat 7: johnny_nasch showed [As Ah] and won ($23.55) with a pair of Aces
Seat 8: River direz mucked [3d Ad]
Seat 9: Alameda22 folded before Flop (didn't bet)



PokerStars Game #20148823998:  Hold'em No Limit ($0.25/$0.50) - 2008/09/04 18:11:02 ET
Table 'Chaldene V' 9-max Seat #5 is the button
Seat 1: Simme 123 ($51.75 in chips) 
Seat 2: Don Funghi ($51.20 in chips) 
Seat 5: cramble1 ($9.25 in chips) 
Seat 6: Ninestone ($36.85 in chips) 
Seat 7: johnny_nasch ($24.10 in chips) 
Seat 9: Alameda22 ($51 in chips) 
Ninestone: posts small blind $0.25
johnny_nasch: posts big blind $0.50
*** HOLE CARDS ***
Dealt to Alameda22 [6s 6h]
Alameda22: folds 
Simme 123: folds 
Don Funghi: folds 
cramble1: calls $0.50
Ninestone: raises $1 to $1.50
johnny_nasch: calls $1
MOLLY999 joins the table at seat #4 
cramble1: calls $1
*** FLOP *** [Jd Qs 5h]
Ninestone: checks 
johnny_nasch: checks 
cramble1: checks 
*** TURN *** [Jd Qs 5h] [Jc]
Don Funghi leaves the table
Ninestone: bets $1
johnny_nasch: folds 
cramble1: folds 
Uncalled bet ($1) returned to Ninestone
Ninestone collected $4.30 from pot
Ninestone: doesn't show hand 
*** SUMMARY ***
Total pot $4.50 | Rake $0.20 
Board [Jd Qs 5h Jc]
Seat 1: Simme 123 folded before Flop (didn't bet)
Seat 2: Don Funghi folded before Flop (didn't bet)
Seat 5: cramble1 (button) folded on the Turn
Seat 6: Ninestone (small blind) collected ($4.30)
Seat 7: johnny_nasch (big blind) folded on the Turn
Seat 9: Alameda22 folded before Flop (didn't bet)



