PokerStars Game #19838113602:  Hold'em No Limit ($0.10/$0.25) - 2008/08/23 - 14:07:27 (ET)
Table 'Rhea' 9-max Seat #1 is the button
Seat 1: jpwag ($13.15 in chips) 
Seat 2: Rob Coxon ($14.40 in chips) 
Seat 3: rafaelrrpo ($5 in chips) 
Seat 4: jimmy119 ($26.25 in chips) 
Seat 5: LittleORK ($24.65 in chips) 
Seat 6: Tuwei168 ($25.20 in chips) 
Seat 7: yevmoney ($24 in chips) 
Seat 9: Alameda22 ($25 in chips) 
Rob Coxon: posts small blind $0.10
rafaelrrpo: posts big blind $0.25
monsterali: sits out 
Alameda22: posts big blind $0.25
*** HOLE CARDS ***
Dealt to Alameda22 [9s 4d]
jimmy119: folds 
LittleORK: folds 
Tuwei168: folds 
yevmoney: raises $0.75 to $1
Alameda22: folds 
jpwag: calls $1
Rob Coxon: folds 
rafaelrrpo: folds 
*** FLOP *** [Ah Jc 4c]
yevmoney: bets $1
jpwag: calls $1
*** TURN *** [Ah Jc 4c] [Ts]
yevmoney: checks 
jpwag: bets $1
yevmoney: calls $1
*** RIVER *** [Ah Jc 4c Ts] [Qh]
yevmoney: bets $2.50
jpwag: raises $7.65 to $10.15 and is all-in
yevmoney: calls $7.65
*** SHOW DOWN ***
jpwag: shows [Ks Ad] (a straight, Ten to Ace)
yevmoney: shows [Kc Ac] (a straight, Ten to Ace)
yevmoney collected $12.80 from pot
jpwag collected $12.80 from pot
*** SUMMARY ***
Total pot $26.90 | Rake $1.30 
Board [Ah Jc 4c Ts Qh]
Seat 1: jpwag (button) showed [Ks Ad] and won ($12.80) with a straight, Ten to Ace
Seat 2: Rob Coxon (small blind) folded before Flop
Seat 3: rafaelrrpo (big blind) folded before Flop
Seat 4: jimmy119 folded before Flop (didn't bet)
Seat 5: LittleORK folded before Flop (didn't bet)
Seat 6: Tuwei168 folded before Flop (didn't bet)
Seat 7: yevmoney showed [Kc Ac] and won ($12.80) with a straight, Ten to Ace
Seat 9: Alameda22 folded before Flop



PokerStars Game #19838148349:  Hold'em No Limit ($0.10/$0.25) - 2008/08/23 - 14:08:59 (ET)
Table 'Rhea' 9-max Seat #2 is the button
Seat 1: jpwag ($12.80 in chips) 
Seat 2: Rob Coxon ($14.30 in chips) 
Seat 3: rafaelrrpo ($4.75 in chips) 
Seat 4: jimmy119 ($26.25 in chips) 
Seat 5: LittleORK ($24.65 in chips) 
Seat 6: Tuwei168 ($25.20 in chips) 
Seat 7: yevmoney ($23.65 in chips) 
Seat 9: Alameda22 ($24.75 in chips) 
rafaelrrpo: posts small blind $0.10
jimmy119: posts big blind $0.25
monsterali: sits out 
*** HOLE CARDS ***
Dealt to Alameda22 [Ks Jd]
LittleORK: folds 
Tuwei168: folds 
yevmoney: calls $0.25
Alameda22: folds 
jpwag: raises $0.75 to $1
Rob Coxon: folds 
rafaelrrpo: folds 
jimmy119: folds 
yevmoney: calls $0.75
*** FLOP *** [6d 2h 2c]
yevmoney: checks 
jpwag: bets $1.25
yevmoney: raises $2.25 to $3.50
jpwag: calls $2.25
*** TURN *** [6d 2h 2c] [Ah]
yevmoney: checks 
jpwag: checks 
*** RIVER *** [6d 2h 2c Ah] [8c]
yevmoney: checks 
jpwag: checks 
*** SHOW DOWN ***
yevmoney: shows [3d 3h] (two pair, Threes and Deuces)
jpwag: shows [Qd Qc] (two pair, Queens and Deuces)
jpwag collected $8.90 from pot
*** SUMMARY ***
Total pot $9.35 | Rake $0.45 
Board [6d 2h 2c Ah 8c]
Seat 1: jpwag showed [Qd Qc] and won ($8.90) with two pair, Queens and Deuces
Seat 2: Rob Coxon (button) folded before Flop (didn't bet)
Seat 3: rafaelrrpo (small blind) folded before Flop
Seat 4: jimmy119 (big blind) folded before Flop
Seat 5: LittleORK folded before Flop (didn't bet)
Seat 6: Tuwei168 folded before Flop (didn't bet)
Seat 7: yevmoney showed [3d 3h] and lost with two pair, Threes and Deuces
Seat 9: Alameda22 folded before Flop (didn't bet)



PokerStars Game #19838187803:  Hold'em No Limit ($0.10/$0.25) - 2008/08/23 - 14:10:42 (ET)
Table 'Rhea' 9-max Seat #3 is the button
Seat 1: jpwag ($17.20 in chips) 
Seat 2: Rob Coxon ($14.30 in chips) 
Seat 3: rafaelrrpo ($4.65 in chips) 
Seat 4: jimmy119 ($26 in chips) 
Seat 5: LittleORK ($24.65 in chips) 
Seat 6: Tuwei168 ($25.20 in chips) 
Seat 7: yevmoney ($19.15 in chips) 
Seat 9: Alameda22 ($24.75 in chips) 
jimmy119: posts small blind $0.10
LittleORK: posts big blind $0.25
monsterali: sits out 
*** HOLE CARDS ***
Dealt to Alameda22 [6c Qd]
Tuwei168: folds 
yevmoney: folds 
Alameda22: folds 
jpwag: calls $0.25
Rob Coxon: calls $0.25
rafaelrrpo: folds 
jimmy119: raises $0.75 to $1
LittleORK: folds 
jpwag: folds 
Rob Coxon: folds 
Uncalled bet ($0.75) returned to jimmy119
jimmy119 collected $1 from pot
jimmy119: doesn't show hand 
*** SUMMARY ***
Total pot $1 | Rake $0 
Seat 1: jpwag folded before Flop
Seat 2: Rob Coxon folded before Flop
Seat 3: rafaelrrpo (button) folded before Flop (didn't bet)
Seat 4: jimmy119 (small blind) collected ($1)
Seat 5: LittleORK (big blind) folded before Flop
Seat 6: Tuwei168 folded before Flop (didn't bet)
Seat 7: yevmoney folded before Flop (didn't bet)
Seat 9: Alameda22 folded before Flop (didn't bet)



PokerStars Game #19838209399:  Hold'em No Limit ($0.10/$0.25) - 2008/08/23 - 14:11:38 (ET)
Table 'Rhea' 9-max Seat #4 is the button
Seat 1: jpwag ($16.95 in chips) 
Seat 2: Rob Coxon ($14.05 in chips) 
Seat 3: rafaelrrpo ($4.65 in chips) 
Seat 4: jimmy119 ($26.75 in chips) 
Seat 5: LittleORK ($24.40 in chips) 
Seat 6: Tuwei168 ($25.20 in chips) 
Seat 7: yevmoney ($19.15 in chips) 
Seat 9: Alameda22 ($24.75 in chips) 
LittleORK: posts small blind $0.10
Tuwei168: posts big blind $0.25
monsterali: sits out 
*** HOLE CARDS ***
Dealt to Alameda22 [9h Ah]
yevmoney: folds 
Alameda22: folds 
yevmoney leaves the table
jpwag: calls $0.25
Rob Coxon: folds 
gaybar joins the table at seat #7 
rafaelrrpo: folds 
jimmy119: folds 
LittleORK: folds 
Tuwei168: checks 
*** FLOP *** [Jd Ac 8d]
Tuwei168: checks 
jpwag: bets $0.50
Tuwei168: folds 
Uncalled bet ($0.50) returned to jpwag
jpwag collected $0.60 from pot
jpwag: doesn't show hand 
*** SUMMARY ***
Total pot $0.60 | Rake $0 
Board [Jd Ac 8d]
Seat 1: jpwag collected ($0.60)
Seat 2: Rob Coxon folded before Flop (didn't bet)
Seat 3: rafaelrrpo folded before Flop (didn't bet)
Seat 4: jimmy119 (button) folded before Flop (didn't bet)
Seat 5: LittleORK (small blind) folded before Flop
Seat 6: Tuwei168 (big blind) folded on the Flop
Seat 7: yevmoney folded before Flop (didn't bet)
Seat 9: Alameda22 folded before Flop (didn't bet)



PokerStars Game #19838227330:  Hold'em No Limit ($0.10/$0.25) - 2008/08/23 - 14:12:26 (ET)
Table 'Rhea' 9-max Seat #5 is the button
Seat 1: jpwag ($17.30 in chips) 
Seat 2: Rob Coxon ($14.05 in chips) 
Seat 3: rafaelrrpo ($4.65 in chips) 
Seat 4: jimmy119 ($26.75 in chips) 
Seat 5: LittleORK ($24.30 in chips) 
Seat 6: Tuwei168 ($24.95 in chips) 
Seat 7: gaybar ($5 in chips) 
Seat 9: Alameda22 ($24.75 in chips) 
Tuwei168: posts small blind $0.10
gaybar: posts big blind $0.25
monsterali: sits out 
*** HOLE CARDS ***
Dealt to Alameda22 [Qd 3d]
Alameda22: folds 
jpwag: calls $0.25
Rob Coxon: folds 
rafaelrrpo: folds 
jimmy119: calls $0.25
LittleORK: calls $0.25
Tuwei168: folds 
gaybar: checks 
*** FLOP *** [9d 5c Qh]
gaybar: checks 
jpwag: checks 
jimmy119: bets $0.50
LittleORK: folds 
gaybar: folds 
jpwag: folds 
Uncalled bet ($0.50) returned to jimmy119
jimmy119 collected $1.05 from pot
monsterali leaves the table
jimmy119: doesn't show hand 
*** SUMMARY ***
Total pot $1.10 | Rake $0.05 
Board [9d 5c Qh]
Seat 1: jpwag folded on the Flop
Seat 2: Rob Coxon folded before Flop (didn't bet)
Seat 3: rafaelrrpo folded before Flop (didn't bet)
Seat 4: jimmy119 collected ($1.05)
Seat 5: LittleORK (button) folded on the Flop
Seat 6: Tuwei168 (small blind) folded before Flop
Seat 7: gaybar (big blind) folded on the Flop
Seat 9: Alameda22 folded before Flop (didn't bet)



PokerStars Game #19838243737:  Hold'em No Limit ($0.10/$0.25) - 2008/08/23 - 14:13:09 (ET)
Table 'Rhea' 9-max Seat #6 is the button
Seat 1: jpwag ($17.05 in chips) 
Seat 2: Rob Coxon ($14.05 in chips) 
Seat 3: rafaelrrpo ($4.65 in chips) 
Seat 4: jimmy119 ($27.55 in chips) 
Seat 5: LittleORK ($24.05 in chips) 
Seat 6: Tuwei168 ($24.85 in chips) 
Seat 7: gaybar ($4.75 in chips) 
Seat 9: Alameda22 ($24.75 in chips) 
gaybar: posts small blind $0.10
Alameda22: posts big blind $0.25
*** HOLE CARDS ***
Dealt to Alameda22 [As 6c]
jpwag: folds 
Rob Coxon: folds 
rafaelrrpo: folds 
WakedJake joins the table at seat #8 
jimmy119: folds 
LittleORK: folds 
Tuwei168: calls $0.25
gaybar: folds 
Alameda22: checks 
*** FLOP *** [Ts 6d 9s]
Alameda22: checks 
Tuwei168: checks 
*** TURN *** [Ts 6d 9s] [5d]
Alameda22: checks 
Tuwei168: checks 
*** RIVER *** [Ts 6d 9s 5d] [Qh]
Alameda22: checks 
Tuwei168: checks 
*** SHOW DOWN ***
Alameda22: shows [As 6c] (a pair of Sixes)
Tuwei168: mucks hand 
Alameda22 collected $0.60 from pot
*** SUMMARY ***
Total pot $0.60 | Rake $0 
Board [Ts 6d 9s 5d Qh]
Seat 1: jpwag folded before Flop (didn't bet)
Seat 2: Rob Coxon folded before Flop (didn't bet)
Seat 3: rafaelrrpo folded before Flop (didn't bet)
Seat 4: jimmy119 folded before Flop (didn't bet)
Seat 5: LittleORK folded before Flop (didn't bet)
Seat 6: Tuwei168 (button) mucked [3d 3c]
Seat 7: gaybar (small blind) folded before Flop
Seat 9: Alameda22 (big blind) showed [As 6c] and won ($0.60) with a pair of Sixes



PokerStars Game #19838269918:  Hold'em No Limit ($0.10/$0.25) - 2008/08/23 - 14:14:18 (ET)
Table 'Rhea' 9-max Seat #7 is the button
Seat 1: jpwag ($17.05 in chips) 
Seat 2: Rob Coxon ($14.05 in chips) 
Seat 3: rafaelrrpo ($4.65 in chips) 
Seat 4: jimmy119 ($27.55 in chips) 
Seat 5: LittleORK ($24.05 in chips) 
Seat 6: Tuwei168 ($24.60 in chips) 
Seat 7: gaybar ($4.65 in chips) 
Seat 9: Alameda22 ($25.10 in chips) 
WakedJake will be allowed to play after the button
Alameda22: posts small blind $0.10
jpwag: posts big blind $0.25
*** HOLE CARDS ***
Dealt to Alameda22 [As 3s]
Rob Coxon: folds 
rafaelrrpo: folds 
jimmy119: folds 
LittleORK: calls $0.25
Tuwei168: folds 
gaybar: folds 
Alameda22: folds 
jpwag: checks 
*** FLOP *** [3h Th 2c]
jpwag: checks 
LittleORK: checks 
*** TURN *** [3h Th 2c] [Tc]
jpwag: checks 
LittleORK: checks 
*** RIVER *** [3h Th 2c Tc] [7s]
jpwag: checks 
rafaelrrpo is sitting out
LittleORK: checks 
*** SHOW DOWN ***
jpwag: shows [Js 4h] (a pair of Tens)
LittleORK: shows [7c Ac] (two pair, Tens and Sevens)
LittleORK collected $0.60 from pot
*** SUMMARY ***
Total pot $0.60 | Rake $0 
Board [3h Th 2c Tc 7s]
Seat 1: jpwag (big blind) showed [Js 4h] and lost with a pair of Tens
Seat 2: Rob Coxon folded before Flop (didn't bet)
Seat 3: rafaelrrpo folded before Flop (didn't bet)
Seat 4: jimmy119 folded before Flop (didn't bet)
Seat 5: LittleORK showed [7c Ac] and won ($0.60) with two pair, Tens and Sevens
Seat 6: Tuwei168 folded before Flop (didn't bet)
Seat 7: gaybar (button) folded before Flop (didn't bet)
Seat 9: Alameda22 (small blind) folded before Flop



PokerStars Game #19838290224:  Hold'em No Limit ($0.10/$0.25) - 2008/08/23 - 14:15:10 (ET)
Table 'Rhea' 9-max Seat #9 is the button
Seat 1: jpwag ($16.80 in chips) 
Seat 2: Rob Coxon ($14.05 in chips) 
Seat 4: jimmy119 ($27.55 in chips) 
Seat 5: LittleORK ($24.40 in chips) 
Seat 6: Tuwei168 ($24.60 in chips) 
Seat 7: gaybar ($4.65 in chips) 
Seat 9: Alameda22 ($25 in chips) 
jpwag: posts small blind $0.10
Rob Coxon: posts big blind $0.25
WakedJake: sits out 
*** HOLE CARDS ***
Dealt to Alameda22 [Kh Td]
jimmy119: folds 
LittleORK: folds 
Tuwei168: folds 
gaybar: folds 
Alameda22: folds 
jpwag: folds 
Uncalled bet ($0.15) returned to Rob Coxon
Rob Coxon collected $0.20 from pot
Rob Coxon: doesn't show hand 
*** SUMMARY ***
Total pot $0.20 | Rake $0 
Seat 1: jpwag (small blind) folded before Flop
Seat 2: Rob Coxon (big blind) collected ($0.20)
Seat 4: jimmy119 folded before Flop (didn't bet)
Seat 5: LittleORK folded before Flop (didn't bet)
Seat 6: Tuwei168 folded before Flop (didn't bet)
Seat 7: gaybar folded before Flop (didn't bet)
Seat 9: Alameda22 (button) folded before Flop (didn't bet)



PokerStars Game #19838309705:  Hold'em No Limit ($0.10/$0.25) - 2008/08/23 - 14:16:01 (ET)
Table 'Rhea' 9-max Seat #1 is the button
Seat 1: jpwag ($16.70 in chips) 
Seat 2: Rob Coxon ($14.15 in chips) 
Seat 4: jimmy119 ($27.55 in chips) 
Seat 5: LittleORK ($24.40 in chips) 
Seat 6: Tuwei168 ($24.60 in chips) 
Seat 7: gaybar ($4.65 in chips) 
Seat 9: Alameda22 ($25 in chips) 
Rob Coxon: posts small blind $0.10
jimmy119: posts big blind $0.25
WakedJake: sits out 
*** HOLE CARDS ***
Dealt to Alameda22 [2s 7c]
LittleORK: folds 
Tuwei168: folds 
gaybar: folds 
Alameda22: folds 
jpwag: folds 
Rob Coxon: folds 
Uncalled bet ($0.15) returned to jimmy119
jimmy119 collected $0.20 from pot
jimmy119: doesn't show hand 
*** SUMMARY ***
Total pot $0.20 | Rake $0 
Seat 1: jpwag (button) folded before Flop (didn't bet)
Seat 2: Rob Coxon (small blind) folded before Flop
Seat 4: jimmy119 (big blind) collected ($0.20)
Seat 5: LittleORK folded before Flop (didn't bet)
Seat 6: Tuwei168 folded before Flop (didn't bet)
Seat 7: gaybar folded before Flop (didn't bet)
Seat 9: Alameda22 folded before Flop (didn't bet)



PokerStars Game #19838325619:  Hold'em No Limit ($0.10/$0.25) - 2008/08/23 - 14:16:42 (ET)
Table 'Rhea' 9-max Seat #2 is the button
Seat 1: jpwag ($16.70 in chips) 
Seat 2: Rob Coxon ($14.05 in chips) 
Seat 4: jimmy119 ($27.65 in chips) 
Seat 5: LittleORK ($24.40 in chips) 
Seat 6: Tuwei168 ($24.60 in chips) 
Seat 7: gaybar ($4.65 in chips) 
Seat 9: Alameda22 ($25 in chips) 
jimmy119: posts small blind $0.10
LittleORK: posts big blind $0.25
WakedJake: sits out 
*** HOLE CARDS ***
Dealt to Alameda22 [7d Js]
Tuwei168: folds 
gaybar: folds 
Alameda22: folds 
jpwag: calls $0.25
Rob Coxon: calls $0.25
jimmy119: calls $0.15
LittleORK: raises $0.75 to $1
jpwag: calls $0.75
Rob Coxon: folds 
jimmy119: folds 
*** FLOP *** [Ad 5s 6h]
LittleORK: bets $0.75
jpwag: folds 
Uncalled bet ($0.75) returned to LittleORK
LittleORK collected $2.40 from pot
*** SUMMARY ***
Total pot $2.50 | Rake $0.10 
Board [Ad 5s 6h]
Seat 1: jpwag folded on the Flop
Seat 2: Rob Coxon (button) folded before Flop
Seat 4: jimmy119 (small blind) folded before Flop
Seat 5: LittleORK (big blind) collected ($2.40)
Seat 6: Tuwei168 folded before Flop (didn't bet)
Seat 7: gaybar folded before Flop (didn't bet)
Seat 9: Alameda22 folded before Flop (didn't bet)



PokerStars Game #19838348653:  Hold'em No Limit ($0.10/$0.25) - 2008/08/23 - 14:17:42 (ET)
Table 'Rhea' 9-max Seat #4 is the button
Seat 1: jpwag ($15.70 in chips) 
Seat 2: Rob Coxon ($13.80 in chips) 
Seat 4: jimmy119 ($27.40 in chips) 
Seat 5: LittleORK ($25.80 in chips) 
Seat 6: Tuwei168 ($24.60 in chips) 
Seat 7: gaybar ($4.65 in chips) 
Seat 9: Alameda22 ($25 in chips) 
LittleORK: posts small blind $0.10
Tuwei168: posts big blind $0.25
WakedJake: sits out 
*** HOLE CARDS ***
Dealt to Alameda22 [3h 5s]
gaybar: folds 
Alameda22: folds 
jpwag: folds 
Rob Coxon: folds 
jimmy119: calls $0.25
LittleORK: folds 
Tuwei168: checks 
*** FLOP *** [Td 4s 9c]
Tuwei168: checks 
jimmy119: bets $0.50
Tuwei168: folds 
Uncalled bet ($0.50) returned to jimmy119
jimmy119 collected $0.60 from pot
jimmy119: doesn't show hand 
*** SUMMARY ***
Total pot $0.60 | Rake $0 
Board [Td 4s 9c]
Seat 1: jpwag folded before Flop (didn't bet)
Seat 2: Rob Coxon folded before Flop (didn't bet)
Seat 4: jimmy119 (button) collected ($0.60)
Seat 5: LittleORK (small blind) folded before Flop
Seat 6: Tuwei168 (big blind) folded on the Flop
Seat 7: gaybar folded before Flop (didn't bet)
Seat 9: Alameda22 folded before Flop (didn't bet)



PokerStars Game #19838369109:  Hold'em No Limit ($0.10/$0.25) - 2008/08/23 - 14:18:35 (ET)
Table 'Rhea' 9-max Seat #5 is the button
Seat 1: jpwag ($15.70 in chips) 
Seat 2: Rob Coxon ($13.80 in chips) 
Seat 4: jimmy119 ($27.75 in chips) 
Seat 5: LittleORK ($25.70 in chips) 
Seat 6: Tuwei168 ($24.35 in chips) 
Seat 8: WakedJake ($25 in chips) 
Seat 9: Alameda22 ($25 in chips) 
Tuwei168: posts small blind $0.10
gaybar: is sitting out 
WakedJake: posts big blind $0.25
*** HOLE CARDS ***
Dealt to Alameda22 [Tc 2d]
gaybar leaves the table
Soupy3000 joins the table at seat #7 
Alameda22: folds 
jpwag: folds 
Rob Coxon: folds 
jimmy119: raises $0.75 to $1
LittleORK: folds 
Tuwei168: folds 
WakedJake: folds 
Uncalled bet ($0.75) returned to jimmy119
jimmy119 collected $0.60 from pot
jimmy119: doesn't show hand 
*** SUMMARY ***
Total pot $0.60 | Rake $0 
Seat 1: jpwag folded before Flop (didn't bet)
Seat 2: Rob Coxon folded before Flop (didn't bet)
Seat 4: jimmy119 collected ($0.60)
Seat 5: LittleORK (button) folded before Flop (didn't bet)
Seat 6: Tuwei168 (small blind) folded before Flop
Seat 8: WakedJake (big blind) folded before Flop
Seat 9: Alameda22 folded before Flop (didn't bet)



PokerStars Game #19838389220:  Hold'em No Limit ($0.10/$0.25) - 2008/08/23 - 14:19:28 (ET)
Table 'Rhea' 9-max Seat #6 is the button
Seat 1: jpwag ($15.70 in chips) 
Seat 2: Rob Coxon ($13.80 in chips) 
Seat 4: jimmy119 ($28.10 in chips) 
Seat 5: LittleORK ($25.70 in chips) 
Seat 6: Tuwei168 ($24.25 in chips) 
Seat 8: WakedJake ($24.75 in chips) 
Seat 9: Alameda22 ($25 in chips) 
Soupy3000 will be allowed to play after the button
WakedJake: posts small blind $0.10
Alameda22: posts big blind $0.25
*** HOLE CARDS ***
Dealt to Alameda22 [Jc Kc]
jpwag: folds 
Rob Coxon: folds 
jimmy119: folds 
LittleORK: folds 
Tuwei168: raises $0.75 to $1
WakedJake: folds 
Alameda22: folds 
Uncalled bet ($0.75) returned to Tuwei168
Tuwei168 collected $0.60 from pot
Tuwei168: doesn't show hand 
*** SUMMARY ***
Total pot $0.60 | Rake $0 
Seat 1: jpwag folded before Flop (didn't bet)
Seat 2: Rob Coxon folded before Flop (didn't bet)
Seat 4: jimmy119 folded before Flop (didn't bet)
Seat 5: LittleORK folded before Flop (didn't bet)
Seat 6: Tuwei168 (button) collected ($0.60)
Seat 8: WakedJake (small blind) folded before Flop
Seat 9: Alameda22 (big blind) folded before Flop



PokerStars Game #19838407788:  Hold'em No Limit ($0.10/$0.25) - 2008/08/23 - 14:20:16 (ET)
Table 'Rhea' 9-max Seat #8 is the button
Seat 1: jpwag ($15.70 in chips) 
Seat 2: Rob Coxon ($13.80 in chips) 
Seat 4: jimmy119 ($28.10 in chips) 
Seat 5: LittleORK ($25.70 in chips) 
Seat 6: Tuwei168 ($24.60 in chips) 
Seat 8: WakedJake ($24.65 in chips) 
Seat 9: Alameda22 ($24.75 in chips) 
Alameda22: posts small blind $0.10
jpwag: posts big blind $0.25
Soupy3000: sits out 
*** HOLE CARDS ***
Dealt to Alameda22 [8h 5h]
Rob Coxon: folds 
jimmy119: folds 
LittleORK: folds 
Tuwei168: folds 
WakedJake: folds 
Alameda22: folds 
Uncalled bet ($0.15) returned to jpwag
jpwag collected $0.20 from pot
jpwag: doesn't show hand 
*** SUMMARY ***
Total pot $0.20 | Rake $0 
Seat 1: jpwag (big blind) collected ($0.20)
Seat 2: Rob Coxon folded before Flop (didn't bet)
Seat 4: jimmy119 folded before Flop (didn't bet)
Seat 5: LittleORK folded before Flop (didn't bet)
Seat 6: Tuwei168 folded before Flop (didn't bet)
Seat 8: WakedJake (button) folded before Flop (didn't bet)
Seat 9: Alameda22 (small blind) folded before Flop



PokerStars Game #19838421149:  Hold'em No Limit ($0.10/$0.25) - 2008/08/23 - 14:20:51 (ET)
Table 'Rhea' 9-max Seat #9 is the button
Seat 1: jpwag ($15.80 in chips) 
Seat 2: Rob Coxon ($13.80 in chips) 
Seat 4: jimmy119 ($28.10 in chips) 
Seat 5: LittleORK ($25.70 in chips) 
Seat 6: Tuwei168 ($24.60 in chips) 
Seat 8: WakedJake ($24.65 in chips) 
Seat 9: Alameda22 ($24.65 in chips) 
jpwag: posts small blind $0.10
Rob Coxon: posts big blind $0.25
Soupy3000: sits out 
*** HOLE CARDS ***
Dealt to Alameda22 [Js 6s]
jimmy119: folds 
LittleORK: folds 
Tuwei168: calls $0.25
WakedJake: folds 
Alameda22: folds 
jpwag: calls $0.15
Rob Coxon: checks 
*** FLOP *** [Jd 9s 4h]
jpwag: checks 
Rob Coxon: checks 
Tuwei168: checks 
*** TURN *** [Jd 9s 4h] [5d]
jpwag: checks 
Rob Coxon: checks 
Tuwei168: checks 
*** RIVER *** [Jd 9s 4h 5d] [5c]
jpwag: checks 
Rob Coxon: checks 
Tuwei168: checks 
*** SHOW DOWN ***
jpwag: shows [Ks Qc] (a pair of Fives)
Rob Coxon: mucks hand 
Tuwei168: shows [7c 7s] (two pair, Sevens and Fives)
Tuwei168 collected $0.75 from pot
*** SUMMARY ***
Total pot $0.75 | Rake $0 
Board [Jd 9s 4h 5d 5c]
Seat 1: jpwag (small blind) showed [Ks Qc] and lost with a pair of Fives
Seat 2: Rob Coxon (big blind) mucked [Qd 6h]
Seat 4: jimmy119 folded before Flop (didn't bet)
Seat 5: LittleORK folded before Flop (didn't bet)
Seat 6: Tuwei168 showed [7c 7s] and won ($0.75) with two pair, Sevens and Fives
Seat 8: WakedJake folded before Flop (didn't bet)
Seat 9: Alameda22 (button) folded before Flop (didn't bet)



PokerStars Game #19838458277:  Hold'em No Limit ($0.10/$0.25) - 2008/08/23 - 14:22:28 (ET)
Table 'Rhea' 9-max Seat #1 is the button
Seat 1: jpwag ($15.55 in chips) 
Seat 2: Rob Coxon ($13.55 in chips) 
Seat 4: jimmy119 ($28.10 in chips) 
Seat 5: LittleORK ($25.70 in chips) 
Seat 6: Tuwei168 ($25.10 in chips) 
Seat 8: WakedJake ($24.65 in chips) 
Seat 9: Alameda22 ($24.65 in chips) 
Rob Coxon: posts small blind $0.10
jimmy119: posts big blind $0.25
Soupy3000: sits out 
*** HOLE CARDS ***
Dealt to Alameda22 [2s Td]
LittleORK: raises $0.75 to $1
Tuwei168: folds 
WakedJake: folds 
Alameda22: folds 
jpwag: folds 
Rob Coxon: folds 
jimmy119: calls $0.75
*** FLOP *** [Jh Ah 4d]
jimmy119: bets $1
LittleORK: calls $1
*** TURN *** [Jh Ah 4d] [5d]
jimmy119: checks 
LittleORK: bets $1.50
jimmy119: folds 
Uncalled bet ($1.50) returned to LittleORK
LittleORK collected $3.90 from pot
*** SUMMARY ***
Total pot $4.10 | Rake $0.20 
Board [Jh Ah 4d 5d]
Seat 1: jpwag (button) folded before Flop (didn't bet)
Seat 2: Rob Coxon (small blind) folded before Flop
Seat 4: jimmy119 (big blind) folded on the Turn
Seat 5: LittleORK collected ($3.90)
Seat 6: Tuwei168 folded before Flop (didn't bet)
Seat 8: WakedJake folded before Flop (didn't bet)
Seat 9: Alameda22 folded before Flop (didn't bet)



PokerStars Game #19838486789:  Hold'em No Limit ($0.10/$0.25) - 2008/08/23 - 14:23:42 (ET)
Table 'Rhea' 9-max Seat #2 is the button
Seat 1: jpwag ($15.55 in chips) 
Seat 2: Rob Coxon ($13.45 in chips) 
Seat 4: jimmy119 ($26.10 in chips) 
Seat 5: LittleORK ($27.60 in chips) 
Seat 6: Tuwei168 ($25.10 in chips) 
Seat 8: WakedJake ($24.65 in chips) 
Seat 9: Alameda22 ($24.65 in chips) 
jimmy119: posts small blind $0.10
LittleORK: posts big blind $0.25
Soupy3000: sits out 
*** HOLE CARDS ***
Dealt to Alameda22 [Tc 3h]
Tuwei168: folds 
WakedJake: folds 
Alameda22: folds 
jpwag: folds 
Rob Coxon: folds 
jimmy119: calls $0.15
LittleORK: checks 
*** FLOP *** [2s 9d 3s]
jimmy119: bets $0.75
LittleORK: folds 
Uncalled bet ($0.75) returned to jimmy119
jimmy119 collected $0.50 from pot
jimmy119: doesn't show hand 
*** SUMMARY ***
Total pot $0.50 | Rake $0 
Board [2s 9d 3s]
Seat 1: jpwag folded before Flop (didn't bet)
Seat 2: Rob Coxon (button) folded before Flop (didn't bet)
Seat 4: jimmy119 (small blind) collected ($0.50)
Seat 5: LittleORK (big blind) folded on the Flop
Seat 6: Tuwei168 folded before Flop (didn't bet)
Seat 8: WakedJake folded before Flop (didn't bet)
Seat 9: Alameda22 folded before Flop (didn't bet)



PokerStars Game #19838507904:  Hold'em No Limit ($0.10/$0.25) - 2008/08/23 - 14:24:36 (ET)
Table 'Rhea' 9-max Seat #4 is the button
Seat 1: jpwag ($15.55 in chips) 
Seat 2: Rob Coxon ($13.45 in chips) 
Seat 4: jimmy119 ($26.35 in chips) 
Seat 5: LittleORK ($27.35 in chips) 
Seat 6: Tuwei168 ($25.10 in chips) 
Seat 8: WakedJake ($24.65 in chips) 
Seat 9: Alameda22 ($24.65 in chips) 
LittleORK: posts small blind $0.10
Tuwei168: posts big blind $0.25
Soupy3000: sits out 
*** HOLE CARDS ***
Dealt to Alameda22 [Qc Th]
WakedJake: calls $0.25
Alameda22: folds 
jpwag: folds 
Rob Coxon: folds 
jimmy119: folds 
LittleORK: folds 
Tuwei168: checks 
*** FLOP *** [6d Js Kd]
Tuwei168: checks 
WakedJake: checks 
*** TURN *** [6d Js Kd] [2c]
Tuwei168: checks 
WakedJake: checks 
*** RIVER *** [6d Js Kd 2c] [9s]
Tuwei168: checks 
WakedJake: checks 
*** SHOW DOWN ***
Tuwei168: shows [Td 8d] (high card King)
WakedJake: shows [4c Ac] (high card Ace)
WakedJake collected $0.60 from pot
*** SUMMARY ***
Total pot $0.60 | Rake $0 
Board [6d Js Kd 2c 9s]
Seat 1: jpwag folded before Flop (didn't bet)
Seat 2: Rob Coxon folded before Flop (didn't bet)
Seat 4: jimmy119 (button) folded before Flop (didn't bet)
Seat 5: LittleORK (small blind) folded before Flop
Seat 6: Tuwei168 (big blind) showed [Td 8d] and lost with high card King
Seat 8: WakedJake showed [4c Ac] and won ($0.60) with high card Ace
Seat 9: Alameda22 folded before Flop (didn't bet)



PokerStars Game #19838526096:  Hold'em No Limit ($0.10/$0.25) - 2008/08/23 - 14:25:24 (ET)
Table 'Rhea' 9-max Seat #5 is the button
Seat 1: jpwag ($15.55 in chips) 
Seat 2: Rob Coxon ($13.45 in chips) 
Seat 4: jimmy119 ($26.35 in chips) 
Seat 5: LittleORK ($27.25 in chips) 
Seat 6: Tuwei168 ($24.85 in chips) 
Seat 7: Soupy3000 ($5 in chips) 
Seat 8: WakedJake ($25 in chips) 
Seat 9: Alameda22 ($24.65 in chips) 
Tuwei168: posts small blind $0.10
Soupy3000: posts big blind $0.25
*** HOLE CARDS ***
Dealt to Alameda22 [Jh Kh]
WakedJake: folds 
Alameda22: folds 
jpwag: folds 
Rob Coxon: folds 
jimmy119: folds 
LittleORK: folds 
Tuwei168: calls $0.15
Soupy3000: checks 
*** FLOP *** [2c 7s Jd]
Tuwei168: checks 
Soupy3000: checks 
*** TURN *** [2c 7s Jd] [Qc]
Tuwei168: checks 
Soupy3000: checks 
*** RIVER *** [2c 7s Jd Qc] [7h]
Tuwei168: checks 
Soupy3000: checks 
*** SHOW DOWN ***
Tuwei168: shows [As 6d] (a pair of Sevens)
Soupy3000: mucks hand 
Tuwei168 collected $0.50 from pot
*** SUMMARY ***
Total pot $0.50 | Rake $0 
Board [2c 7s Jd Qc 7h]
Seat 1: jpwag folded before Flop (didn't bet)
Seat 2: Rob Coxon folded before Flop (didn't bet)
Seat 4: jimmy119 folded before Flop (didn't bet)
Seat 5: LittleORK (button) folded before Flop (didn't bet)
Seat 6: Tuwei168 (small blind) showed [As 6d] and won ($0.50) with a pair of Sevens
Seat 7: Soupy3000 (big blind) mucked [6s 3c]
Seat 8: WakedJake folded before Flop (didn't bet)
Seat 9: Alameda22 folded before Flop (didn't bet)



PokerStars Game #19838566796:  Hold'em No Limit ($0.10/$0.25) - 2008/08/23 - 14:27:10 (ET)
Table 'Rhea' 9-max Seat #6 is the button
Seat 1: jpwag ($15.55 in chips) 
Seat 2: Rob Coxon ($13.45 in chips) 
Seat 4: jimmy119 ($26.35 in chips) 
Seat 5: LittleORK ($27.25 in chips) 
Seat 6: Tuwei168 ($25.10 in chips) 
Seat 7: Soupy3000 ($4.75 in chips) 
Seat 8: WakedJake ($25 in chips) 
Seat 9: Alameda22 ($24.65 in chips) 
Soupy3000: posts small blind $0.10
WakedJake: posts big blind $0.25
*** HOLE CARDS ***
Dealt to Alameda22 [Kh Qh]
Alameda22: folds 
jpwag: folds 
Rob Coxon: folds 
jimmy119: folds 
LittleORK: folds 
Tuwei168: folds 
Soupy3000: folds 
Uncalled bet ($0.15) returned to WakedJake
WakedJake collected $0.20 from pot
WakedJake: doesn't show hand 
*** SUMMARY ***
Total pot $0.20 | Rake $0 
Seat 1: jpwag folded before Flop (didn't bet)
Seat 2: Rob Coxon folded before Flop (didn't bet)
Seat 4: jimmy119 folded before Flop (didn't bet)
Seat 5: LittleORK folded before Flop (didn't bet)
Seat 6: Tuwei168 (button) folded before Flop (didn't bet)
Seat 7: Soupy3000 (small blind) folded before Flop
Seat 8: WakedJake (big blind) collected ($0.20)
Seat 9: Alameda22 folded before Flop (didn't bet)



PokerStars Game #19838590948:  Hold'em No Limit ($0.10/$0.25) - 2008/08/23 - 14:28:13 (ET)
Table 'Rhea' 9-max Seat #7 is the button
Seat 1: jpwag ($15.55 in chips) 
Seat 2: Rob Coxon ($13.45 in chips) 
Seat 4: jimmy119 ($26.35 in chips) 
Seat 5: LittleORK ($27.25 in chips) 
Seat 6: Tuwei168 ($25.10 in chips) 
Seat 7: Soupy3000 ($4.65 in chips) 
Seat 8: WakedJake ($25.10 in chips) 
Seat 9: Alameda22 ($24.65 in chips) 
WakedJake: posts small blind $0.10
Alameda22: posts big blind $0.25
*** HOLE CARDS ***
Dealt to Alameda22 [4s 6h]
jpwag: calls $0.25
Rob Coxon: folds 
jimmy119: folds 
LittleORK: folds 
Tuwei168: folds 
Soupy3000: folds 
WakedJake: folds 
Alameda22: checks 
*** FLOP *** [2s 8h 7d]
Alameda22: checks 
jpwag: checks 
*** TURN *** [2s 8h 7d] [Th]
Alameda22: checks 
jpwag: checks 
*** RIVER *** [2s 8h 7d Th] [Ah]
Alameda22: checks 
jpwag: checks 
*** SHOW DOWN ***
Alameda22: shows [4s 6h] (high card Ace)
jpwag: shows [Ks Qd] (high card Ace - King kicker)
jpwag collected $0.60 from pot
*** SUMMARY ***
Total pot $0.60 | Rake $0 
Board [2s 8h 7d Th Ah]
Seat 1: jpwag showed [Ks Qd] and won ($0.60) with high card Ace
Seat 2: Rob Coxon folded before Flop (didn't bet)
Seat 4: jimmy119 folded before Flop (didn't bet)
Seat 5: LittleORK folded before Flop (didn't bet)
Seat 6: Tuwei168 folded before Flop (didn't bet)
Seat 7: Soupy3000 (button) folded before Flop (didn't bet)
Seat 8: WakedJake (small blind) folded before Flop
Seat 9: Alameda22 (big blind) showed [4s 6h] and lost with high card Ace



PokerStars Game #19838616276:  Hold'em No Limit ($0.10/$0.25) - 2008/08/23 - 14:29:20 (ET)
Table 'Rhea' 9-max Seat #8 is the button
Seat 1: jpwag ($15.90 in chips) 
Seat 2: Rob Coxon ($13.45 in chips) 
Seat 4: jimmy119 ($26.35 in chips) 
Seat 5: LittleORK ($27.25 in chips) 
Seat 6: Tuwei168 ($25.10 in chips) 
Seat 7: Soupy3000 ($4.65 in chips) 
Seat 8: WakedJake ($25 in chips) 
Seat 9: Alameda22 ($24.40 in chips) 
Alameda22: posts small blind $0.10
jpwag: posts big blind $0.25
*** HOLE CARDS ***
Dealt to Alameda22 [3h Ad]
Rob Coxon: raises $0.50 to $0.75
jimmy119: folds 
LittleORK: folds 
Tuwei168: folds 
Soupy3000: folds 
WakedJake: folds 
Alameda22: folds 
jpwag: folds 
Uncalled bet ($0.50) returned to Rob Coxon
Rob Coxon collected $0.60 from pot
Rob Coxon: doesn't show hand 
*** SUMMARY ***
Total pot $0.60 | Rake $0 
Seat 1: jpwag (big blind) folded before Flop
Seat 2: Rob Coxon collected ($0.60)
Seat 4: jimmy119 folded before Flop (didn't bet)
Seat 5: LittleORK folded before Flop (didn't bet)
Seat 6: Tuwei168 folded before Flop (didn't bet)
Seat 7: Soupy3000 folded before Flop (didn't bet)
Seat 8: WakedJake (button) folded before Flop (didn't bet)
Seat 9: Alameda22 (small blind) folded before Flop



PokerStars Game #19838630724:  Hold'em No Limit ($0.10/$0.25) - 2008/08/23 - 14:29:58 (ET)
Table 'Rhea' 9-max Seat #9 is the button
Seat 1: jpwag ($15.65 in chips) 
Seat 2: Rob Coxon ($13.80 in chips) 
Seat 4: jimmy119 ($26.35 in chips) 
Seat 5: LittleORK ($27.25 in chips) 
Seat 6: Tuwei168 ($25.10 in chips) 
Seat 7: Soupy3000 ($4.65 in chips) 
Seat 8: WakedJake ($25 in chips) 
Seat 9: Alameda22 ($24.30 in chips) 
jpwag: posts small blind $0.10
Rob Coxon: posts big blind $0.25
*** HOLE CARDS ***
Dealt to Alameda22 [6c 7c]
jimmy119: folds 
jimmy119 leaves the table
realoli234 joins the table at seat #4 
LittleORK: folds 
Tuwei168: folds 
Soupy3000: raises $0.75 to $1
WakedJake: folds 
Alameda22: folds 
jpwag: folds 
Rob Coxon: folds 
Uncalled bet ($0.75) returned to Soupy3000
Soupy3000 collected $0.60 from pot
Soupy3000: doesn't show hand 
*** SUMMARY ***
Total pot $0.60 | Rake $0 
Seat 1: jpwag (small blind) folded before Flop
Seat 2: Rob Coxon (big blind) folded before Flop
Seat 4: jimmy119 folded before Flop (didn't bet)
Seat 5: LittleORK folded before Flop (didn't bet)
Seat 6: Tuwei168 folded before Flop (didn't bet)
Seat 7: Soupy3000 collected ($0.60)
Seat 8: WakedJake folded before Flop (didn't bet)
Seat 9: Alameda22 (button) folded before Flop (didn't bet)



PokerStars Game #19838660469:  Hold'em No Limit ($0.10/$0.25) - 2008/08/23 - 14:31:14 (ET)
Table 'Rhea' 9-max Seat #1 is the button
Seat 1: jpwag ($15.55 in chips) 
Seat 2: Rob Coxon ($13.55 in chips) 
Seat 4: realoli234 ($5 in chips) 
Seat 5: LittleORK ($27.25 in chips) 
Seat 6: Tuwei168 ($25.10 in chips) 
Seat 7: Soupy3000 ($5 in chips) 
Seat 8: WakedJake ($25 in chips) 
Seat 9: Alameda22 ($24.30 in chips) 
Rob Coxon: posts small blind $0.10
realoli234: posts big blind $0.25
*** HOLE CARDS ***
Dealt to Alameda22 [Kd Qh]
LittleORK: folds 
LittleORK is sitting out
Tuwei168: folds 
Soupy3000: folds 
WakedJake: calls $0.25
Alameda22: folds 
jpwag: folds 
Rob Coxon: calls $0.15
realoli234: checks 
*** FLOP *** [7c Ac 9s]
Rob Coxon: checks 
realoli234: checks 
WakedJake: checks 
*** TURN *** [7c Ac 9s] [8c]
Rob Coxon: checks 
rafaelrrpo has returned
realoli234: checks 
WakedJake: checks 
*** RIVER *** [7c Ac 9s 8c] [7h]
Rob Coxon: bets $0.75
realoli234: folds 
WakedJake: folds 
Uncalled bet ($0.75) returned to Rob Coxon
Rob Coxon collected $0.75 from pot
Rob Coxon: doesn't show hand 
*** SUMMARY ***
Total pot $0.75 | Rake $0 
Board [7c Ac 9s 8c 7h]
Seat 1: jpwag (button) folded before Flop (didn't bet)
Seat 2: Rob Coxon (small blind) collected ($0.75)
Seat 4: realoli234 (big blind) folded on the River
Seat 5: LittleORK folded before Flop (didn't bet)
Seat 6: Tuwei168 folded before Flop (didn't bet)
Seat 7: Soupy3000 folded before Flop (didn't bet)
Seat 8: WakedJake folded on the River
Seat 9: Alameda22 folded before Flop (didn't bet)



PokerStars Game #19838696916:  Hold'em No Limit ($0.10/$0.25) - 2008/08/23 - 14:32:51 (ET)
Table 'Rhea' 9-max Seat #2 is the button
Seat 1: jpwag ($15.55 in chips) 
Seat 2: Rob Coxon ($14.05 in chips) 
Seat 4: realoli234 ($4.75 in chips) 
Seat 6: Tuwei168 ($25.10 in chips) 
Seat 7: Soupy3000 ($5 in chips) 
Seat 8: WakedJake ($24.75 in chips) 
Seat 9: Alameda22 ($24.30 in chips) 
rafaelrrpo will be allowed to play after the button
realoli234: posts small blind $0.10
Tuwei168: posts big blind $0.25
*** HOLE CARDS ***
Dealt to Alameda22 [4s Th]
Soupy3000: folds 
WakedJake: folds 
Alameda22: folds 
jpwag: folds 
Rob Coxon: folds 
realoli234: folds 
Uncalled bet ($0.15) returned to Tuwei168
Tuwei168 collected $0.20 from pot
Tuwei168: doesn't show hand 
*** SUMMARY ***
Total pot $0.20 | Rake $0 
Seat 1: jpwag folded before Flop (didn't bet)
Seat 2: Rob Coxon (button) folded before Flop (didn't bet)
Seat 4: realoli234 (small blind) folded before Flop
Seat 6: Tuwei168 (big blind) collected ($0.20)
Seat 7: Soupy3000 folded before Flop (didn't bet)
Seat 8: WakedJake folded before Flop (didn't bet)
Seat 9: Alameda22 folded before Flop (didn't bet)



PokerStars Game #19838706796:  Hold'em No Limit ($0.10/$0.25) - 2008/08/23 - 14:33:17 (ET)
Table 'Rhea' 9-max Seat #4 is the button
Seat 1: jpwag ($15.55 in chips) 
Seat 2: Rob Coxon ($14.05 in chips) 
Seat 4: realoli234 ($4.65 in chips) 
Seat 6: Tuwei168 ($25.20 in chips) 
Seat 7: Soupy3000 ($5 in chips) 
Seat 8: WakedJake ($24.75 in chips) 
Seat 9: Alameda22 ($24.30 in chips) 
Tuwei168: posts small blind $0.10
Soupy3000: posts big blind $0.25
rafaelrrpo: sits out 
*** HOLE CARDS ***
Dealt to Alameda22 [Qd 4d]
WakedJake: folds 
Alameda22: folds 
jpwag: folds 
Rob Coxon: raises $0.50 to $0.75
realoli234: folds 
Tuwei168: folds 
Soupy3000: folds 
Uncalled bet ($0.50) returned to Rob Coxon
Rob Coxon collected $0.60 from pot
Rob Coxon: doesn't show hand 
*** SUMMARY ***
Total pot $0.60 | Rake $0 
Seat 1: jpwag folded before Flop (didn't bet)
Seat 2: Rob Coxon collected ($0.60)
Seat 4: realoli234 (button) folded before Flop (didn't bet)
Seat 6: Tuwei168 (small blind) folded before Flop
Seat 7: Soupy3000 (big blind) folded before Flop
Seat 8: WakedJake folded before Flop (didn't bet)
Seat 9: Alameda22 folded before Flop (didn't bet)



PokerStars Game #19838723356:  Hold'em No Limit ($0.10/$0.25) - 2008/08/23 - 14:34:01 (ET)
Table 'Rhea' 9-max Seat #6 is the button
Seat 1: jpwag ($15.55 in chips) 
Seat 2: Rob Coxon ($14.40 in chips) 
Seat 4: realoli234 ($4.65 in chips) 
Seat 6: Tuwei168 ($25.10 in chips) 
Seat 7: Soupy3000 ($4.75 in chips) 
Seat 8: WakedJake ($24.75 in chips) 
Seat 9: Alameda22 ($24.30 in chips) 
Soupy3000: posts small blind $0.10
WakedJake: posts big blind $0.25
rafaelrrpo: sits out 
*** HOLE CARDS ***
Dealt to Alameda22 [5d Qd]
Alameda22: folds 
jpwag: folds 
Rob Coxon: folds 
realoli234: folds 
Tuwei168: folds 
Soupy3000: folds 
Uncalled bet ($0.15) returned to WakedJake
WakedJake collected $0.20 from pot
WakedJake: doesn't show hand 
*** SUMMARY ***
Total pot $0.20 | Rake $0 
Seat 1: jpwag folded before Flop (didn't bet)
Seat 2: Rob Coxon folded before Flop (didn't bet)
Seat 4: realoli234 folded before Flop (didn't bet)
Seat 6: Tuwei168 (button) folded before Flop (didn't bet)
Seat 7: Soupy3000 (small blind) folded before Flop
Seat 8: WakedJake (big blind) collected ($0.20)
Seat 9: Alameda22 folded before Flop (didn't bet)



PokerStars Game #19838736433:  Hold'em No Limit ($0.10/$0.25) - 2008/08/23 - 14:34:35 (ET)
Table 'Rhea' 9-max Seat #7 is the button
Seat 1: jpwag ($15.55 in chips) 
Seat 2: Rob Coxon ($14.40 in chips) 
Seat 4: realoli234 ($4.65 in chips) 
Seat 6: Tuwei168 ($25.10 in chips) 
Seat 7: Soupy3000 ($4.65 in chips) 
Seat 8: WakedJake ($24.85 in chips) 
Seat 9: Alameda22 ($24.30 in chips) 
WakedJake: posts small blind $0.10
Alameda22: posts big blind $0.25
rafaelrrpo: sits out 
*** HOLE CARDS ***
Dealt to Alameda22 [2h Qc]
jpwag: folds 
Rob Coxon: folds 
realoli234: folds 
Tuwei168: folds 
Soupy3000: folds 
WakedJake: folds 
Uncalled bet ($0.15) returned to Alameda22
Alameda22 collected $0.20 from pot
Alameda22: doesn't show hand 
*** SUMMARY ***
Total pot $0.20 | Rake $0 
Seat 1: jpwag folded before Flop (didn't bet)
Seat 2: Rob Coxon folded before Flop (didn't bet)
Seat 4: realoli234 folded before Flop (didn't bet)
Seat 6: Tuwei168 folded before Flop (didn't bet)
Seat 7: Soupy3000 (button) folded before Flop (didn't bet)
Seat 8: WakedJake (small blind) folded before Flop
Seat 9: Alameda22 (big blind) collected ($0.20)



PokerStars Game #19838747952:  Hold'em No Limit ($0.10/$0.25) - 2008/08/23 - 14:35:05 (ET)
Table 'Rhea' 9-max Seat #8 is the button
Seat 1: jpwag ($15.55 in chips) 
Seat 2: Rob Coxon ($14.40 in chips) 
Seat 4: realoli234 ($4.65 in chips) 
Seat 6: Tuwei168 ($25.10 in chips) 
Seat 7: Soupy3000 ($4.65 in chips) 
Seat 8: WakedJake ($24.75 in chips) 
Seat 9: Alameda22 ($24.40 in chips) 
Alameda22: posts small blind $0.10
jpwag: posts big blind $0.25
rafaelrrpo: sits out 
*** HOLE CARDS ***
Dealt to Alameda22 [Qh Ks]
Rob Coxon: folds 
realoli234: folds 
Tuwei168: folds 
Soupy3000: folds 
WakedJake: folds 
Alameda22: calls $0.15
jpwag: checks 
*** FLOP *** [7s 8s Jc]
Alameda22: checks 
jpwag: checks 
*** TURN *** [7s 8s Jc] [Kd]
Alameda22: bets $0.25
jpwag: calls $0.25
*** RIVER *** [7s 8s Jc Kd] [Ah]
Alameda22: bets $0.50
jpwag: calls $0.50
*** SHOW DOWN ***
Alameda22: shows [Qh Ks] (a pair of Kings)
jpwag: shows [Kh Qd] (a pair of Kings)
Alameda22 collected $1 from pot
jpwag collected $0.95 from pot
*** SUMMARY ***
Total pot $2 | Rake $0.05 
Board [7s 8s Jc Kd Ah]
Seat 1: jpwag (big blind) showed [Kh Qd] and won ($0.95) with a pair of Kings
Seat 2: Rob Coxon folded before Flop (didn't bet)
Seat 4: realoli234 folded before Flop (didn't bet)
Seat 6: Tuwei168 folded before Flop (didn't bet)
Seat 7: Soupy3000 folded before Flop (didn't bet)
Seat 8: WakedJake (button) folded before Flop (didn't bet)
Seat 9: Alameda22 (small blind) showed [Qh Ks] and won ($1) with a pair of Kings



PokerStars Game #19838768065:  Hold'em No Limit ($0.10/$0.25) - 2008/08/23 - 14:35:58 (ET)
Table 'Rhea' 9-max Seat #9 is the button
Seat 1: jpwag ($15.50 in chips) 
Seat 2: Rob Coxon ($14.40 in chips) 
Seat 4: realoli234 ($4.65 in chips) 
Seat 6: Tuwei168 ($25.10 in chips) 
Seat 7: Soupy3000 ($4.65 in chips) 
Seat 8: WakedJake ($24.75 in chips) 
Seat 9: Alameda22 ($24.40 in chips) 
jpwag: posts small blind $0.10
Rob Coxon: posts big blind $0.25
rafaelrrpo: sits out 
*** HOLE CARDS ***
Dealt to Alameda22 [9s 5c]
realoli234: folds 
Tuwei168: folds 
Soupy3000: folds 
WakedJake: folds 
Alameda22: folds 
jpwag: calls $0.15
Rob Coxon: checks 
*** FLOP *** [Js 6h 3h]
jpwag: bets $0.50
Rob Coxon: folds 
Uncalled bet ($0.50) returned to jpwag
jpwag collected $0.50 from pot
jpwag: doesn't show hand 
*** SUMMARY ***
Total pot $0.50 | Rake $0 
Board [Js 6h 3h]
Seat 1: jpwag (small blind) collected ($0.50)
Seat 2: Rob Coxon (big blind) folded on the Flop
Seat 4: realoli234 folded before Flop (didn't bet)
Seat 6: Tuwei168 folded before Flop (didn't bet)
Seat 7: Soupy3000 folded before Flop (didn't bet)
Seat 8: WakedJake folded before Flop (didn't bet)
Seat 9: Alameda22 (button) folded before Flop (didn't bet)



PokerStars Game #19838784670:  Hold'em No Limit ($0.10/$0.25) - 2008/08/23 - 14:36:43 (ET)
Table 'Rhea' 9-max Seat #1 is the button
Seat 1: jpwag ($15.75 in chips) 
Seat 2: Rob Coxon ($14.15 in chips) 
Seat 3: rafaelrrpo ($4.65 in chips) 
Seat 4: realoli234 ($4.65 in chips) 
Seat 6: Tuwei168 ($25.10 in chips) 
Seat 7: Soupy3000 ($4.65 in chips) 
Seat 8: WakedJake ($24.75 in chips) 
Seat 9: Alameda22 ($24.40 in chips) 
Rob Coxon: posts small blind $0.10
rafaelrrpo: posts big blind $0.25
*** HOLE CARDS ***
Dealt to Alameda22 [4h Ks]
realoli234: folds 
Tuwei168: calls $0.25
Soupy3000: folds 
WakedJake: folds 
Alameda22: folds 
jpwag: folds 
Rob Coxon: calls $0.15
rafaelrrpo: checks 
*** FLOP *** [8d 6s Qh]
Rob Coxon: checks 
rafaelrrpo: checks 
Tuwei168: checks 
*** TURN *** [8d 6s Qh] [5s]
Rob Coxon: checks 
rafaelrrpo: bets $0.50
Tuwei168: folds 
Rob Coxon: folds 
Uncalled bet ($0.50) returned to rafaelrrpo
LittleORK has returned
rafaelrrpo collected $0.75 from pot
rafaelrrpo: doesn't show hand 
*** SUMMARY ***
Total pot $0.75 | Rake $0 
Board [8d 6s Qh 5s]
Seat 1: jpwag (button) folded before Flop (didn't bet)
Seat 2: Rob Coxon (small blind) folded on the Turn
Seat 3: rafaelrrpo (big blind) collected ($0.75)
Seat 4: realoli234 folded before Flop (didn't bet)
Seat 6: Tuwei168 folded on the Turn
Seat 7: Soupy3000 folded before Flop (didn't bet)
Seat 8: WakedJake folded before Flop (didn't bet)
Seat 9: Alameda22 folded before Flop (didn't bet)



PokerStars Game #19838805599:  Hold'em No Limit ($0.10/$0.25) - 2008/08/23 - 14:37:39 (ET)
Table 'Rhea' 9-max Seat #2 is the button
Seat 1: jpwag ($15.75 in chips) 
Seat 2: Rob Coxon ($13.90 in chips) 
Seat 3: rafaelrrpo ($5.15 in chips) 
Seat 4: realoli234 ($4.65 in chips) 
Seat 5: LittleORK ($27.25 in chips) 
Seat 6: Tuwei168 ($24.85 in chips) 
Seat 7: Soupy3000 ($4.65 in chips) 
Seat 8: WakedJake ($24.75 in chips) 
Seat 9: Alameda22 ($24.40 in chips) 
rafaelrrpo: posts small blind $0.10
realoli234: posts big blind $0.25
LittleORK: posts small & big blinds $0.35
*** HOLE CARDS ***
Dealt to Alameda22 [Kh 6c]
LittleORK: checks 
Tuwei168: folds 
Soupy3000: folds 
WakedJake: folds 
Alameda22: folds 
jpwag: folds 
Rob Coxon: folds 
rafaelrrpo: folds 
realoli234: checks 
*** FLOP *** [Ks Kc 6s]
realoli234: checks 
LittleORK: checks 
*** TURN *** [Ks Kc 6s] [8d]
realoli234: checks 
LittleORK: checks 
*** RIVER *** [Ks Kc 6s 8d] [5h]
realoli234: checks 
LittleORK: checks 
*** SHOW DOWN ***
realoli234: shows [3c 5s] (two pair, Kings and Fives)
Rob Coxon leaves the table
LittleORK: mucks hand 
realoli234 collected $0.70 from pot
*** SUMMARY ***
Total pot $0.70 | Rake $0 
Board [Ks Kc 6s 8d 5h]
Seat 1: jpwag folded before Flop (didn't bet)
Seat 2: Rob Coxon (button) folded before Flop (didn't bet)
Seat 3: rafaelrrpo (small blind) folded before Flop
Seat 4: realoli234 (big blind) showed [3c 5s] and won ($0.70) with two pair, Kings and Fives
Seat 5: LittleORK mucked [3d Qc]
Seat 6: Tuwei168 folded before Flop (didn't bet)
Seat 7: Soupy3000 folded before Flop (didn't bet)
Seat 8: WakedJake folded before Flop (didn't bet)
Seat 9: Alameda22 folded before Flop (didn't bet)



PokerStars Game #19838831518:  Hold'em No Limit ($0.10/$0.25) - 2008/08/23 - 14:38:48 (ET)
Table 'Rhea' 9-max Seat #3 is the button
Seat 1: jpwag ($15.75 in chips) 
Seat 3: rafaelrrpo ($5.05 in chips) 
Seat 4: realoli234 ($5.10 in chips) 
Seat 5: LittleORK ($26.90 in chips) 
Seat 6: Tuwei168 ($24.85 in chips) 
Seat 7: Soupy3000 ($4.65 in chips) 
Seat 8: WakedJake ($24.75 in chips) 
Seat 9: Alameda22 ($24.40 in chips) 
realoli234: posts small blind $0.10
LittleORK: posts big blind $0.25
*** HOLE CARDS ***
Dealt to Alameda22 [7h Ac]
Tuwei168: folds 
Soupy3000: folds 
WakedJake: folds 
Alameda22: folds 
jpwag: folds 
rafaelrrpo: folds 
realoli234: folds 
Uncalled bet ($0.15) returned to LittleORK
LittleORK collected $0.20 from pot
*** SUMMARY ***
Total pot $0.20 | Rake $0 
Seat 1: jpwag folded before Flop (didn't bet)
Seat 3: rafaelrrpo (button) folded before Flop (didn't bet)
Seat 4: realoli234 (small blind) folded before Flop
Seat 5: LittleORK (big blind) collected ($0.20)
Seat 6: Tuwei168 folded before Flop (didn't bet)
Seat 7: Soupy3000 folded before Flop (didn't bet)
Seat 8: WakedJake folded before Flop (didn't bet)
Seat 9: Alameda22 folded before Flop (didn't bet)



PokerStars Game #19838841722:  Hold'em No Limit ($0.10/$0.25) - 2008/08/23 - 14:39:15 (ET)
Table 'Rhea' 9-max Seat #4 is the button
Seat 1: jpwag ($15.75 in chips) 
Seat 3: rafaelrrpo ($5.05 in chips) 
Seat 4: realoli234 ($5 in chips) 
Seat 5: LittleORK ($27 in chips) 
Seat 6: Tuwei168 ($24.85 in chips) 
Seat 7: Soupy3000 ($4.65 in chips) 
Seat 8: WakedJake ($24.75 in chips) 
Seat 9: Alameda22 ($24.40 in chips) 
LittleORK: posts small blind $0.10
Tuwei168: posts big blind $0.25
*** HOLE CARDS ***
Dealt to Alameda22 [As 8h]
Tony Lagon joins the table at seat #2 
Soupy3000: folds 
WakedJake: calls $0.25
Alameda22: folds 
jpwag: folds 
Tony Lagon leaves the table
rafaelrrpo: raises $0.75 to $1
realoli234: folds 
LittleORK: folds 
Tuwei168: folds 
WakedJake: folds 
Uncalled bet ($0.75) returned to rafaelrrpo
rafaelrrpo collected $0.85 from pot
rafaelrrpo: doesn't show hand 
*** SUMMARY ***
Total pot $0.85 | Rake $0 
Seat 1: jpwag folded before Flop (didn't bet)
Seat 3: rafaelrrpo collected ($0.85)
Seat 4: realoli234 (button) folded before Flop (didn't bet)
Seat 5: LittleORK (small blind) folded before Flop
Seat 6: Tuwei168 (big blind) folded before Flop
Seat 7: Soupy3000 folded before Flop (didn't bet)
Seat 8: WakedJake folded before Flop
Seat 9: Alameda22 folded before Flop (didn't bet)



PokerStars Game #19838857796:  Hold'em No Limit ($0.10/$0.25) - 2008/08/23 - 14:39:58 (ET)
Table 'Rhea' 9-max Seat #5 is the button
Seat 1: jpwag ($15.75 in chips) 
Seat 3: rafaelrrpo ($5.65 in chips) 
Seat 4: realoli234 ($5 in chips) 
Seat 5: LittleORK ($26.90 in chips) 
Seat 6: Tuwei168 ($24.60 in chips) 
Seat 7: Soupy3000 ($4.65 in chips) 
Seat 8: WakedJake ($24.50 in chips) 
Seat 9: Alameda22 ($24.40 in chips) 
Tuwei168: posts small blind $0.10
Soupy3000: posts big blind $0.25
*** HOLE CARDS ***
Dealt to Alameda22 [4h Ac]
WakedJake: folds 
Alameda22: folds 
jpwag: calls $0.25
rafaelrrpo: folds 
realoli234: folds 
LittleORK: folds 
Tuwei168: calls $0.15
Soupy3000: raises $0.75 to $1
jpwag: folds 
Tuwei168: folds 
Uncalled bet ($0.75) returned to Soupy3000
Soupy3000 collected $0.75 from pot
Soupy3000: doesn't show hand 
RRDiddy joins the table at seat #2 
*** SUMMARY ***
Total pot $0.75 | Rake $0 
Seat 1: jpwag folded before Flop
Seat 3: rafaelrrpo folded before Flop (didn't bet)
Seat 4: realoli234 folded before Flop (didn't bet)
Seat 5: LittleORK (button) folded before Flop (didn't bet)
Seat 6: Tuwei168 (small blind) folded before Flop
Seat 7: Soupy3000 (big blind) collected ($0.75)
Seat 8: WakedJake folded before Flop (didn't bet)
Seat 9: Alameda22 folded before Flop (didn't bet)



PokerStars Game #19838878951:  Hold'em No Limit ($0.10/$0.25) - 2008/08/23 - 14:40:52 (ET)
Table 'Rhea' 9-max Seat #6 is the button
Seat 1: jpwag ($15.50 in chips) 
Seat 2: RRDiddy ($15 in chips) 
Seat 3: rafaelrrpo ($5.65 in chips) 
Seat 4: realoli234 ($5 in chips) 
Seat 5: LittleORK ($26.90 in chips) 
Seat 6: Tuwei168 ($24.35 in chips) 
Seat 7: Soupy3000 ($5.15 in chips) 
Seat 8: WakedJake ($24.50 in chips) 
Seat 9: Alameda22 ($24.40 in chips) 
Soupy3000: posts small blind $0.10
WakedJake: posts big blind $0.25
RRDiddy: posts big blind $0.25
*** HOLE CARDS ***
Dealt to Alameda22 [Jc 6d]
Alameda22: folds 
jpwag: folds 
RRDiddy: checks 
rafaelrrpo: folds 
realoli234: folds 
LittleORK: raises $0.50 to $0.75
Tuwei168: folds 
Soupy3000: folds 
WakedJake: folds 
RRDiddy: folds 
Uncalled bet ($0.50) returned to LittleORK
LittleORK collected $0.85 from pot
*** SUMMARY ***
Total pot $0.85 | Rake $0 
Seat 1: jpwag folded before Flop (didn't bet)
Seat 2: RRDiddy folded before Flop
Seat 3: rafaelrrpo folded before Flop (didn't bet)
Seat 4: realoli234 folded before Flop (didn't bet)
Seat 5: LittleORK collected ($0.85)
Seat 6: Tuwei168 (button) folded before Flop (didn't bet)
Seat 7: Soupy3000 (small blind) folded before Flop
Seat 8: WakedJake (big blind) folded before Flop
Seat 9: Alameda22 folded before Flop (didn't bet)



PokerStars Game #19838901080:  Hold'em No Limit ($0.10/$0.25) - 2008/08/23 - 14:41:50 (ET)
Table 'Rhea' 9-max Seat #7 is the button
Seat 1: jpwag ($15.50 in chips) 
Seat 2: RRDiddy ($14.75 in chips) 
Seat 3: rafaelrrpo ($5.65 in chips) 
Seat 4: realoli234 ($5 in chips) 
Seat 5: LittleORK ($27.50 in chips) 
Seat 6: Tuwei168 ($24.35 in chips) 
Seat 7: Soupy3000 ($5.05 in chips) 
Seat 8: WakedJake ($24.25 in chips) 
Seat 9: Alameda22 ($24.40 in chips) 
WakedJake: posts small blind $0.10
Alameda22: posts big blind $0.25
*** HOLE CARDS ***
Dealt to Alameda22 [5s Qs]
jpwag: folds 
RRDiddy: folds 
rafaelrrpo: folds 
realoli234: folds 
LittleORK: folds 
Tuwei168: folds 
Soupy3000: folds 
WakedJake: folds 
Uncalled bet ($0.15) returned to Alameda22
Alameda22 collected $0.20 from pot
Alameda22: doesn't show hand 
*** SUMMARY ***
Total pot $0.20 | Rake $0 
Seat 1: jpwag folded before Flop (didn't bet)
Seat 2: RRDiddy folded before Flop (didn't bet)
Seat 3: rafaelrrpo folded before Flop (didn't bet)
Seat 4: realoli234 folded before Flop (didn't bet)
Seat 5: LittleORK folded before Flop (didn't bet)
Seat 6: Tuwei168 folded before Flop (didn't bet)
Seat 7: Soupy3000 (button) folded before Flop (didn't bet)
Seat 8: WakedJake (small blind) folded before Flop
Seat 9: Alameda22 (big blind) collected ($0.20)



PokerStars Game #19838912944:  Hold'em No Limit ($0.10/$0.25) - 2008/08/23 - 14:42:21 (ET)
Table 'Rhea' 9-max Seat #8 is the button
Seat 1: jpwag ($15.50 in chips) 
Seat 2: RRDiddy ($14.75 in chips) 
Seat 3: rafaelrrpo ($5.65 in chips) 
Seat 4: realoli234 ($5 in chips) 
Seat 5: LittleORK ($27.50 in chips) 
Seat 6: Tuwei168 ($24.35 in chips) 
Seat 7: Soupy3000 ($5.05 in chips) 
Seat 8: WakedJake ($24.15 in chips) 
Seat 9: Alameda22 ($24.50 in chips) 
Alameda22: posts small blind $0.10
jpwag: posts big blind $0.25
*** HOLE CARDS ***
Dealt to Alameda22 [Qs 7c]
RRDiddy: folds 
rafaelrrpo: folds 
realoli234: folds 
LittleORK: folds 
Tuwei168: folds 
Soupy3000: folds 
WakedJake: folds 
Alameda22: folds 
Uncalled bet ($0.15) returned to jpwag
jpwag collected $0.20 from pot
jpwag: doesn't show hand 
*** SUMMARY ***
Total pot $0.20 | Rake $0 
Seat 1: jpwag (big blind) collected ($0.20)
Seat 2: RRDiddy folded before Flop (didn't bet)
Seat 3: rafaelrrpo folded before Flop (didn't bet)
Seat 4: realoli234 folded before Flop (didn't bet)
Seat 5: LittleORK folded before Flop (didn't bet)
Seat 6: Tuwei168 folded before Flop (didn't bet)
Seat 7: Soupy3000 folded before Flop (didn't bet)
Seat 8: WakedJake (button) folded before Flop (didn't bet)
Seat 9: Alameda22 (small blind) folded before Flop



PokerStars Game #19838930887:  Hold'em No Limit ($0.10/$0.25) - 2008/08/23 - 14:43:07 (ET)
Table 'Rhea' 9-max Seat #9 is the button
Seat 1: jpwag ($15.60 in chips) 
Seat 2: RRDiddy ($14.75 in chips) 
Seat 3: rafaelrrpo ($5.65 in chips) 
Seat 4: realoli234 ($5 in chips) 
Seat 5: LittleORK ($27.50 in chips) 
Seat 6: Tuwei168 ($24.35 in chips) 
Seat 7: Soupy3000 ($5.05 in chips) 
Seat 8: WakedJake ($24.15 in chips) 
Seat 9: Alameda22 ($24.40 in chips) 
jpwag: posts small blind $0.10
RRDiddy: posts big blind $0.25
*** HOLE CARDS ***
Dealt to Alameda22 [Td Th]
rafaelrrpo: folds 
realoli234: folds 
LittleORK: folds 
Tuwei168: folds 
Soupy3000: calls $0.25
WakedJake: calls $0.25
Alameda22: raises $1 to $1.25
jpwag: folds 
RRDiddy: folds 
Soupy3000: folds 
WakedJake: folds 
Uncalled bet ($1) returned to Alameda22
jpwag leaves the table
Alameda22 collected $1.10 from pot
Alameda22: doesn't show hand 
*** SUMMARY ***
Total pot $1.10 | Rake $0 
Seat 1: jpwag (small blind) folded before Flop
Seat 2: RRDiddy (big blind) folded before Flop
Seat 3: rafaelrrpo folded before Flop (didn't bet)
Seat 4: realoli234 folded before Flop (didn't bet)
Seat 5: LittleORK folded before Flop (didn't bet)
Seat 6: Tuwei168 folded before Flop (didn't bet)
Seat 7: Soupy3000 folded before Flop
Seat 8: WakedJake folded before Flop
Seat 9: Alameda22 (button) collected ($1.10)



PokerStars Game #19838957141:  Hold'em No Limit ($0.10/$0.25) - 2008/08/23 - 14:44:15 (ET)
Table 'Rhea' 9-max Seat #2 is the button
Seat 2: RRDiddy ($14.50 in chips) 
Seat 3: rafaelrrpo ($5.65 in chips) 
Seat 4: realoli234 ($5 in chips) 
Seat 5: LittleORK ($27.50 in chips) 
Seat 6: Tuwei168 ($24.35 in chips) 
Seat 7: Soupy3000 ($4.80 in chips) 
Seat 8: WakedJake ($23.90 in chips) 
Seat 9: Alameda22 ($25.25 in chips) 
rafaelrrpo: posts small blind $0.10
realoli234: posts big blind $0.25
*** HOLE CARDS ***
Dealt to Alameda22 [2d 5s]
LittleORK: folds 
Tuwei168: folds 
Soupy3000: folds 
WakedJake: folds 
Alameda22: folds 
RRDiddy: folds 
rafaelrrpo: folds 
Uncalled bet ($0.15) returned to realoli234
realoli234 collected $0.20 from pot
realoli234: doesn't show hand 
*** SUMMARY ***
Total pot $0.20 | Rake $0 
Seat 2: RRDiddy (button) folded before Flop (didn't bet)
Seat 3: rafaelrrpo (small blind) folded before Flop
Seat 4: realoli234 (big blind) collected ($0.20)
Seat 5: LittleORK folded before Flop (didn't bet)
Seat 6: Tuwei168 folded before Flop (didn't bet)
Seat 7: Soupy3000 folded before Flop (didn't bet)
Seat 8: WakedJake folded before Flop (didn't bet)
Seat 9: Alameda22 folded before Flop (didn't bet)



PokerStars Game #19838969190:  Hold'em No Limit ($0.10/$0.25) - 2008/08/23 - 14:44:46 (ET)
Table 'Rhea' 9-max Seat #3 is the button
Seat 2: RRDiddy ($14.50 in chips) 
Seat 3: rafaelrrpo ($5.55 in chips) 
Seat 4: realoli234 ($5.10 in chips) 
Seat 5: LittleORK ($27.50 in chips) 
Seat 6: Tuwei168 ($24.35 in chips) 
Seat 7: Soupy3000 ($4.80 in chips) 
Seat 8: WakedJake ($23.90 in chips) 
Seat 9: Alameda22 ($25.25 in chips) 
realoli234: posts small blind $0.10
LittleORK: posts big blind $0.25
*** HOLE CARDS ***
Dealt to Alameda22 [3h 9c]
Tuwei168: folds 
Soupy3000: folds 
WakedJake: folds 
Alameda22: folds 
RRDiddy: folds 
rafaelrrpo: raises $0.75 to $1
realoli234: folds 
LittleORK: folds 
Uncalled bet ($0.75) returned to rafaelrrpo
rafaelrrpo collected $0.60 from pot
rafaelrrpo: doesn't show hand 
*** SUMMARY ***
Total pot $0.60 | Rake $0 
Seat 2: RRDiddy folded before Flop (didn't bet)
Seat 3: rafaelrrpo (button) collected ($0.60)
Seat 4: realoli234 (small blind) folded before Flop
Seat 5: LittleORK (big blind) folded before Flop
Seat 6: Tuwei168 folded before Flop (didn't bet)
Seat 7: Soupy3000 folded before Flop (didn't bet)
Seat 8: WakedJake folded before Flop (didn't bet)
Seat 9: Alameda22 folded before Flop (didn't bet)



PokerStars Game #19838981523:  Hold'em No Limit ($0.10/$0.25) - 2008/08/23 - 14:45:18 (ET)
Table 'Rhea' 9-max Seat #4 is the button
Seat 2: RRDiddy ($14.50 in chips) 
Seat 3: rafaelrrpo ($5.90 in chips) 
Seat 4: realoli234 ($5 in chips) 
Seat 5: LittleORK ($27.25 in chips) 
Seat 6: Tuwei168 ($24.35 in chips) 
Seat 7: Soupy3000 ($4.80 in chips) 
Seat 8: WakedJake ($23.90 in chips) 
Seat 9: Alameda22 ($25.25 in chips) 
LittleORK: posts small blind $0.10
Tuwei168: posts big blind $0.25
*** HOLE CARDS ***
Dealt to Alameda22 [6c Jd]
Soupy3000: folds 
WakedJake: calls $0.25
Alameda22: folds 
RRDiddy: calls $0.25
rafaelrrpo: folds 
realoli234: folds 
LittleORK: calls $0.15
Tuwei168: checks 
*** FLOP *** [Kc Qh As]
LittleORK: checks 
Tuwei168: checks 
WakedJake: checks 
RRDiddy: checks 
*** TURN *** [Kc Qh As] [9c]
LittleORK: checks 
Tuwei168: checks 
WakedJake: checks 
RRDiddy: checks 
*** RIVER *** [Kc Qh As 9c] [Ac]
LittleORK: checks 
Tuwei168: checks 
WakedJake: checks 
RRDiddy: checks 
*** SHOW DOWN ***
LittleORK: shows [2d 2c] (two pair, Aces and Deuces)
Tuwei168: mucks hand 
WakedJake: shows [6d 6h] (two pair, Aces and Sixes)
RRDiddy: shows [7h 7d] (two pair, Aces and Sevens)
RRDiddy collected $0.95 from pot
*** SUMMARY ***
Total pot $1 | Rake $0.05 
Board [Kc Qh As 9c Ac]
Seat 2: RRDiddy showed [7h 7d] and won ($0.95) with two pair, Aces and Sevens
Seat 3: rafaelrrpo folded before Flop (didn't bet)
Seat 4: realoli234 (button) folded before Flop (didn't bet)
Seat 5: LittleORK (small blind) showed [2d 2c] and lost with two pair, Aces and Deuces
Seat 6: Tuwei168 (big blind) mucked [4s 5c]
Seat 7: Soupy3000 folded before Flop (didn't bet)
Seat 8: WakedJake showed [6d 6h] and lost with two pair, Aces and Sixes
Seat 9: Alameda22 folded before Flop (didn't bet)



PokerStars Game #19839015246:  Hold'em No Limit ($0.10/$0.25) - 2008/08/23 - 14:46:42 (ET)
Table 'Rhea' 9-max Seat #5 is the button
Seat 2: RRDiddy ($15.20 in chips) 
Seat 3: rafaelrrpo ($5.90 in chips) 
Seat 4: realoli234 ($5 in chips) 
Seat 5: LittleORK ($27 in chips) 
Seat 6: Tuwei168 ($24.10 in chips) 
Seat 7: Soupy3000 ($4.80 in chips) 
Seat 8: WakedJake ($25 in chips) 
Seat 9: Alameda22 ($25.25 in chips) 
Tuwei168: posts small blind $0.10
Soupy3000: posts big blind $0.25
*** HOLE CARDS ***
Dealt to Alameda22 [2h Ac]
WakedJake: folds 
Alameda22: folds 
RRDiddy: folds 
rafaelrrpo: folds 
realoli234: folds 
LittleORK: calls $0.25
Tuwei168: calls $0.15
Soupy3000: checks 
*** FLOP *** [3c 2d 9c]
brascofeva joins the table at seat #1 
Tuwei168: checks 
Soupy3000: checks 
LittleORK: checks 
*** TURN *** [3c 2d 9c] [Ks]
Tuwei168: checks 
Soupy3000: checks 
LittleORK: checks 
*** RIVER *** [3c 2d 9c Ks] [Ah]
Tuwei168: checks 
Soupy3000: checks 
LittleORK: checks 
*** SHOW DOWN ***
Tuwei168: shows [Jh Ts] (high card Ace)
Soupy3000: mucks hand 
LittleORK: shows [Td Qs] (high card Ace - King+Queen kicker)
LittleORK collected $0.75 from pot
*** SUMMARY ***
Total pot $0.75 | Rake $0 
Board [3c 2d 9c Ks Ah]
Seat 2: RRDiddy folded before Flop (didn't bet)
Seat 3: rafaelrrpo folded before Flop (didn't bet)
Seat 4: realoli234 folded before Flop (didn't bet)
Seat 5: LittleORK (button) showed [Td Qs] and won ($0.75) with high card Ace
Seat 6: Tuwei168 (small blind) showed [Jh Ts] and lost with high card Ace
Seat 7: Soupy3000 (big blind) mucked [6c Th]
Seat 8: WakedJake folded before Flop (didn't bet)
Seat 9: Alameda22 folded before Flop (didn't bet)



PokerStars Game #19839048241:  Hold'em No Limit ($0.10/$0.25) - 2008/08/23 - 14:48:05 (ET)
Table 'Rhea' 9-max Seat #6 is the button
Seat 1: brascofeva ($10 in chips) 
Seat 2: RRDiddy ($15.20 in chips) 
Seat 3: rafaelrrpo ($5.90 in chips) 
Seat 4: realoli234 ($5 in chips) 
Seat 5: LittleORK ($27.50 in chips) 
Seat 6: Tuwei168 ($23.85 in chips) 
Seat 7: Soupy3000 ($4.55 in chips) 
Seat 8: WakedJake ($25 in chips) 
Seat 9: Alameda22 ($25.25 in chips) 
Soupy3000: posts small blind $0.10
WakedJake: posts big blind $0.25
brascofeva: posts big blind $0.25
*** HOLE CARDS ***
Dealt to Alameda22 [Ad 7c]
Alameda22: folds 
brascofeva: checks 
RRDiddy: raises $1 to $1.25
rafaelrrpo: folds 
realoli234: folds 
LittleORK: folds 
Tuwei168: folds 
Soupy3000: folds 
WakedJake: folds 
brascofeva: folds 
Uncalled bet ($1) returned to RRDiddy
RRDiddy collected $0.85 from pot
RRDiddy: doesn't show hand 
*** SUMMARY ***
Total pot $0.85 | Rake $0 
Seat 1: brascofeva folded before Flop
Seat 2: RRDiddy collected ($0.85)
Seat 3: rafaelrrpo folded before Flop (didn't bet)
Seat 4: realoli234 folded before Flop (didn't bet)
Seat 5: LittleORK folded before Flop (didn't bet)
Seat 6: Tuwei168 (button) folded before Flop (didn't bet)
Seat 7: Soupy3000 (small blind) folded before Flop
Seat 8: WakedJake (big blind) folded before Flop
Seat 9: Alameda22 folded before Flop (didn't bet)



PokerStars Game #19839064976:  Hold'em No Limit ($0.10/$0.25) - 2008/08/23 - 14:48:46 (ET)
Table 'Rhea' 9-max Seat #7 is the button
Seat 1: brascofeva ($9.75 in chips) 
Seat 2: RRDiddy ($15.80 in chips) 
Seat 3: rafaelrrpo ($5.90 in chips) 
Seat 4: realoli234 ($5 in chips) 
Seat 5: LittleORK ($27.50 in chips) 
Seat 6: Tuwei168 ($23.85 in chips) 
Seat 7: Soupy3000 ($4.45 in chips) 
Seat 8: WakedJake ($24.75 in chips) 
Seat 9: Alameda22 ($25.25 in chips) 
WakedJake: posts small blind $0.10
Alameda22: posts big blind $0.25
*** HOLE CARDS ***
Dealt to Alameda22 [Th Jd]
brascofeva: folds 
RRDiddy: folds 
rafaelrrpo: folds 
realoli234: folds 
LittleORK: calls $0.25
Tuwei168: folds 
Soupy3000: folds 
WakedJake: calls $0.15
Alameda22: checks 
*** FLOP *** [9s Qc Ks]
WakedJake: checks 
Alameda22: bets $0.50
LittleORK: raises $1 to $1.50
WakedJake: folds 
Alameda22: raises $2.50 to $4
LittleORK: calls $2.50
*** TURN *** [9s Qc Ks] [3s]
Alameda22: bets $5.75
LittleORK: calls $5.75
*** RIVER *** [9s Qc Ks 3s] [Jh]
Alameda22: bets $15.25 and is all-in
LittleORK: calls $15.25
*** SHOW DOWN ***
Alameda22: shows [Th Jd] (a straight, Nine to King)
LittleORK: shows [Qs Js] (a flush, King high)
LittleORK collected $48.30 from pot
*** SUMMARY ***
Total pot $50.75 | Rake $2.45 
Board [9s Qc Ks 3s Jh]
Seat 1: brascofeva folded before Flop (didn't bet)
Seat 2: RRDiddy folded before Flop (didn't bet)
Seat 3: rafaelrrpo folded before Flop (didn't bet)
Seat 4: realoli234 folded before Flop (didn't bet)
Seat 5: LittleORK showed [Qs Js] and won ($48.30) with a flush, King high
Seat 6: Tuwei168 folded before Flop (didn't bet)
Seat 7: Soupy3000 (button) folded before Flop (didn't bet)
Seat 8: WakedJake (small blind) folded on the Flop
Seat 9: Alameda22 (big blind) showed [Th Jd] and lost with a straight, Nine to King



PokerStars Game #19839135631:  Hold'em No Limit ($0.10/$0.25) - 2008/08/23 - 14:51:43 (ET)
Table 'Rhea' 9-max Seat #1 is the button
Seat 1: brascofeva ($10 in chips) 
Seat 2: RRDiddy ($15.55 in chips) 
Seat 3: rafaelrrpo ($5.90 in chips) 
Seat 4: realoli234 ($5 in chips) 
Seat 5: LittleORK ($50.55 in chips) 
Seat 6: Tuwei168 ($23.85 in chips) 
Seat 7: Soupy3000 ($4.45 in chips) 
Seat 8: WakedJake ($24.50 in chips) 
Seat 9: Alameda22 ($25 in chips) 
RRDiddy: posts small blind $0.10
rafaelrrpo: posts big blind $0.25
Alameda22: posts small blind $0.10
*** HOLE CARDS ***
Dealt to Alameda22 [8d 3c]
realoli234: folds 
LittleORK: folds 
LittleORK is sitting out
Tuwei168: folds 
Soupy3000: folds 
WakedJake: folds 
Alameda22: folds 
brascofeva: calls $0.25
RRDiddy: folds 
rafaelrrpo: checks 
*** FLOP *** [6c 9s 9h]
rafaelrrpo: bets $0.50
brascofeva: folds 
Uncalled bet ($0.50) returned to rafaelrrpo
rafaelrrpo collected $0.70 from pot
*** SUMMARY ***
Total pot $0.70 | Rake $0 
Board [6c 9s 9h]
Seat 1: brascofeva (button) folded on the Flop
Seat 2: RRDiddy (small blind) folded before Flop
Seat 3: rafaelrrpo (big blind) collected ($0.70)
Seat 4: realoli234 folded before Flop (didn't bet)
Seat 5: LittleORK folded before Flop (didn't bet)
Seat 6: Tuwei168 folded before Flop (didn't bet)
Seat 7: Soupy3000 folded before Flop (didn't bet)
Seat 8: WakedJake folded before Flop (didn't bet)
Seat 9: Alameda22 folded before Flop



PokerStars Game #19839177988:  Hold'em No Limit ($0.10/$0.25) - 2008/08/23 - 14:53:29 (ET)
Table 'Rhea' 9-max Seat #2 is the button
Seat 1: brascofeva ($9.75 in chips) 
Seat 2: RRDiddy ($15.45 in chips) 
Seat 3: rafaelrrpo ($6.35 in chips) 
Seat 6: Tuwei168 ($23.85 in chips) 
Seat 7: Soupy3000 ($4.45 in chips) 
Seat 8: WakedJake ($24.50 in chips) 
Seat 9: Alameda22 ($24.90 in chips) 
rafaelrrpo: posts small blind $0.10
realoli234: is sitting out 
Tuwei168: posts big blind $0.25
*** HOLE CARDS ***
Dealt to Alameda22 [Jd 5c]
realoli234 leaves the table
Soupy3000: raises $0.75 to $1
WakedJake: folds 
Alameda22: folds 
brascofeva: folds 
RRDiddy: folds 
rafaelrrpo: folds 
Tuwei168: folds 
Uncalled bet ($0.75) returned to Soupy3000
Soupy3000 collected $0.60 from pot
Soupy3000: doesn't show hand 
*** SUMMARY ***
Total pot $0.60 | Rake $0 
Seat 1: brascofeva folded before Flop (didn't bet)
Seat 2: RRDiddy (button) folded before Flop (didn't bet)
Seat 3: rafaelrrpo (small blind) folded before Flop
Seat 6: Tuwei168 (big blind) folded before Flop
Seat 7: Soupy3000 collected ($0.60)
Seat 8: WakedJake folded before Flop (didn't bet)
Seat 9: Alameda22 folded before Flop (didn't bet)



PokerStars Game #19839194787:  Hold'em No Limit ($0.10/$0.25) - 2008/08/23 - 14:54:11 (ET)
Table 'Rhea' 9-max Seat #3 is the button
Seat 1: brascofeva ($9.75 in chips) 
Seat 2: RRDiddy ($15.45 in chips) 
Seat 3: rafaelrrpo ($6.25 in chips) 
Seat 6: Tuwei168 ($23.60 in chips) 
Seat 7: Soupy3000 ($4.80 in chips) 
Seat 8: WakedJake ($24.50 in chips) 
Seat 9: Alameda22 ($24.90 in chips) 
Tuwei168: posts small blind $0.10
Soupy3000: posts big blind $0.25
*** HOLE CARDS ***
Dealt to Alameda22 [7d Tc]
WakedJake: folds 
Alameda22: folds 
brascofeva: calls $0.25
RRDiddy: folds 
rafaelrrpo: folds 
Tuwei168: folds 
Soupy3000: checks 
*** FLOP *** [9h Qd Th]
Soupy3000: bets $1
brascofeva: calls $1
*** TURN *** [9h Qd Th] [8s]
STEALurM0NEY joins the table at seat #4 
Soupy3000: checks 
brascofeva: checks 
*** RIVER *** [9h Qd Th 8s] [6c]
Soupy3000: checks 
brascofeva: checks 
*** SHOW DOWN ***
Soupy3000: shows [Qs As] (a pair of Queens)
brascofeva: mucks hand 
Soupy3000 collected $2.50 from pot
*** SUMMARY ***
Total pot $2.60 | Rake $0.10 
Board [9h Qd Th 8s 6c]
Seat 1: brascofeva mucked [5h Ah]
Seat 2: RRDiddy folded before Flop (didn't bet)
Seat 3: rafaelrrpo (button) folded before Flop (didn't bet)
Seat 6: Tuwei168 (small blind) folded before Flop
Seat 7: Soupy3000 (big blind) showed [Qs As] and won ($2.50) with a pair of Queens
Seat 8: WakedJake folded before Flop (didn't bet)
Seat 9: Alameda22 folded before Flop (didn't bet)



PokerStars Game #19839226827:  Hold'em No Limit ($0.10/$0.25) - 2008/08/23 - 14:55:32 (ET)
Table 'Rhea' 9-max Seat #6 is the button
Seat 1: brascofeva ($8.50 in chips) 
Seat 2: RRDiddy ($15.45 in chips) 
Seat 3: rafaelrrpo ($6.25 in chips) 
Seat 6: Tuwei168 ($23.50 in chips) 
Seat 7: Soupy3000 ($6.05 in chips) 
Seat 8: WakedJake ($24.50 in chips) 
Seat 9: Alameda22 ($24.90 in chips) 
Soupy3000: posts small blind $0.10
WakedJake: posts big blind $0.25
STEALurM0NEY: sits out 
*** HOLE CARDS ***
Dealt to Alameda22 [2c Tc]
Alameda22: folds 
brascofeva: calls $0.25
RRDiddy: folds 
rafaelrrpo: raises $1 to $1.25
Tuwei168: folds 
Soupy3000: folds 
WakedJake: folds 
brascofeva: folds 
Uncalled bet ($1) returned to rafaelrrpo
rafaelrrpo collected $0.85 from pot
rafaelrrpo: doesn't show hand 
*** SUMMARY ***
Total pot $0.85 | Rake $0 
Seat 1: brascofeva folded before Flop
Seat 2: RRDiddy folded before Flop (didn't bet)
Seat 3: rafaelrrpo collected ($0.85)
Seat 6: Tuwei168 (button) folded before Flop (didn't bet)
Seat 7: Soupy3000 (small blind) folded before Flop
Seat 8: WakedJake (big blind) folded before Flop
Seat 9: Alameda22 folded before Flop (didn't bet)



PokerStars Game #19839250079:  Hold'em No Limit ($0.10/$0.25) - 2008/08/23 - 14:56:31 (ET)
Table 'Rhea' 9-max Seat #7 is the button
Seat 1: brascofeva ($8.25 in chips) 
Seat 2: RRDiddy ($15.45 in chips) 
Seat 3: rafaelrrpo ($6.85 in chips) 
Seat 6: Tuwei168 ($23.50 in chips) 
Seat 7: Soupy3000 ($5.95 in chips) 
Seat 8: WakedJake ($24.25 in chips) 
Seat 9: Alameda22 ($24.90 in chips) 
WakedJake: posts small blind $0.10
Alameda22: posts big blind $0.25
STEALurM0NEY: sits out 
*** HOLE CARDS ***
Dealt to Alameda22 [Qc 8h]
brascofeva: folds 
RRDiddy: folds 
rafaelrrpo: folds 
Tuwei168: folds 
Soupy3000: folds 
WakedJake: calls $0.15
Alameda22: checks 
*** FLOP *** [Ah 5h As]
WakedJake: bets $0.50
Alameda22: folds 
Uncalled bet ($0.50) returned to WakedJake
WakedJake collected $0.50 from pot
WakedJake: doesn't show hand 
*** SUMMARY ***
Total pot $0.50 | Rake $0 
Board [Ah 5h As]
Seat 1: brascofeva folded before Flop (didn't bet)
Seat 2: RRDiddy folded before Flop (didn't bet)
Seat 3: rafaelrrpo folded before Flop (didn't bet)
Seat 6: Tuwei168 folded before Flop (didn't bet)
Seat 7: Soupy3000 (button) folded before Flop (didn't bet)
Seat 8: WakedJake (small blind) collected ($0.50)
Seat 9: Alameda22 (big blind) folded on the Flop



PokerStars Game #19839274641:  Hold'em No Limit ($0.10/$0.25) - 2008/08/23 - 14:57:33 (ET)
Table 'Rhea' 9-max Seat #8 is the button
Seat 1: brascofeva ($8.25 in chips) 
Seat 2: RRDiddy ($15.45 in chips) 
Seat 3: rafaelrrpo ($6.85 in chips) 
Seat 6: Tuwei168 ($23.50 in chips) 
Seat 7: Soupy3000 ($5.95 in chips) 
Seat 8: WakedJake ($25 in chips) 
Seat 9: Alameda22 ($24.65 in chips) 
Alameda22: posts small blind $0.10
brascofeva: posts big blind $0.25
STEALurM0NEY: sits out 
*** HOLE CARDS ***
Dealt to Alameda22 [7c 2d]
RRDiddy: folds 
rafaelrrpo: folds 
Tuwei168: folds 
Soupy3000: folds 
WakedJake: raises $0.50 to $0.75
Alameda22: folds 
brascofeva: folds 
Uncalled bet ($0.50) returned to WakedJake
WakedJake collected $0.60 from pot
WakedJake: doesn't show hand 
*** SUMMARY ***
Total pot $0.60 | Rake $0 
Seat 1: brascofeva (big blind) folded before Flop
Seat 2: RRDiddy folded before Flop (didn't bet)
Seat 3: rafaelrrpo folded before Flop (didn't bet)
Seat 6: Tuwei168 folded before Flop (didn't bet)
Seat 7: Soupy3000 folded before Flop (didn't bet)
Seat 8: WakedJake (button) collected ($0.60)
Seat 9: Alameda22 (small blind) folded before Flop



PokerStars Game #19839297172:  Hold'em No Limit ($0.10/$0.25) - 2008/08/23 - 14:58:31 (ET)
Table 'Rhea' 9-max Seat #9 is the button
Seat 1: brascofeva ($8 in chips) 
Seat 2: RRDiddy ($15.45 in chips) 
Seat 3: rafaelrrpo ($6.85 in chips) 
Seat 6: Tuwei168 ($23.50 in chips) 
Seat 7: Soupy3000 ($5.95 in chips) 
Seat 8: WakedJake ($25.35 in chips) 
Seat 9: Alameda22 ($24.55 in chips) 
brascofeva: posts small blind $0.10
RRDiddy: posts big blind $0.25
STEALurM0NEY: sits out 
*** HOLE CARDS ***
Dealt to Alameda22 [3c Td]
rafaelrrpo: folds 
rafaelrrpo leaves the table
Tuwei168: folds 
Soupy3000: folds 
WakedJake: folds 
Alameda22: folds 
brascofeva: calls $0.15
RRDiddy: checks 
*** FLOP *** [Jh 6h 8s]
brascofeva: checks 
RRDiddy: checks 
*** TURN *** [Jh 6h 8s] [Qc]
brascofeva: bets $0.25
RRDiddy: folds 
Uncalled bet ($0.25) returned to brascofeva
brascofeva collected $0.50 from pot
brascofeva: doesn't show hand 
*** SUMMARY ***
Total pot $0.50 | Rake $0 
Board [Jh 6h 8s Qc]
Seat 1: brascofeva (small blind) collected ($0.50)
Seat 2: RRDiddy (big blind) folded on the Turn
Seat 3: rafaelrrpo folded before Flop (didn't bet)
Seat 6: Tuwei168 folded before Flop (didn't bet)
Seat 7: Soupy3000 folded before Flop (didn't bet)
Seat 8: WakedJake folded before Flop (didn't bet)
Seat 9: Alameda22 (button) folded before Flop (didn't bet)



PokerStars Game #19839324583:  Hold'em No Limit ($0.10/$0.25) - 2008/08/23 - 14:59:41 (ET)
Table 'Rhea' 9-max Seat #1 is the button
Seat 1: brascofeva ($8.25 in chips) 
Seat 2: RRDiddy ($15.20 in chips) 
Seat 4: STEALurM0NEY ($25 in chips) 
Seat 6: Tuwei168 ($23.50 in chips) 
Seat 7: Soupy3000 ($5.95 in chips) 
Seat 8: WakedJake ($25.35 in chips) 
Seat 9: Alameda22 ($24.55 in chips) 
RRDiddy: posts small blind $0.10
STEALurM0NEY: posts big blind $0.25
*** HOLE CARDS ***
Dealt to Alameda22 [Kc 3c]
Tuwei168: folds 
Soupy3000: folds 
WakedJake: folds 
Alameda22: folds 
brascofeva: folds 
RRDiddy: folds 
Uncalled bet ($0.15) returned to STEALurM0NEY
STEALurM0NEY collected $0.20 from pot
STEALurM0NEY: doesn't show hand 
*** SUMMARY ***
Total pot $0.20 | Rake $0 
Seat 1: brascofeva (button) folded before Flop (didn't bet)
Seat 2: RRDiddy (small blind) folded before Flop
Seat 4: STEALurM0NEY (big blind) collected ($0.20)
Seat 6: Tuwei168 folded before Flop (didn't bet)
Seat 7: Soupy3000 folded before Flop (didn't bet)
Seat 8: WakedJake folded before Flop (didn't bet)
Seat 9: Alameda22 folded before Flop (didn't bet)



PokerStars Game #19839337113:  Hold'em No Limit ($0.10/$0.25) - 2008/08/23 - 15:00:10 (ET)
Table 'Rhea' 9-max Seat #2 is the button
Seat 1: brascofeva ($8.25 in chips) 
Seat 2: RRDiddy ($15.10 in chips) 
Seat 4: STEALurM0NEY ($25.10 in chips) 
Seat 6: Tuwei168 ($23.50 in chips) 
Seat 7: Soupy3000 ($5.95 in chips) 
Seat 8: WakedJake ($25.35 in chips) 
Seat 9: Alameda22 ($24.55 in chips) 
STEALurM0NEY: posts small blind $0.10
Tuwei168: posts big blind $0.25
*** HOLE CARDS ***
Dealt to Alameda22 [Ah Tc]
Soupy3000: folds 
WakedJake: folds 
Alameda22: folds 
brascofeva: calls $0.25
RRDiddy: folds 
STEALurM0NEY: calls $0.15
Tuwei168: checks 
*** FLOP *** [3d 3c 8d]
STEALurM0NEY: checks 
Tuwei168: checks 
brascofeva: checks 
*** TURN *** [3d 3c 8d] [5h]
STEALurM0NEY: checks 
Tuwei168: bets $0.75
brascofeva: folds 
STEALurM0NEY: folds 
Uncalled bet ($0.75) returned to Tuwei168
Tuwei168 collected $0.75 from pot
Tuwei168: doesn't show hand 
*** SUMMARY ***
Total pot $0.75 | Rake $0 
Board [3d 3c 8d 5h]
Seat 1: brascofeva folded on the Turn
Seat 2: RRDiddy (button) folded before Flop (didn't bet)
Seat 4: STEALurM0NEY (small blind) folded on the Turn
Seat 6: Tuwei168 (big blind) collected ($0.75)
Seat 7: Soupy3000 folded before Flop (didn't bet)
Seat 8: WakedJake folded before Flop (didn't bet)
Seat 9: Alameda22 folded before Flop (didn't bet)



PokerStars Game #19839366301:  Hold'em No Limit ($0.10/$0.25) - 2008/08/23 - 15:01:22 (ET)
Table 'Rhea' 9-max Seat #4 is the button
Seat 1: brascofeva ($8 in chips) 
Seat 2: RRDiddy ($15.10 in chips) 
Seat 4: STEALurM0NEY ($24.85 in chips) 
Seat 6: Tuwei168 ($24 in chips) 
Seat 7: Soupy3000 ($5.95 in chips) 
Seat 8: WakedJake ($25.35 in chips) 
Seat 9: Alameda22 ($24.55 in chips) 
Tuwei168: posts small blind $0.10
Soupy3000: posts big blind $0.25
*** HOLE CARDS ***
Dealt to Alameda22 [6c 3c]
WakedJake: folds 
LittleORK has returned
Alameda22: folds 
brascofeva: folds 
RRDiddy: folds 
STEALurM0NEY: raises $0.50 to $0.75
Tuwei168: folds 
WilGhy joins the table at seat #3 
Soupy3000: folds 
Uncalled bet ($0.50) returned to STEALurM0NEY
STEALurM0NEY collected $0.60 from pot
STEALurM0NEY: doesn't show hand 
*** SUMMARY ***
Total pot $0.60 | Rake $0 
Seat 1: brascofeva folded before Flop (didn't bet)
Seat 2: RRDiddy folded before Flop (didn't bet)
Seat 4: STEALurM0NEY (button) collected ($0.60)
Seat 6: Tuwei168 (small blind) folded before Flop
Seat 7: Soupy3000 (big blind) folded before Flop
Seat 8: WakedJake folded before Flop (didn't bet)
Seat 9: Alameda22 folded before Flop (didn't bet)



PokerStars Game #19839394136:  Hold'em No Limit ($0.10/$0.25) - 2008/08/23 - 15:02:28 (ET)
Table 'Rhea' 9-max Seat #6 is the button
Seat 1: brascofeva ($8 in chips) 
Seat 2: RRDiddy ($15.10 in chips) 
Seat 3: WilGhy ($10 in chips) 
Seat 4: STEALurM0NEY ($25.20 in chips) 
Seat 5: LittleORK ($50.55 in chips) 
Seat 6: Tuwei168 ($23.90 in chips) 
Seat 7: Soupy3000 ($5.70 in chips) 
Seat 8: WakedJake ($25.35 in chips) 
Seat 9: Alameda22 ($24.55 in chips) 
Soupy3000: posts small blind $0.10
WakedJake: posts big blind $0.25
WilGhy: posts big blind $0.25
LittleORK: posts small & big blinds $0.35
*** HOLE CARDS ***
Dealt to Alameda22 [5h 3s]
Alameda22: folds 
brascofeva: folds 
RRDiddy: raises $1.50 to $1.75
WilGhy: folds 
STEALurM0NEY: folds 
LittleORK: folds 
Tuwei168: folds 
Soupy3000: folds 
WakedJake: folds 
Uncalled bet ($1.50) returned to RRDiddy
RRDiddy collected $1.20 from pot
RRDiddy: doesn't show hand 
*** SUMMARY ***
Total pot $1.20 | Rake $0 
Seat 1: brascofeva folded before Flop (didn't bet)
Seat 2: RRDiddy collected ($1.20)
Seat 3: WilGhy folded before Flop
Seat 4: STEALurM0NEY folded before Flop (didn't bet)
Seat 5: LittleORK folded before Flop
Seat 6: Tuwei168 (button) folded before Flop (didn't bet)
Seat 7: Soupy3000 (small blind) folded before Flop
Seat 8: WakedJake (big blind) folded before Flop
Seat 9: Alameda22 folded before Flop (didn't bet)



PokerStars Game #19839418875:  Hold'em No Limit ($0.10/$0.25) - 2008/08/23 - 15:03:27 (ET)
Table 'Rhea' 9-max Seat #7 is the button
Seat 1: brascofeva ($8 in chips) 
Seat 2: RRDiddy ($16.05 in chips) 
Seat 3: WilGhy ($9.75 in chips) 
Seat 4: STEALurM0NEY ($25.20 in chips) 
Seat 5: LittleORK ($50.20 in chips) 
Seat 6: Tuwei168 ($23.90 in chips) 
Seat 7: Soupy3000 ($5.60 in chips) 
Seat 8: WakedJake ($25.10 in chips) 
Seat 9: Alameda22 ($24.55 in chips) 
WakedJake: posts small blind $0.10
Alameda22: posts big blind $0.25
*** HOLE CARDS ***
Dealt to Alameda22 [5h 9s]
brascofeva: folds 
RRDiddy: calls $0.25
WilGhy: folds 
STEALurM0NEY: folds 
LittleORK: folds 
Tuwei168: folds 
Soupy3000: folds 
WakedJake: folds 
Alameda22: checks 
*** FLOP *** [Qc Td 7s]
Alameda22: checks 
RRDiddy: bets $0.50
Alameda22: folds 
Uncalled bet ($0.50) returned to RRDiddy
RRDiddy collected $0.60 from pot
RRDiddy: doesn't show hand 
*** SUMMARY ***
Total pot $0.60 | Rake $0 
Board [Qc Td 7s]
Seat 1: brascofeva folded before Flop (didn't bet)
Seat 2: RRDiddy collected ($0.60)
Seat 3: WilGhy folded before Flop (didn't bet)
Seat 4: STEALurM0NEY folded before Flop (didn't bet)
Seat 5: LittleORK folded before Flop (didn't bet)
Seat 6: Tuwei168 folded before Flop (didn't bet)
Seat 7: Soupy3000 (button) folded before Flop (didn't bet)
Seat 8: WakedJake (small blind) folded before Flop
Seat 9: Alameda22 (big blind) folded on the Flop



PokerStars Game #19839436940:  Hold'em No Limit ($0.10/$0.25) - 2008/08/23 - 15:04:11 (ET)
Table 'Rhea' 9-max Seat #8 is the button
Seat 1: brascofeva ($8 in chips) 
Seat 2: RRDiddy ($16.40 in chips) 
Seat 3: WilGhy ($9.75 in chips) 
Seat 4: STEALurM0NEY ($25.20 in chips) 
Seat 5: LittleORK ($50.20 in chips) 
Seat 6: Tuwei168 ($23.90 in chips) 
Seat 7: Soupy3000 ($5.60 in chips) 
Seat 8: WakedJake ($25 in chips) 
Seat 9: Alameda22 ($24.30 in chips) 
Alameda22: posts small blind $0.10
brascofeva: posts big blind $0.25
*** HOLE CARDS ***
Dealt to Alameda22 [Qh 4c]
RRDiddy: folds 
WilGhy: folds 
STEALurM0NEY: folds 
LittleORK: folds 
Tuwei168: folds 
Soupy3000: folds 
WakedJake: calls $0.25
Alameda22: folds 
brascofeva: checks 
*** FLOP *** [Jd 7d 2s]
brascofeva: checks 
WakedJake: bets $0.75
brascofeva: folds 
Uncalled bet ($0.75) returned to WakedJake
WakedJake collected $0.60 from pot
WakedJake: doesn't show hand 
*** SUMMARY ***
Total pot $0.60 | Rake $0 
Board [Jd 7d 2s]
Seat 1: brascofeva (big blind) folded on the Flop
Seat 2: RRDiddy folded before Flop (didn't bet)
Seat 3: WilGhy folded before Flop (didn't bet)
Seat 4: STEALurM0NEY folded before Flop (didn't bet)
Seat 5: LittleORK folded before Flop (didn't bet)
Seat 6: Tuwei168 folded before Flop (didn't bet)
Seat 7: Soupy3000 folded before Flop (didn't bet)
Seat 8: WakedJake (button) collected ($0.60)
Seat 9: Alameda22 (small blind) folded before Flop



PokerStars Game #19839465258:  Hold'em No Limit ($0.10/$0.25) - 2008/08/23 - 15:05:19 (ET)
Table 'Rhea' 9-max Seat #9 is the button
Seat 1: brascofeva ($7.75 in chips) 
Seat 2: RRDiddy ($16.40 in chips) 
Seat 3: WilGhy ($9.75 in chips) 
Seat 4: STEALurM0NEY ($25.20 in chips) 
Seat 5: LittleORK ($50.20 in chips) 
Seat 6: Tuwei168 ($23.90 in chips) 
Seat 7: Soupy3000 ($5.60 in chips) 
Seat 8: WakedJake ($25.35 in chips) 
Seat 9: Alameda22 ($24.20 in chips) 
brascofeva: posts small blind $0.10
RRDiddy: posts big blind $0.25
*** HOLE CARDS ***
Dealt to Alameda22 [8c 3s]
WilGhy: folds 
STEALurM0NEY: folds 
LittleORK: folds 
Tuwei168: folds 
Soupy3000: folds 
WakedJake: folds 
Alameda22: folds 
brascofeva: folds 
Uncalled bet ($0.15) returned to RRDiddy
RRDiddy collected $0.20 from pot
RRDiddy: doesn't show hand 
*** SUMMARY ***
Total pot $0.20 | Rake $0 
Seat 1: brascofeva (small blind) folded before Flop
Seat 2: RRDiddy (big blind) collected ($0.20)
Seat 3: WilGhy folded before Flop (didn't bet)
Seat 4: STEALurM0NEY folded before Flop (didn't bet)
Seat 5: LittleORK folded before Flop (didn't bet)
Seat 6: Tuwei168 folded before Flop (didn't bet)
Seat 7: Soupy3000 folded before Flop (didn't bet)
Seat 8: WakedJake folded before Flop (didn't bet)
Seat 9: Alameda22 (button) folded before Flop (didn't bet)



PokerStars Game #19839477437:  Hold'em No Limit ($0.10/$0.25) - 2008/08/23 - 15:05:49 (ET)
Table 'Rhea' 9-max Seat #1 is the button
Seat 1: brascofeva ($7.65 in chips) 
Seat 2: RRDiddy ($16.50 in chips) 
Seat 3: WilGhy ($9.75 in chips) 
Seat 4: STEALurM0NEY ($25.20 in chips) 
Seat 5: LittleORK ($50.20 in chips) 
Seat 6: Tuwei168 ($23.90 in chips) 
Seat 7: Soupy3000 ($5.60 in chips) 
Seat 8: WakedJake ($25.35 in chips) 
Seat 9: Alameda22 ($24.20 in chips) 
RRDiddy: posts small blind $0.10
WilGhy: posts big blind $0.25
*** HOLE CARDS ***
Dealt to Alameda22 [Ts Qc]
STEALurM0NEY: folds 
LittleORK: folds 
Tuwei168: folds 
Soupy3000: folds 
WakedJake: folds 
Alameda22: folds 
brascofeva: folds 
RRDiddy: calls $0.15
WilGhy: checks 
*** FLOP *** [8d 9h 9s]
RRDiddy: bets $0.75
WilGhy: folds 
Uncalled bet ($0.75) returned to RRDiddy
RRDiddy collected $0.50 from pot
RRDiddy: doesn't show hand 
*** SUMMARY ***
Total pot $0.50 | Rake $0 
Board [8d 9h 9s]
Seat 1: brascofeva (button) folded before Flop (didn't bet)
Seat 2: RRDiddy (small blind) collected ($0.50)
Seat 3: WilGhy (big blind) folded on the Flop
Seat 4: STEALurM0NEY folded before Flop (didn't bet)
Seat 5: LittleORK folded before Flop (didn't bet)
Seat 6: Tuwei168 folded before Flop (didn't bet)
Seat 7: Soupy3000 folded before Flop (didn't bet)
Seat 8: WakedJake folded before Flop (didn't bet)
Seat 9: Alameda22 folded before Flop (didn't bet)



PokerStars Game #19839503911:  Hold'em No Limit ($0.10/$0.25) - 2008/08/23 - 15:06:53 (ET)
Table 'Rhea' 9-max Seat #2 is the button
Seat 1: brascofeva ($7.65 in chips) 
Seat 2: RRDiddy ($16.75 in chips) 
Seat 3: WilGhy ($9.50 in chips) 
Seat 4: STEALurM0NEY ($25.20 in chips) 
Seat 5: LittleORK ($50.20 in chips) 
Seat 6: Tuwei168 ($23.90 in chips) 
Seat 7: Soupy3000 ($5.60 in chips) 
Seat 8: WakedJake ($25.35 in chips) 
Seat 9: Alameda22 ($24.20 in chips) 
WilGhy: posts small blind $0.10
STEALurM0NEY: posts big blind $0.25
*** HOLE CARDS ***
Dealt to Alameda22 [5s Js]
LittleORK: folds 
Tuwei168: folds 
Soupy3000: calls $0.25
WakedJake: folds 
Alameda22: folds 
brascofeva: folds 
RRDiddy: folds 
WilGhy: folds 
STEALurM0NEY: checks 
*** FLOP *** [6s 2c 9c]
STEALurM0NEY: checks 
Soupy3000: bets $0.50
STEALurM0NEY: calls $0.50
*** TURN *** [6s 2c 9c] [Ah]
STEALurM0NEY: checks 
Soupy3000: bets $1
STEALurM0NEY: calls $1
*** RIVER *** [6s 2c 9c Ah] [6c]
STEALurM0NEY: checks 
Soupy3000: checks 
*** SHOW DOWN ***
STEALurM0NEY: shows [8c 7d] (a pair of Sixes)
Soupy3000: shows [Th Tc] (two pair, Tens and Sixes)
Soupy3000 collected $3.45 from pot
*** SUMMARY ***
Total pot $3.60 | Rake $0.15 
Board [6s 2c 9c Ah 6c]
Seat 1: brascofeva folded before Flop (didn't bet)
Seat 2: RRDiddy (button) folded before Flop (didn't bet)
Seat 3: WilGhy (small blind) folded before Flop
Seat 4: STEALurM0NEY (big blind) showed [8c 7d] and lost with a pair of Sixes
Seat 5: LittleORK folded before Flop (didn't bet)
Seat 6: Tuwei168 folded before Flop (didn't bet)
Seat 7: Soupy3000 showed [Th Tc] and won ($3.45) with two pair, Tens and Sixes
Seat 8: WakedJake folded before Flop (didn't bet)
Seat 9: Alameda22 folded before Flop (didn't bet)



PokerStars Game #19839530426:  Hold'em No Limit ($0.10/$0.25) - 2008/08/23 - 15:07:57 (ET)
Table 'Rhea' 9-max Seat #3 is the button
Seat 1: brascofeva ($7.65 in chips) 
Seat 2: RRDiddy ($16.75 in chips) 
Seat 3: WilGhy ($9.40 in chips) 
Seat 4: STEALurM0NEY ($23.45 in chips) 
Seat 5: LittleORK ($50.20 in chips) 
Seat 6: Tuwei168 ($23.90 in chips) 
Seat 7: Soupy3000 ($7.30 in chips) 
Seat 8: WakedJake ($25.35 in chips) 
Seat 9: Alameda22 ($24.20 in chips) 
STEALurM0NEY: posts small blind $0.10
LittleORK: posts big blind $0.25
*** HOLE CARDS ***
Dealt to Alameda22 [6s Jh]
Tuwei168: folds 
Soupy3000: folds 
WakedJake: raises $0.75 to $1
Alameda22: folds 
brascofeva: folds 
RRDiddy: folds 
WilGhy: folds 
STEALurM0NEY: folds 
LittleORK: folds 
Uncalled bet ($0.75) returned to WakedJake
WakedJake collected $0.60 from pot
WakedJake: doesn't show hand 
*** SUMMARY ***
Total pot $0.60 | Rake $0 
Seat 1: brascofeva folded before Flop (didn't bet)
Seat 2: RRDiddy folded before Flop (didn't bet)
Seat 3: WilGhy (button) folded before Flop (didn't bet)
Seat 4: STEALurM0NEY (small blind) folded before Flop
Seat 5: LittleORK (big blind) folded before Flop
Seat 6: Tuwei168 folded before Flop (didn't bet)
Seat 7: Soupy3000 folded before Flop (didn't bet)
Seat 8: WakedJake collected ($0.60)
Seat 9: Alameda22 folded before Flop (didn't bet)



PokerStars Game #19839547164:  Hold'em No Limit ($0.10/$0.25) - 2008/08/23 - 15:08:38 (ET)
Table 'Rhea' 9-max Seat #4 is the button
Seat 1: brascofeva ($7.65 in chips) 
Seat 2: RRDiddy ($16.75 in chips) 
Seat 3: WilGhy ($9.40 in chips) 
Seat 4: STEALurM0NEY ($23.35 in chips) 
Seat 5: LittleORK ($49.95 in chips) 
Seat 6: Tuwei168 ($23.90 in chips) 
Seat 7: Soupy3000 ($7.30 in chips) 
Seat 8: WakedJake ($25.70 in chips) 
Seat 9: Alameda22 ($24.20 in chips) 
LittleORK: posts small blind $0.10
Tuwei168: posts big blind $0.25
*** HOLE CARDS ***
Dealt to Alameda22 [2d 5s]
Soupy3000: folds 
WakedJake: folds 
Alameda22: folds 
brascofeva: calls $0.25
RRDiddy: folds 
WilGhy: calls $0.25
STEALurM0NEY: folds 
LittleORK: folds 
Tuwei168: checks 
*** FLOP *** [7c 7s 9d]
Tuwei168: checks 
brascofeva: checks 
WilGhy: checks 
*** TURN *** [7c 7s 9d] [Ad]
Tuwei168: bets $0.75
brascofeva: calls $0.75
WilGhy: folds 
*** RIVER *** [7c 7s 9d Ad] [6c]
Tuwei168: bets $0.75
brascofeva: raises $1.50 to $2.25
Tuwei168: calls $1.50
*** SHOW DOWN ***
brascofeva: shows [7d As] (a full house, Sevens full of Aces)
Tuwei168: mucks hand 
brascofeva collected $6.55 from pot
*** SUMMARY ***
Total pot $6.85 | Rake $0.30 
Board [7c 7s 9d Ad 6c]
Seat 1: brascofeva showed [7d As] and won ($6.55) with a full house, Sevens full of Aces
Seat 2: RRDiddy folded before Flop (didn't bet)
Seat 3: WilGhy folded on the Turn
Seat 4: STEALurM0NEY (button) folded before Flop (didn't bet)
Seat 5: LittleORK (small blind) folded before Flop
Seat 6: Tuwei168 (big blind) mucked [Jd 7h]
Seat 7: Soupy3000 folded before Flop (didn't bet)
Seat 8: WakedJake folded before Flop (didn't bet)
Seat 9: Alameda22 folded before Flop (didn't bet)



PokerStars Game #19839584532:  Hold'em No Limit ($0.10/$0.25) - 2008/08/23 - 15:10:06 (ET)
Table 'Rhea' 9-max Seat #5 is the button
Seat 1: brascofeva ($10.95 in chips) 
Seat 2: RRDiddy ($16.75 in chips) 
Seat 3: WilGhy ($9.15 in chips) 
Seat 4: STEALurM0NEY ($23.35 in chips) 
Seat 5: LittleORK ($49.85 in chips) 
Seat 6: Tuwei168 ($20.65 in chips) 
Seat 8: WakedJake ($25.70 in chips) 
Seat 9: Alameda22 ($24.20 in chips) 
Tuwei168: posts small blind $0.10
Soupy3000: is sitting out 
WakedJake: posts big blind $0.25
*** HOLE CARDS ***
Dealt to Alameda22 [4c Kd]
Alameda22: folds 
Soupy3000 leaves the table
brascofeva: folds 
RRDiddy: folds 
WilGhy: raises $0.25 to $0.50
STEALurM0NEY: folds 
LittleORK: folds 
Tuwei168: folds 
WakedJake: folds 
Uncalled bet ($0.25) returned to WilGhy
WilGhy collected $0.60 from pot
WilGhy: doesn't show hand 
*** SUMMARY ***
Total pot $0.60 | Rake $0 
Seat 1: brascofeva folded before Flop (didn't bet)
Seat 2: RRDiddy folded before Flop (didn't bet)
Seat 3: WilGhy collected ($0.60)
Seat 4: STEALurM0NEY folded before Flop (didn't bet)
Seat 5: LittleORK (button) folded before Flop (didn't bet)
Seat 6: Tuwei168 (small blind) folded before Flop
Seat 8: WakedJake (big blind) folded before Flop
Seat 9: Alameda22 folded before Flop (didn't bet)



PokerStars Game #19839603453:  Hold'em No Limit ($0.10/$0.25) - 2008/08/23 - 15:10:51 (ET)
Table 'Rhea' 9-max Seat #6 is the button
Seat 1: brascofeva ($10.95 in chips) 
Seat 2: RRDiddy ($16.75 in chips) 
Seat 3: WilGhy ($9.50 in chips) 
Seat 4: STEALurM0NEY ($23.35 in chips) 
Seat 5: LittleORK ($49.85 in chips) 
Seat 6: Tuwei168 ($20.55 in chips) 
Seat 8: WakedJake ($25.45 in chips) 
Seat 9: Alameda22 ($24.20 in chips) 
WakedJake: posts small blind $0.10
Alameda22: posts big blind $0.25
*** HOLE CARDS ***
Dealt to Alameda22 [3c 5d]
brascofeva: folds 
RRDiddy: folds 
WilGhy: folds 
STEALurM0NEY: calls $0.25
LittleORK: folds 
Tuwei168: folds 
bluebucks joins the table at seat #7 
WakedJake: folds 
Alameda22: checks 
*** FLOP *** [As Qs 8d]
Alameda22: checks 
STEALurM0NEY: checks 
*** TURN *** [As Qs 8d] [4h]
Alameda22: checks 
STEALurM0NEY: checks 
*** RIVER *** [As Qs 8d 4h] [5c]
Alameda22: bets $0.25
STEALurM0NEY: folds 
Uncalled bet ($0.25) returned to Alameda22
Alameda22 collected $0.60 from pot
Alameda22: doesn't show hand 
*** SUMMARY ***
Total pot $0.60 | Rake $0 
Board [As Qs 8d 4h 5c]
Seat 1: brascofeva folded before Flop (didn't bet)
Seat 2: RRDiddy folded before Flop (didn't bet)
Seat 3: WilGhy folded before Flop (didn't bet)
Seat 4: STEALurM0NEY folded on the River
Seat 5: LittleORK folded before Flop (didn't bet)
Seat 6: Tuwei168 (button) folded before Flop (didn't bet)
Seat 8: WakedJake (small blind) folded before Flop
Seat 9: Alameda22 (big blind) collected ($0.60)



PokerStars Game #19839631329:  Hold'em No Limit ($0.10/$0.25) - 2008/08/23 - 15:11:57 (ET)
Table 'Rhea' 9-max Seat #8 is the button
Seat 1: brascofeva ($10.95 in chips) 
Seat 2: RRDiddy ($16.75 in chips) 
Seat 3: WilGhy ($9.50 in chips) 
Seat 4: STEALurM0NEY ($23.10 in chips) 
Seat 5: LittleORK ($49.85 in chips) 
Seat 6: Tuwei168 ($20.55 in chips) 
Seat 7: bluebucks ($25 in chips) 
Seat 8: WakedJake ($25.35 in chips) 
Seat 9: Alameda22 ($24.55 in chips) 
Alameda22: posts small blind $0.10
brascofeva: posts big blind $0.25
bluebucks: posts big blind $0.25
*** HOLE CARDS ***
Dealt to Alameda22 [Ac 7c]
RRDiddy: folds 
WilGhy: folds 
STEALurM0NEY: folds 
LittleORK: folds 
Tuwei168: folds 
bluebucks: checks 
WakedJake: folds 
Alameda22: calls $0.15
brascofeva: checks 
*** FLOP *** [5s Ts Qd]
Alameda22: checks 
brascofeva: checks 
bluebucks: checks 
*** TURN *** [5s Ts Qd] [8d]
Alameda22: checks 
brascofeva: checks 
bluebucks: checks 
*** RIVER *** [5s Ts Qd 8d] [Jd]
Alameda22: checks 
brascofeva: checks 
bluebucks: checks 
*** SHOW DOWN ***
Alameda22: shows [Ac 7c] (high card Ace)
brascofeva: shows [2h 8c] (a pair of Eights)
bluebucks: shows [3s Td] (a pair of Tens)
bluebucks collected $0.75 from pot
*** SUMMARY ***
Total pot $0.75 | Rake $0 
Board [5s Ts Qd 8d Jd]
Seat 1: brascofeva (big blind) showed [2h 8c] and lost with a pair of Eights
Seat 2: RRDiddy folded before Flop (didn't bet)
Seat 3: WilGhy folded before Flop (didn't bet)
Seat 4: STEALurM0NEY folded before Flop (didn't bet)
Seat 5: LittleORK folded before Flop (didn't bet)
Seat 6: Tuwei168 folded before Flop (didn't bet)
Seat 7: bluebucks showed [3s Td] and won ($0.75) with a pair of Tens
Seat 8: WakedJake (button) folded before Flop (didn't bet)
Seat 9: Alameda22 (small blind) showed [Ac 7c] and lost with high card Ace



PokerStars Game #19839660256:  Hold'em No Limit ($0.10/$0.25) - 2008/08/23 - 15:13:06 (ET)
Table 'Rhea' 9-max Seat #9 is the button
Seat 1: brascofeva ($10.70 in chips) 
Seat 2: RRDiddy ($16.75 in chips) 
Seat 3: WilGhy ($9.50 in chips) 
Seat 4: STEALurM0NEY ($23.10 in chips) 
Seat 5: LittleORK ($49.85 in chips) 
Seat 6: Tuwei168 ($20.55 in chips) 
Seat 7: bluebucks ($25.50 in chips) 
Seat 8: WakedJake ($25.35 in chips) 
Seat 9: Alameda22 ($24.30 in chips) 
brascofeva: posts small blind $0.10
RRDiddy: posts big blind $0.25
*** HOLE CARDS ***
Dealt to Alameda22 [3d 5d]
WilGhy: folds 
STEALurM0NEY: folds 
LittleORK: folds 
Tuwei168: folds 
bluebucks: folds 
WakedJake: folds 
Alameda22: folds 
brascofeva: folds 
Uncalled bet ($0.15) returned to RRDiddy
RRDiddy collected $0.20 from pot
RRDiddy: doesn't show hand 
*** SUMMARY ***
Total pot $0.20 | Rake $0 
Seat 1: brascofeva (small blind) folded before Flop
Seat 2: RRDiddy (big blind) collected ($0.20)
Seat 3: WilGhy folded before Flop (didn't bet)
Seat 4: STEALurM0NEY folded before Flop (didn't bet)
Seat 5: LittleORK folded before Flop (didn't bet)
Seat 6: Tuwei168 folded before Flop (didn't bet)
Seat 7: bluebucks folded before Flop (didn't bet)
Seat 8: WakedJake folded before Flop (didn't bet)
Seat 9: Alameda22 (button) folded before Flop (didn't bet)



PokerStars Game #19839674432:  Hold'em No Limit ($0.10/$0.25) - 2008/08/23 - 15:13:40 (ET)
Table 'Rhea' 9-max Seat #1 is the button
Seat 1: brascofeva ($10.60 in chips) 
Seat 2: RRDiddy ($16.85 in chips) 
Seat 3: WilGhy ($9.50 in chips) 
Seat 4: STEALurM0NEY ($23.10 in chips) 
Seat 5: LittleORK ($49.85 in chips) 
Seat 6: Tuwei168 ($20.55 in chips) 
Seat 7: bluebucks ($25.50 in chips) 
Seat 8: WakedJake ($25.35 in chips) 
Seat 9: Alameda22 ($24.30 in chips) 
RRDiddy: posts small blind $0.10
WilGhy: posts big blind $0.25
*** HOLE CARDS ***
Dealt to Alameda22 [Qd Qs]
STEALurM0NEY: folds 
LittleORK: folds 
Tuwei168: folds 
bluebucks: folds 
WakedJake: folds 
Alameda22: raises $0.50 to $0.75
brascofeva: folds 
RRDiddy: folds 
WilGhy: folds 
Uncalled bet ($0.50) returned to Alameda22
Alameda22 collected $0.60 from pot
Alameda22: doesn't show hand 
*** SUMMARY ***
Total pot $0.60 | Rake $0 
Seat 1: brascofeva (button) folded before Flop (didn't bet)
Seat 2: RRDiddy (small blind) folded before Flop
Seat 3: WilGhy (big blind) folded before Flop
Seat 4: STEALurM0NEY folded before Flop (didn't bet)
Seat 5: LittleORK folded before Flop (didn't bet)
Seat 6: Tuwei168 folded before Flop (didn't bet)
Seat 7: bluebucks folded before Flop (didn't bet)
Seat 8: WakedJake folded before Flop (didn't bet)
Seat 9: Alameda22 collected ($0.60)



PokerStars Game #19839691992:  Hold'em No Limit ($0.10/$0.25) - 2008/08/23 - 15:14:22 (ET)
Table 'Rhea' 9-max Seat #2 is the button
Seat 1: brascofeva ($10.60 in chips) 
Seat 2: RRDiddy ($16.75 in chips) 
Seat 3: WilGhy ($9.25 in chips) 
Seat 4: STEALurM0NEY ($23.10 in chips) 
Seat 5: LittleORK ($49.85 in chips) 
Seat 6: Tuwei168 ($25 in chips) 
Seat 7: bluebucks ($25.50 in chips) 
Seat 8: WakedJake ($25.35 in chips) 
Seat 9: Alameda22 ($24.65 in chips) 
WilGhy: posts small blind $0.10
STEALurM0NEY: posts big blind $0.25
*** HOLE CARDS ***
Dealt to Alameda22 [Ah 6c]
LittleORK: raises $0.75 to $1
Tuwei168: folds 
bluebucks: folds 
WakedJake: folds 
Alameda22: folds 
brascofeva: calls $1
RRDiddy: folds 
WilGhy: folds 
STEALurM0NEY: folds 
*** FLOP *** [Td Tc 7d]
LittleORK: bets $1
brascofeva: folds 
Uncalled bet ($1) returned to LittleORK
LittleORK collected $2.25 from pot
*** SUMMARY ***
Total pot $2.35 | Rake $0.10 
Board [Td Tc 7d]
Seat 1: brascofeva folded on the Flop
Seat 2: RRDiddy (button) folded before Flop (didn't bet)
Seat 3: WilGhy (small blind) folded before Flop
Seat 4: STEALurM0NEY (big blind) folded before Flop
Seat 5: LittleORK collected ($2.25)
Seat 6: Tuwei168 folded before Flop (didn't bet)
Seat 7: bluebucks folded before Flop (didn't bet)
Seat 8: WakedJake folded before Flop (didn't bet)
Seat 9: Alameda22 folded before Flop (didn't bet)



PokerStars Game #19839713793:  Hold'em No Limit ($0.10/$0.25) - 2008/08/23 - 15:15:13 (ET)
Table 'Rhea' 9-max Seat #3 is the button
Seat 1: brascofeva ($9.60 in chips) 
Seat 2: RRDiddy ($16.75 in chips) 
Seat 3: WilGhy ($9.15 in chips) 
Seat 4: STEALurM0NEY ($22.85 in chips) 
Seat 5: LittleORK ($51.10 in chips) 
Seat 6: Tuwei168 ($25 in chips) 
Seat 7: bluebucks ($25.50 in chips) 
Seat 8: WakedJake ($25.35 in chips) 
Seat 9: Alameda22 ($24.65 in chips) 
STEALurM0NEY: posts small blind $0.10
LittleORK: posts big blind $0.25
*** HOLE CARDS ***
Dealt to Alameda22 [Jh Jd]
Tuwei168: folds 
bluebucks: folds 
WakedJake: folds 
Alameda22: raises $0.50 to $0.75
brascofeva: calls $0.75
RRDiddy: folds 
WilGhy: calls $0.75
STEALurM0NEY: folds 
LittleORK: folds 
*** FLOP *** [7c 9h Ad]
Alameda22: bets $1.75
brascofeva: calls $1.75
WilGhy: folds 
*** TURN *** [7c 9h Ad] [2c]
Alameda22: checks 
brascofeva: bets $0.75
Alameda22: calls $0.75
*** RIVER *** [7c 9h Ad 2c] [3c]
Alameda22: checks 
brascofeva: checks 
*** SHOW DOWN ***
Alameda22: shows [Jh Jd] (a pair of Jacks)
brascofeva: shows [8d Ah] (a pair of Aces)
brascofeva collected $7.25 from pot
*** SUMMARY ***
Total pot $7.60 | Rake $0.35 
Board [7c 9h Ad 2c 3c]
Seat 1: brascofeva showed [8d Ah] and won ($7.25) with a pair of Aces
Seat 2: RRDiddy folded before Flop (didn't bet)
Seat 3: WilGhy (button) folded on the Flop
Seat 4: STEALurM0NEY (small blind) folded before Flop
Seat 5: LittleORK (big blind) folded before Flop
Seat 6: Tuwei168 folded before Flop (didn't bet)
Seat 7: bluebucks folded before Flop (didn't bet)
Seat 8: WakedJake folded before Flop (didn't bet)
Seat 9: Alameda22 showed [Jh Jd] and lost with a pair of Jacks



PokerStars Game #19839748780:  Hold'em No Limit ($0.10/$0.25) - 2008/08/23 - 15:16:35 (ET)
Table 'Rhea' 9-max Seat #4 is the button
Seat 1: brascofeva ($13.60 in chips) 
Seat 2: RRDiddy ($16.75 in chips) 
Seat 3: WilGhy ($8.40 in chips) 
Seat 4: STEALurM0NEY ($22.75 in chips) 
Seat 5: LittleORK ($50.85 in chips) 
Seat 6: Tuwei168 ($25 in chips) 
Seat 7: bluebucks ($25.50 in chips) 
Seat 8: WakedJake ($25.35 in chips) 
Seat 9: Alameda22 ($21.40 in chips) 
LittleORK: posts small blind $0.10
Tuwei168: posts big blind $0.25
*** HOLE CARDS ***
Dealt to Alameda22 [9s Jc]
bluebucks: folds 
WakedJake: folds 
Alameda22: folds 
brascofeva: calls $0.25
RRDiddy: folds 
WilGhy: calls $0.25
STEALurM0NEY: calls $0.25
LittleORK: calls $0.15
Tuwei168: checks 
*** FLOP *** [2c 6h As]
LittleORK: checks 
Tuwei168: checks 
brascofeva: checks 
WilGhy: checks 
STEALurM0NEY: checks 
*** TURN *** [2c 6h As] [7d]
LittleORK: checks 
Tuwei168: bets $0.75
brascofeva: calls $0.75
WilGhy: folds 
STEALurM0NEY: folds 
LittleORK: folds 
*** RIVER *** [2c 6h As 7d] [5d]
Tuwei168: checks 
brascofeva: checks 
*** SHOW DOWN ***
Tuwei168: shows [Td Ad] (a pair of Aces)
brascofeva: shows [Ts Ah] (a pair of Aces)
Tuwei168 collected $1.35 from pot
brascofeva collected $1.30 from pot
*** SUMMARY ***
Total pot $2.75 | Rake $0.10 
Board [2c 6h As 7d 5d]
Seat 1: brascofeva showed [Ts Ah] and won ($1.30) with a pair of Aces
Seat 2: RRDiddy folded before Flop (didn't bet)
Seat 3: WilGhy folded on the Turn
Seat 4: STEALurM0NEY (button) folded on the Turn
Seat 5: LittleORK (small blind) folded on the Turn
Seat 6: Tuwei168 (big blind) showed [Td Ad] and won ($1.35) with a pair of Aces
Seat 7: bluebucks folded before Flop (didn't bet)
Seat 8: WakedJake folded before Flop (didn't bet)
Seat 9: Alameda22 folded before Flop (didn't bet)



PokerStars Game #19839793503:  Hold'em No Limit ($0.10/$0.25) - 2008/08/23 - 15:18:20 (ET)
Table 'Rhea' 9-max Seat #5 is the button
Seat 1: brascofeva ($13.90 in chips) 
Seat 2: RRDiddy ($16.75 in chips) 
Seat 3: WilGhy ($8.15 in chips) 
Seat 4: STEALurM0NEY ($22.50 in chips) 
Seat 5: LittleORK ($50.60 in chips) 
Seat 6: Tuwei168 ($25.35 in chips) 
Seat 7: bluebucks ($25.50 in chips) 
Seat 8: WakedJake ($25.35 in chips) 
Seat 9: Alameda22 ($21.40 in chips) 
Tuwei168: posts small blind $0.10
bluebucks: posts big blind $0.25
*** HOLE CARDS ***
Dealt to Alameda22 [6s As]
WakedJake: folds 
Alameda22: folds 
brascofeva: folds 
RRDiddy: calls $0.25
WilGhy: calls $0.25
STEALurM0NEY: folds 
LittleORK: folds 
Tuwei168: calls $0.15
bluebucks: checks 
*** FLOP *** [Qh Ad 8h]
Tuwei168: checks 
bluebucks: checks 
RRDiddy: bets $0.75
WilGhy: folds 
Tuwei168: folds 
bluebucks: calls $0.75
*** TURN *** [Qh Ad 8h] [Kd]
bluebucks: checks 
RRDiddy: bets $2.50
bluebucks: folds 
Uncalled bet ($2.50) returned to RRDiddy
RRDiddy collected $2.40 from pot
RRDiddy: doesn't show hand 
*** SUMMARY ***
Total pot $2.50 | Rake $0.10 
Board [Qh Ad 8h Kd]
Seat 1: brascofeva folded before Flop (didn't bet)
Seat 2: RRDiddy collected ($2.40)
Seat 3: WilGhy folded on the Flop
Seat 4: STEALurM0NEY folded before Flop (didn't bet)
Seat 5: LittleORK (button) folded before Flop (didn't bet)
Seat 6: Tuwei168 (small blind) folded on the Flop
Seat 7: bluebucks (big blind) folded on the Turn
Seat 8: WakedJake folded before Flop (didn't bet)
Seat 9: Alameda22 folded before Flop (didn't bet)



PokerStars Game #19839831073:  Hold'em No Limit ($0.10/$0.25) - 2008/08/23 - 15:19:50 (ET)
Table 'Rhea' 9-max Seat #6 is the button
Seat 1: brascofeva ($13.90 in chips) 
Seat 2: RRDiddy ($18.15 in chips) 
Seat 3: WilGhy ($7.90 in chips) 
Seat 4: STEALurM0NEY ($22.50 in chips) 
Seat 5: LittleORK ($50.60 in chips) 
Seat 6: Tuwei168 ($25.10 in chips) 
Seat 7: bluebucks ($24.50 in chips) 
Seat 8: WakedJake ($25.35 in chips) 
Seat 9: Alameda22 ($21.40 in chips) 
bluebucks: posts small blind $0.10
WakedJake: posts big blind $0.25
*** HOLE CARDS ***
Dealt to Alameda22 [2h 7c]
Alameda22: folds 
brascofeva: calls $0.25
RRDiddy: calls $0.25
WilGhy: calls $0.25
STEALurM0NEY: folds 
LittleORK: folds 
Tuwei168: folds 
bluebucks: calls $0.15
WakedJake: checks 
*** FLOP *** [Ts Ks 8h]
bluebucks: checks 
WakedJake: checks 
brascofeva: checks 
RRDiddy: checks 
WilGhy: checks 
*** TURN *** [Ts Ks 8h] [6s]
bluebucks: checks 
WakedJake: checks 
brascofeva: bets $0.25
RRDiddy: calls $0.25
WilGhy: calls $0.25
bluebucks: folds 
WakedJake: folds 
*** RIVER *** [Ts Ks 8h 6s] [8s]
brascofeva: checks 
RRDiddy: checks 
WilGhy: checks 
*** SHOW DOWN ***
brascofeva: shows [5s Ad] (a flush, King high)
RRDiddy: mucks hand 
WilGhy: mucks hand 
brascofeva collected $1.95 from pot
*** SUMMARY ***
Total pot $2 | Rake $0.05 
Board [Ts Ks 8h 6s 8s]
Seat 1: brascofeva showed [5s Ad] and won ($1.95) with a flush, King high
Seat 2: RRDiddy mucked [Qd Jh]
Seat 3: WilGhy mucked [Jd Th]
Seat 4: STEALurM0NEY folded before Flop (didn't bet)
Seat 5: LittleORK folded before Flop (didn't bet)
Seat 6: Tuwei168 (button) folded before Flop (didn't bet)
Seat 7: bluebucks (small blind) folded on the Turn
Seat 8: WakedJake (big blind) folded on the Turn
Seat 9: Alameda22 folded before Flop (didn't bet)



PokerStars Game #19839877509:  Hold'em No Limit ($0.10/$0.25) - 2008/08/23 - 15:21:40 (ET)
Table 'Rhea' 9-max Seat #7 is the button
Seat 1: brascofeva ($15.35 in chips) 
Seat 2: RRDiddy ($17.65 in chips) 
Seat 3: WilGhy ($7.40 in chips) 
Seat 4: STEALurM0NEY ($22.50 in chips) 
Seat 5: LittleORK ($50.60 in chips) 
Seat 6: Tuwei168 ($25.10 in chips) 
Seat 7: bluebucks ($24.25 in chips) 
Seat 8: WakedJake ($25.10 in chips) 
Seat 9: Alameda22 ($21.40 in chips) 
WakedJake: posts small blind $0.10
Alameda22: posts big blind $0.25
*** HOLE CARDS ***
Dealt to Alameda22 [8s 5h]
brascofeva: calls $0.25
RRDiddy: folds 
WilGhy: folds 
STEALurM0NEY: raises $0.50 to $0.75
LittleORK: folds 
Tuwei168: folds 
bluebucks: folds 
WakedJake: folds 
Alameda22: folds 
brascofeva: folds 
Uncalled bet ($0.50) returned to STEALurM0NEY
STEALurM0NEY collected $0.85 from pot
STEALurM0NEY: doesn't show hand 
*** SUMMARY ***
Total pot $0.85 | Rake $0 
Seat 1: brascofeva folded before Flop
Seat 2: RRDiddy folded before Flop (didn't bet)
Seat 3: WilGhy folded before Flop (didn't bet)
Seat 4: STEALurM0NEY collected ($0.85)
Seat 5: LittleORK folded before Flop (didn't bet)
Seat 6: Tuwei168 folded before Flop (didn't bet)
Seat 7: bluebucks (button) folded before Flop (didn't bet)
Seat 8: WakedJake (small blind) folded before Flop
Seat 9: Alameda22 (big blind) folded before Flop



PokerStars Game #19839898061:  Hold'em No Limit ($0.10/$0.25) - 2008/08/23 - 15:22:29 (ET)
Table 'Rhea' 9-max Seat #8 is the button
Seat 1: brascofeva ($15.10 in chips) 
Seat 2: RRDiddy ($17.65 in chips) 
Seat 3: WilGhy ($7.40 in chips) 
Seat 4: STEALurM0NEY ($23.10 in chips) 
Seat 5: LittleORK ($50.60 in chips) 
Seat 6: Tuwei168 ($25.10 in chips) 
Seat 7: bluebucks ($24.25 in chips) 
Seat 8: WakedJake ($25 in chips) 
Seat 9: Alameda22 ($21.15 in chips) 
Alameda22: posts small blind $0.10
brascofeva: posts big blind $0.25
*** HOLE CARDS ***
Dealt to Alameda22 [3h 4c]
RRDiddy: folds 
WilGhy: calls $0.25
STEALurM0NEY: folds 
LittleORK: folds 
Tuwei168: folds 
bluebucks: calls $0.25
WakedJake: folds 
Alameda22: folds 
brascofeva: checks 
*** FLOP *** [4d 3s 9c]
brascofeva: bets $0.50
WilGhy: calls $0.50
bluebucks: folds 
*** TURN *** [4d 3s 9c] [5c]
brascofeva: checks 
WilGhy: bets $0.75
brascofeva: calls $0.75
*** RIVER *** [4d 3s 9c 5c] [Th]
LittleORK is sitting out
brascofeva: checks 
WilGhy: bets $2
brascofeva: calls $2
*** SHOW DOWN ***
WilGhy: shows [5d 5h] (three of a kind, Fives)
brascofeva: mucks hand 
WilGhy collected $7 from pot
*** SUMMARY ***
Total pot $7.35 | Rake $0.35 
Board [4d 3s 9c 5c Th]
Seat 1: brascofeva (big blind) mucked [9d 6c]
Seat 2: RRDiddy folded before Flop (didn't bet)
Seat 3: WilGhy showed [5d 5h] and won ($7) with three of a kind, Fives
Seat 4: STEALurM0NEY folded before Flop (didn't bet)
Seat 5: LittleORK folded before Flop (didn't bet)
Seat 6: Tuwei168 folded before Flop (didn't bet)
Seat 7: bluebucks folded on the Flop
Seat 8: WakedJake (button) folded before Flop (didn't bet)
Seat 9: Alameda22 (small blind) folded before Flop



PokerStars Game #19839937029:  Hold'em No Limit ($0.10/$0.25) - 2008/08/23 - 15:24:00 (ET)
Table 'Rhea' 9-max Seat #9 is the button
Seat 1: brascofeva ($11.60 in chips) 
Seat 2: RRDiddy ($17.65 in chips) 
Seat 3: WilGhy ($10.90 in chips) 
Seat 4: STEALurM0NEY ($23.10 in chips) 
Seat 6: Tuwei168 ($25.10 in chips) 
Seat 7: bluebucks ($24 in chips) 
Seat 8: WakedJake ($25 in chips) 
Seat 9: Alameda22 ($21.05 in chips) 
brascofeva: posts small blind $0.10
RRDiddy: posts big blind $0.25
*** HOLE CARDS ***
Dealt to Alameda22 [9h 3h]
WilGhy: folds 
STEALurM0NEY: folds 
Tuwei168: folds 
bluebucks: folds 
WakedJake: calls $0.25
Alameda22: folds 
brascofeva: calls $0.15
RRDiddy: checks 
*** FLOP *** [5s 5d 2d]
brascofeva: checks 
RRDiddy: bets $0.50
WakedJake: folds 
brascofeva: folds 
Uncalled bet ($0.50) returned to RRDiddy
RRDiddy collected $0.75 from pot
RRDiddy: doesn't show hand 
*** SUMMARY ***
Total pot $0.75 | Rake $0 
Board [5s 5d 2d]
Seat 1: brascofeva (small blind) folded on the Flop
Seat 2: RRDiddy (big blind) collected ($0.75)
Seat 3: WilGhy folded before Flop (didn't bet)
Seat 4: STEALurM0NEY folded before Flop (didn't bet)
Seat 6: Tuwei168 folded before Flop (didn't bet)
Seat 7: bluebucks folded before Flop (didn't bet)
Seat 8: WakedJake folded on the Flop
Seat 9: Alameda22 (button) folded before Flop (didn't bet)



PokerStars Game #19839960049:  Hold'em No Limit ($0.10/$0.25) - 2008/08/23 - 15:24:54 (ET)
Table 'Rhea' 9-max Seat #1 is the button
Seat 1: brascofeva ($11.35 in chips) 
Seat 2: RRDiddy ($18.15 in chips) 
Seat 3: WilGhy ($10.90 in chips) 
Seat 4: STEALurM0NEY ($23.10 in chips) 
Seat 6: Tuwei168 ($25.10 in chips) 
Seat 7: bluebucks ($24 in chips) 
Seat 8: WakedJake ($24.75 in chips) 
Seat 9: Alameda22 ($21.05 in chips) 
RRDiddy: posts small blind $0.10
WilGhy: posts big blind $0.25
*** HOLE CARDS ***
Dealt to Alameda22 [8h Qc]
STEALurM0NEY: calls $0.25
Tuwei168: folds 
bluebucks: folds 
WakedJake: folds 
WakedJake leaves the table
Alameda22: folds 
brascofeva: folds 
RRDiddy: calls $0.15
WilGhy: checks 
*** FLOP *** [Ts 4d 8d]
RRDiddy: checks 
WilGhy: checks 
STEALurM0NEY: checks 
*** TURN *** [Ts 4d 8d] [2s]
RRDiddy: checks 
WilGhy: bets $0.50
STEALurM0NEY: folds 
RRDiddy: folds 
Uncalled bet ($0.50) returned to WilGhy
WilGhy collected $0.75 from pot
WilGhy: doesn't show hand 
*** SUMMARY ***
Total pot $0.75 | Rake $0 
Board [Ts 4d 8d 2s]
Seat 1: brascofeva (button) folded before Flop (didn't bet)
Seat 2: RRDiddy (small blind) folded on the Turn
Seat 3: WilGhy (big blind) collected ($0.75)
Seat 4: STEALurM0NEY folded on the Turn
Seat 6: Tuwei168 folded before Flop (didn't bet)
Seat 7: bluebucks folded before Flop (didn't bet)
Seat 8: WakedJake folded before Flop (didn't bet)
Seat 9: Alameda22 folded before Flop (didn't bet)



PokerStars Game #19839986385:  Hold'em No Limit ($0.10/$0.25) - 2008/08/23 - 15:25:55 (ET)
Table 'Rhea' 9-max Seat #2 is the button
Seat 1: brascofeva ($11.35 in chips) 
Seat 2: RRDiddy ($17.90 in chips) 
Seat 3: WilGhy ($11.40 in chips) 
Seat 4: STEALurM0NEY ($22.85 in chips) 
Seat 6: Tuwei168 ($25.10 in chips) 
Seat 7: bluebucks ($24 in chips) 
Seat 9: Alameda22 ($21.05 in chips) 
WilGhy: posts small blind $0.10
STEALurM0NEY: posts big blind $0.25
*** HOLE CARDS ***
Dealt to Alameda22 [5d 6c]
Tuwei168: folds 
bluebucks: folds 
Alameda22: folds 
brascofeva: folds 
RRDiddy: folds 
WilGhy: folds 
Uncalled bet ($0.15) returned to STEALurM0NEY
STEALurM0NEY collected $0.20 from pot
STEALurM0NEY: doesn't show hand 
COELHITA joins the table at seat #8 
*** SUMMARY ***
Total pot $0.20 | Rake $0 
Seat 1: brascofeva folded before Flop (didn't bet)
Seat 2: RRDiddy (button) folded before Flop (didn't bet)
Seat 3: WilGhy (small blind) folded before Flop
Seat 4: STEALurM0NEY (big blind) collected ($0.20)
Seat 6: Tuwei168 folded before Flop (didn't bet)
Seat 7: bluebucks folded before Flop (didn't bet)
Seat 9: Alameda22 folded before Flop (didn't bet)



PokerStars Game #19839997384:  Hold'em No Limit ($0.10/$0.25) - 2008/08/23 - 15:26:22 (ET)
Table 'Rhea' 9-max Seat #3 is the button
Seat 1: brascofeva ($11.35 in chips) 
Seat 2: RRDiddy ($17.90 in chips) 
Seat 3: WilGhy ($11.30 in chips) 
Seat 4: STEALurM0NEY ($22.95 in chips) 
Seat 6: Tuwei168 ($25.10 in chips) 
Seat 7: bluebucks ($24 in chips) 
Seat 8: COELHITA ($15 in chips) 
Seat 9: Alameda22 ($21.05 in chips) 
STEALurM0NEY: posts small blind $0.10
Tuwei168: posts big blind $0.25
COELHITA: posts big blind $0.25
*** HOLE CARDS ***
Dealt to Alameda22 [7h 9s]
bluebucks: calls $0.25
COELHITA: raises $0.25 to $0.50
Alameda22: folds 
brascofeva: folds 
RRDiddy: folds 
WilGhy: folds 
STEALurM0NEY: folds 
Tuwei168: calls $0.25
bluebucks: calls $0.25
*** FLOP *** [Qd Ks Tc]
Tuwei168: checks 
bluebucks: checks 
COELHITA: bets $0.25
Tuwei168: folds 
bluebucks: folds 
Uncalled bet ($0.25) returned to COELHITA
COELHITA collected $1.55 from pot
COELHITA: doesn't show hand 
*** SUMMARY ***
Total pot $1.60 | Rake $0.05 
Board [Qd Ks Tc]
Seat 1: brascofeva folded before Flop (didn't bet)
Seat 2: RRDiddy folded before Flop (didn't bet)
Seat 3: WilGhy (button) folded before Flop (didn't bet)
Seat 4: STEALurM0NEY (small blind) folded before Flop
Seat 6: Tuwei168 (big blind) folded on the Flop
Seat 7: bluebucks folded on the Flop
Seat 8: COELHITA collected ($1.55)
Seat 9: Alameda22 folded before Flop (didn't bet)



