PokerStars Game #19570087172:  Hold'em No Limit ($0.10/$0.25) - 2008/08/12 - 18:37:47 (ET)
Table 'Galt' 9-max Seat #3 is the button
Seat 1: Dablo82 ($105.15 in chips) 
Seat 2: sagedecarte ($31.95 in chips) 
Seat 3: finbar26 ($20 in chips) 
Seat 4: MyGarden ($42.50 in chips) 
Seat 5: Alameda22 ($25 in chips) 
Seat 6: locketoni ($12.50 in chips) 
Seat 7: rez2 ($24.50 in chips) 
Seat 8: whattagwan ($21.40 in chips) 
Seat 9: nutslos ($5.50 in chips) 
MyGarden: posts small blind $0.10
Alameda22: posts big blind $0.25
*** HOLE CARDS ***
Dealt to Alameda22 [Th 2c]
locketoni: folds 
rez2: folds 
whattagwan: folds 
whattagwan leaves the table
nutslos: folds 
Dablo82: folds 
sagedecarte: folds 
finbar26: folds 
MyGarden: calls $0.15
Alameda22: checks 
*** FLOP *** [Td Jc Kh]
janeX14511 joins the table at seat #8 
MyGarden: bets $0.50
Alameda22: folds 
Uncalled bet ($0.50) returned to MyGarden
MyGarden collected $0.50 from pot
MyGarden: doesn't show hand 
*** SUMMARY ***
Total pot $0.50 | Rake $0 
Board [Td Jc Kh]
Seat 1: Dablo82 folded before Flop (didn't bet)
Seat 2: sagedecarte folded before Flop (didn't bet)
Seat 3: finbar26 (button) folded before Flop (didn't bet)
Seat 4: MyGarden (small blind) collected ($0.50)
Seat 5: Alameda22 (big blind) folded on the Flop
Seat 6: locketoni folded before Flop (didn't bet)
Seat 7: rez2 folded before Flop (didn't bet)
Seat 8: whattagwan folded before Flop (didn't bet)
Seat 9: nutslos folded before Flop (didn't bet)



PokerStars Game #19570108710:  Hold'em No Limit ($0.10/$0.25) - 2008/08/12 - 18:38:42 (ET)
Table 'Galt' 9-max Seat #4 is the button
Seat 1: Dablo82 ($105.15 in chips) 
Seat 2: sagedecarte ($31.95 in chips) 
Seat 3: finbar26 ($20 in chips) 
Seat 4: MyGarden ($42.75 in chips) 
Seat 5: Alameda22 ($24.75 in chips) 
Seat 6: locketoni ($12.50 in chips) 
Seat 7: rez2 ($24.50 in chips) 
Seat 9: nutslos ($5.50 in chips) 
Alameda22: posts small blind $0.10
locketoni: posts big blind $0.25
janeX14511: sits out 
*** HOLE CARDS ***
Dealt to Alameda22 [7c 8c]
rez2: folds 
nutslos: folds 
Dablo82: raises $0.75 to $1
sagedecarte: folds 
finbar26: folds 
MyGarden: folds 
Alameda22: folds 
locketoni: folds 
Uncalled bet ($0.75) returned to Dablo82
Dablo82 collected $0.60 from pot
Dablo82: doesn't show hand 
*** SUMMARY ***
Total pot $0.60 | Rake $0 
Seat 1: Dablo82 collected ($0.60)
Seat 2: sagedecarte folded before Flop (didn't bet)
Seat 3: finbar26 folded before Flop (didn't bet)
Seat 4: MyGarden (button) folded before Flop (didn't bet)
Seat 5: Alameda22 (small blind) folded before Flop
Seat 6: locketoni (big blind) folded before Flop
Seat 7: rez2 folded before Flop (didn't bet)
Seat 9: nutslos folded before Flop (didn't bet)



PokerStars Game #19570128588:  Hold'em No Limit ($0.10/$0.25) - 2008/08/12 - 18:39:32 (ET)
Table 'Galt' 9-max Seat #5 is the button
Seat 1: Dablo82 ($105.50 in chips) 
Seat 2: sagedecarte ($31.95 in chips) 
Seat 3: finbar26 ($20 in chips) 
Seat 4: MyGarden ($42.75 in chips) 
Seat 5: Alameda22 ($24.65 in chips) 
Seat 6: locketoni ($12.25 in chips) 
Seat 7: rez2 ($24.50 in chips) 
Seat 9: nutslos ($5.50 in chips) 
locketoni: posts small blind $0.10
rez2: posts big blind $0.25
janeX14511: sits out 
*** HOLE CARDS ***
Dealt to Alameda22 [3h 2h]
nutslos: folds 
Dablo82: folds 
sagedecarte: folds 
finbar26: folds 
MyGarden: folds 
Alameda22: folds 
locketoni: calls $0.15
rez2: checks 
*** FLOP *** [Qd 4s Jh]
locketoni: checks 
rez2: checks 
*** TURN *** [Qd 4s Jh] [6s]
locketoni: bets $0.25
rez2: calls $0.25
*** RIVER *** [Qd 4s Jh 6s] [Td]
locketoni: bets $0.25
rez2: raises $0.50 to $0.75
locketoni: calls $0.50
*** SHOW DOWN ***
rez2: shows [Qh 8h] (a pair of Queens)
locketoni: mucks hand 
rez2 collected $2.40 from pot
*** SUMMARY ***
Total pot $2.50 | Rake $0.10 
Board [Qd 4s Jh 6s Td]
Seat 1: Dablo82 folded before Flop (didn't bet)
Seat 2: sagedecarte folded before Flop (didn't bet)
Seat 3: finbar26 folded before Flop (didn't bet)
Seat 4: MyGarden folded before Flop (didn't bet)
Seat 5: Alameda22 (button) folded before Flop (didn't bet)
Seat 6: locketoni (small blind) mucked [5c 6h]
Seat 7: rez2 (big blind) showed [Qh 8h] and won ($2.40) with a pair of Queens
Seat 9: nutslos folded before Flop (didn't bet)



PokerStars Game #19570144549:  Hold'em No Limit ($0.10/$0.25) - 2008/08/12 - 18:40:12 (ET)
Table 'Galt' 9-max Seat #6 is the button
Seat 1: Dablo82 ($105.50 in chips) 
Seat 2: sagedecarte ($31.95 in chips) 
Seat 3: finbar26 ($20 in chips) 
Seat 4: MyGarden ($42.75 in chips) 
Seat 5: Alameda22 ($24.65 in chips) 
Seat 6: locketoni ($11 in chips) 
Seat 7: rez2 ($25.65 in chips) 
Seat 8: janeX14511 ($25 in chips) 
Seat 9: nutslos ($5.50 in chips) 
rez2: posts small blind $0.10
janeX14511: posts big blind $0.25
*** HOLE CARDS ***
Dealt to Alameda22 [Kd 4d]
nutslos: folds 
Dablo82: folds 
sagedecarte: folds 
finbar26: calls $0.25
MyGarden: folds 
Alameda22: folds 
locketoni: folds 
rez2: folds 
janeX14511: checks 
*** FLOP *** [2c 7c Ac]
janeX14511: checks 
finbar26: bets $0.50
janeX14511: calls $0.50
*** TURN *** [2c 7c Ac] [8s]
janeX14511: bets $1.75
finbar26: calls $1.75
*** RIVER *** [2c 7c Ac 8s] [5c]
janeX14511: checks 
finbar26: checks 
*** SHOW DOWN ***
janeX14511: shows [Ad 2d] (two pair, Aces and Deuces)
finbar26: shows [Ah 7h] (two pair, Aces and Sevens)
finbar26 collected $4.85 from pot
*** SUMMARY ***
Total pot $5.10 | Rake $0.25 
Board [2c 7c Ac 8s 5c]
Seat 1: Dablo82 folded before Flop (didn't bet)
Seat 2: sagedecarte folded before Flop (didn't bet)
Seat 3: finbar26 showed [Ah 7h] and won ($4.85) with two pair, Aces and Sevens
Seat 4: MyGarden folded before Flop (didn't bet)
Seat 5: Alameda22 folded before Flop (didn't bet)
Seat 6: locketoni (button) folded before Flop (didn't bet)
Seat 7: rez2 (small blind) folded before Flop
Seat 8: janeX14511 (big blind) showed [Ad 2d] and lost with two pair, Aces and Deuces
Seat 9: nutslos folded before Flop (didn't bet)



PokerStars Game #19570177282:  Hold'em No Limit ($0.10/$0.25) - 2008/08/12 - 18:41:35 (ET)
Table 'Galt' 9-max Seat #7 is the button
Seat 1: Dablo82 ($105.50 in chips) 
Seat 2: sagedecarte ($31.95 in chips) 
Seat 3: finbar26 ($22.35 in chips) 
Seat 4: MyGarden ($42.75 in chips) 
Seat 5: Alameda22 ($24.65 in chips) 
Seat 6: locketoni ($11 in chips) 
Seat 7: rez2 ($25.55 in chips) 
Seat 8: janeX14511 ($22.50 in chips) 
Seat 9: nutslos ($5.50 in chips) 
janeX14511: posts small blind $0.10
nutslos: posts big blind $0.25
*** HOLE CARDS ***
Dealt to Alameda22 [5d 2c]
Dablo82: folds 
sagedecarte: folds 
finbar26: calls $0.25
MyGarden: calls $0.25
Alameda22: folds 
locketoni: folds 
rez2: folds 
janeX14511: folds 
nutslos: checks 
*** FLOP *** [Qh 9h Jh]
nutslos: bets $1.10
finbar26: folds 
MyGarden: folds 
Uncalled bet ($1.10) returned to nutslos
nutslos collected $0.85 from pot
nutslos: doesn't show hand 
*** SUMMARY ***
Total pot $0.85 | Rake $0 
Board [Qh 9h Jh]
Seat 1: Dablo82 folded before Flop (didn't bet)
Seat 2: sagedecarte folded before Flop (didn't bet)
Seat 3: finbar26 folded on the Flop
Seat 4: MyGarden folded on the Flop
Seat 5: Alameda22 folded before Flop (didn't bet)
Seat 6: locketoni folded before Flop (didn't bet)
Seat 7: rez2 (button) folded before Flop (didn't bet)
Seat 8: janeX14511 (small blind) folded before Flop
Seat 9: nutslos (big blind) collected ($0.85)



PokerStars Game #19570197158:  Hold'em No Limit ($0.10/$0.25) - 2008/08/12 - 18:42:26 (ET)
Table 'Galt' 9-max Seat #8 is the button
Seat 1: Dablo82 ($105.50 in chips) 
Seat 2: sagedecarte ($31.95 in chips) 
Seat 3: finbar26 ($22.10 in chips) 
Seat 4: MyGarden ($42.50 in chips) 
Seat 5: Alameda22 ($24.65 in chips) 
Seat 6: locketoni ($11 in chips) 
Seat 7: rez2 ($25.55 in chips) 
Seat 8: janeX14511 ($22.40 in chips) 
Seat 9: nutslos ($6.10 in chips) 
nutslos: posts small blind $0.10
Dablo82: posts big blind $0.25
*** HOLE CARDS ***
Dealt to Alameda22 [Kh 6s]
sagedecarte: folds 
finbar26: folds 
MyGarden: calls $0.25
Alameda22: folds 
locketoni: folds 
rez2: folds 
janeX14511: calls $0.25
nutslos: folds 
Dablo82: checks 
*** FLOP *** [Kc 9d Ad]
Dablo82: checks 
MyGarden: bets $0.50
janeX14511: folds 
Dablo82: calls $0.50
*** TURN *** [Kc 9d Ad] [5c]
Dablo82: checks 
MyGarden: bets $1
Dablo82: calls $1
*** RIVER *** [Kc 9d Ad 5c] [Qs]
Dablo82: checks 
MyGarden: checks 
*** SHOW DOWN ***
Dablo82: shows [3c Ah] (a pair of Aces)
MyGarden: shows [Jc As] (a pair of Aces - King+Queen+Jack kicker)
MyGarden collected $3.70 from pot
*** SUMMARY ***
Total pot $3.85 | Rake $0.15 
Board [Kc 9d Ad 5c Qs]
Seat 1: Dablo82 (big blind) showed [3c Ah] and lost with a pair of Aces
Seat 2: sagedecarte folded before Flop (didn't bet)
Seat 3: finbar26 folded before Flop (didn't bet)
Seat 4: MyGarden showed [Jc As] and won ($3.70) with a pair of Aces
Seat 5: Alameda22 folded before Flop (didn't bet)
Seat 6: locketoni folded before Flop (didn't bet)
Seat 7: rez2 folded before Flop (didn't bet)
Seat 8: janeX14511 (button) folded on the Flop
Seat 9: nutslos (small blind) folded before Flop



PokerStars Game #19570231285:  Hold'em No Limit ($0.10/$0.25) - 2008/08/12 - 18:43:53 (ET)
Table 'Galt' 9-max Seat #9 is the button
Seat 1: Dablo82 ($103.75 in chips) 
Seat 2: sagedecarte ($31.95 in chips) 
Seat 3: finbar26 ($22.10 in chips) 
Seat 4: MyGarden ($44.45 in chips) 
Seat 5: Alameda22 ($24.65 in chips) 
Seat 6: locketoni ($11 in chips) 
Seat 7: rez2 ($25.55 in chips) 
Seat 8: janeX14511 ($22.15 in chips) 
Seat 9: nutslos ($6 in chips) 
Dablo82: posts small blind $0.10
sagedecarte: posts big blind $0.25
*** HOLE CARDS ***
Dealt to Alameda22 [8d Ac]
finbar26: folds 
MyGarden: folds 
Alameda22: folds 
locketoni: folds 
rez2: folds 
janeX14511: folds 
nutslos: folds 
Dablo82: calls $0.15
sagedecarte: checks 
*** FLOP *** [9s 6d Td]
Dablo82: checks 
sagedecarte: bets $0.25
Dablo82: folds 
Uncalled bet ($0.25) returned to sagedecarte
sagedecarte collected $0.50 from pot
sagedecarte: doesn't show hand 
*** SUMMARY ***
Total pot $0.50 | Rake $0 
Board [9s 6d Td]
Seat 1: Dablo82 (small blind) folded on the Flop
Seat 2: sagedecarte (big blind) collected ($0.50)
Seat 3: finbar26 folded before Flop (didn't bet)
Seat 4: MyGarden folded before Flop (didn't bet)
Seat 5: Alameda22 folded before Flop (didn't bet)
Seat 6: locketoni folded before Flop (didn't bet)
Seat 7: rez2 folded before Flop (didn't bet)
Seat 8: janeX14511 folded before Flop (didn't bet)
Seat 9: nutslos (button) folded before Flop (didn't bet)



PokerStars Game #19570246435:  Hold'em No Limit ($0.10/$0.25) - 2008/08/12 - 18:44:31 (ET)
Table 'Galt' 9-max Seat #1 is the button
Seat 1: Dablo82 ($103.50 in chips) 
Seat 2: sagedecarte ($32.20 in chips) 
Seat 3: finbar26 ($22.10 in chips) 
Seat 4: MyGarden ($44.45 in chips) 
Seat 5: Alameda22 ($24.65 in chips) 
Seat 6: locketoni ($11 in chips) 
Seat 7: rez2 ($25.55 in chips) 
Seat 8: janeX14511 ($22.15 in chips) 
Seat 9: nutslos ($6 in chips) 
sagedecarte: posts small blind $0.10
finbar26: posts big blind $0.25
*** HOLE CARDS ***
Dealt to Alameda22 [7d Th]
MyGarden: calls $0.25
Alameda22: folds 
locketoni: calls $0.25
rez2: folds 
janeX14511: folds 
nutslos: folds 
Dablo82: folds 
sagedecarte: calls $0.15
finbar26: checks 
*** FLOP *** [6d 3c 9c]
sagedecarte: checks 
finbar26: checks 
MyGarden: bets $0.50
locketoni: folds 
sagedecarte: folds 
finbar26: folds 
Uncalled bet ($0.50) returned to MyGarden
MyGarden collected $0.95 from pot
MyGarden: doesn't show hand 
*** SUMMARY ***
Total pot $1 | Rake $0.05 
Board [6d 3c 9c]
Seat 1: Dablo82 (button) folded before Flop (didn't bet)
Seat 2: sagedecarte (small blind) folded on the Flop
Seat 3: finbar26 (big blind) folded on the Flop
Seat 4: MyGarden collected ($0.95)
Seat 5: Alameda22 folded before Flop (didn't bet)
Seat 6: locketoni folded on the Flop
Seat 7: rez2 folded before Flop (didn't bet)
Seat 8: janeX14511 folded before Flop (didn't bet)
Seat 9: nutslos folded before Flop (didn't bet)



PokerStars Game #19570265038:  Hold'em No Limit ($0.10/$0.25) - 2008/08/12 - 18:45:19 (ET)
Table 'Galt' 9-max Seat #2 is the button
Seat 1: Dablo82 ($103.50 in chips) 
Seat 2: sagedecarte ($31.95 in chips) 
Seat 3: finbar26 ($21.85 in chips) 
Seat 4: MyGarden ($45.15 in chips) 
Seat 5: Alameda22 ($24.65 in chips) 
Seat 6: locketoni ($10.75 in chips) 
Seat 7: rez2 ($25.55 in chips) 
Seat 8: janeX14511 ($22.15 in chips) 
Seat 9: nutslos ($6 in chips) 
finbar26: posts small blind $0.10
MyGarden: posts big blind $0.25
*** HOLE CARDS ***
Dealt to Alameda22 [4c Kd]
Alameda22: folds 
locketoni: folds 
rez2: folds 
janeX14511: folds 
nutslos: folds 
Dablo82: folds 
sagedecarte: raises $0.75 to $1
finbar26: calls $0.90
MyGarden: folds 
*** FLOP *** [9d Th 3s]
finbar26: checks 
sagedecarte: bets $1.75
finbar26: folds 
Uncalled bet ($1.75) returned to sagedecarte
sagedecarte collected $2.15 from pot
sagedecarte: doesn't show hand 
*** SUMMARY ***
Total pot $2.25 | Rake $0.10 
Board [9d Th 3s]
Seat 1: Dablo82 folded before Flop (didn't bet)
Seat 2: sagedecarte (button) collected ($2.15)
Seat 3: finbar26 (small blind) folded on the Flop
Seat 4: MyGarden (big blind) folded before Flop
Seat 5: Alameda22 folded before Flop (didn't bet)
Seat 6: locketoni folded before Flop (didn't bet)
Seat 7: rez2 folded before Flop (didn't bet)
Seat 8: janeX14511 folded before Flop (didn't bet)
Seat 9: nutslos folded before Flop (didn't bet)



PokerStars Game #19570278356:  Hold'em No Limit ($0.10/$0.25) - 2008/08/12 - 18:45:53 (ET)
Table 'Galt' 9-max Seat #3 is the button
Seat 1: Dablo82 ($103.50 in chips) 
Seat 2: sagedecarte ($33.10 in chips) 
Seat 3: finbar26 ($20.85 in chips) 
Seat 4: MyGarden ($44.90 in chips) 
Seat 5: Alameda22 ($24.65 in chips) 
Seat 6: locketoni ($10.75 in chips) 
Seat 7: rez2 ($25.55 in chips) 
Seat 8: janeX14511 ($22.15 in chips) 
Seat 9: nutslos ($6 in chips) 
MyGarden: posts small blind $0.10
Alameda22: posts big blind $0.25
*** HOLE CARDS ***
Dealt to Alameda22 [5s 4d]
locketoni: calls $0.25
rez2: folds 
janeX14511: folds 
nutslos: folds 
Dablo82: calls $0.25
sagedecarte: folds 
finbar26: calls $0.25
MyGarden: folds 
Alameda22: checks 
*** FLOP *** [Qh Jh 3h]
Alameda22: checks 
locketoni: checks 
Dablo82: checks 
finbar26: checks 
*** TURN *** [Qh Jh 3h] [7h]
Alameda22: checks 
locketoni: checks 
Dablo82: checks 
finbar26: checks 
*** RIVER *** [Qh Jh 3h 7h] [Js]
Alameda22: checks 
locketoni: checks 
Dablo82: checks 
finbar26: checks 
*** SHOW DOWN ***
Alameda22: shows [5s 4d] (a pair of Jacks)
locketoni: shows [9s As] (a pair of Jacks - Ace kicker)
Dablo82: mucks hand 
finbar26: mucks hand 
locketoni collected $1.05 from pot
*** SUMMARY ***
Total pot $1.10 | Rake $0.05 
Board [Qh Jh 3h 7h Js]
Seat 1: Dablo82 mucked [Tc Ks]
Seat 2: sagedecarte folded before Flop (didn't bet)
Seat 3: finbar26 (button) mucked [Td 9c]
Seat 4: MyGarden (small blind) folded before Flop
Seat 5: Alameda22 (big blind) showed [5s 4d] and lost with a pair of Jacks
Seat 6: locketoni showed [9s As] and won ($1.05) with a pair of Jacks
Seat 7: rez2 folded before Flop (didn't bet)
Seat 8: janeX14511 folded before Flop (didn't bet)
Seat 9: nutslos folded before Flop (didn't bet)



PokerStars Game #19570310737:  Hold'em No Limit ($0.10/$0.25) - 2008/08/12 - 18:47:16 (ET)
Table 'Galt' 9-max Seat #4 is the button
Seat 1: Dablo82 ($103.25 in chips) 
Seat 2: sagedecarte ($33.10 in chips) 
Seat 3: finbar26 ($20.60 in chips) 
Seat 4: MyGarden ($44.80 in chips) 
Seat 5: Alameda22 ($24.40 in chips) 
Seat 6: locketoni ($11.55 in chips) 
Seat 7: rez2 ($25.55 in chips) 
Seat 8: janeX14511 ($22.15 in chips) 
Seat 9: nutslos ($6 in chips) 
Alameda22: posts small blind $0.10
locketoni: posts big blind $0.25
*** HOLE CARDS ***
Dealt to Alameda22 [8h Jd]
rez2: folds 
janeX14511: folds 
nutslos: folds 
Dablo82: folds 
sagedecarte: raises $0.75 to $1
finbar26: folds 
MyGarden: folds 
Alameda22: folds 
locketoni: folds 
Uncalled bet ($0.75) returned to sagedecarte
sagedecarte collected $0.60 from pot
sagedecarte: doesn't show hand 
*** SUMMARY ***
Total pot $0.60 | Rake $0 
Seat 1: Dablo82 folded before Flop (didn't bet)
Seat 2: sagedecarte collected ($0.60)
Seat 3: finbar26 folded before Flop (didn't bet)
Seat 4: MyGarden (button) folded before Flop (didn't bet)
Seat 5: Alameda22 (small blind) folded before Flop
Seat 6: locketoni (big blind) folded before Flop
Seat 7: rez2 folded before Flop (didn't bet)
Seat 8: janeX14511 folded before Flop (didn't bet)
Seat 9: nutslos folded before Flop (didn't bet)



PokerStars Game #19570326259:  Hold'em No Limit ($0.10/$0.25) - 2008/08/12 - 18:47:55 (ET)
Table 'Galt' 9-max Seat #5 is the button
Seat 1: Dablo82 ($103.25 in chips) 
Seat 2: sagedecarte ($33.45 in chips) 
Seat 3: finbar26 ($20.60 in chips) 
Seat 4: MyGarden ($44.80 in chips) 
Seat 5: Alameda22 ($24.30 in chips) 
Seat 6: locketoni ($11.30 in chips) 
Seat 7: rez2 ($25.55 in chips) 
Seat 8: janeX14511 ($22.15 in chips) 
Seat 9: nutslos ($6 in chips) 
locketoni: posts small blind $0.10
rez2: posts big blind $0.25
*** HOLE CARDS ***
Dealt to Alameda22 [4d 8c]
janeX14511: folds 
nutslos: folds 
Dablo82: calls $0.25
sagedecarte: folds 
finbar26: folds 
MyGarden: folds 
Alameda22: folds 
locketoni: calls $0.15
rez2: checks 
*** FLOP *** [5c 2d As]
locketoni: checks 
rez2: checks 
Dablo82: bets $0.75
locketoni: folds 
rez2: folds 
Uncalled bet ($0.75) returned to Dablo82
Dablo82 collected $0.75 from pot
Dablo82: doesn't show hand 
*** SUMMARY ***
Total pot $0.75 | Rake $0 
Board [5c 2d As]
Seat 1: Dablo82 collected ($0.75)
Seat 2: sagedecarte folded before Flop (didn't bet)
Seat 3: finbar26 folded before Flop (didn't bet)
Seat 4: MyGarden folded before Flop (didn't bet)
Seat 5: Alameda22 (button) folded before Flop (didn't bet)
Seat 6: locketoni (small blind) folded on the Flop
Seat 7: rez2 (big blind) folded on the Flop
Seat 8: janeX14511 folded before Flop (didn't bet)
Seat 9: nutslos folded before Flop (didn't bet)



PokerStars Game #19570355468:  Hold'em No Limit ($0.10/$0.25) - 2008/08/12 - 18:49:10 (ET)
Table 'Galt' 9-max Seat #6 is the button
Seat 1: Dablo82 ($103.75 in chips) 
Seat 2: sagedecarte ($33.45 in chips) 
Seat 3: finbar26 ($20.60 in chips) 
Seat 4: MyGarden ($44.80 in chips) 
Seat 5: Alameda22 ($24.30 in chips) 
Seat 6: locketoni ($11.05 in chips) 
Seat 7: rez2 ($25.30 in chips) 
Seat 8: janeX14511 ($22.15 in chips) 
Seat 9: nutslos ($6 in chips) 
rez2: posts small blind $0.10
janeX14511: posts big blind $0.25
*** HOLE CARDS ***
Dealt to Alameda22 [4c 9s]
nutslos: folds 
Dablo82: folds 
sagedecarte: folds 
finbar26: folds 
MyGarden: folds 
Alameda22: folds 
locketoni: raises $0.25 to $0.50
rez2: folds 
janeX14511: folds 
Uncalled bet ($0.25) returned to locketoni
locketoni collected $0.60 from pot
*** SUMMARY ***
Total pot $0.60 | Rake $0 
Seat 1: Dablo82 folded before Flop (didn't bet)
Seat 2: sagedecarte folded before Flop (didn't bet)
Seat 3: finbar26 folded before Flop (didn't bet)
Seat 4: MyGarden folded before Flop (didn't bet)
Seat 5: Alameda22 folded before Flop (didn't bet)
Seat 6: locketoni (button) collected ($0.60)
Seat 7: rez2 (small blind) folded before Flop
Seat 8: janeX14511 (big blind) folded before Flop
Seat 9: nutslos folded before Flop (didn't bet)



PokerStars Game #19570370082:  Hold'em No Limit ($0.10/$0.25) - 2008/08/12 - 18:49:48 (ET)
Table 'Galt' 9-max Seat #7 is the button
Seat 1: Dablo82 ($103.75 in chips) 
Seat 2: sagedecarte ($33.45 in chips) 
Seat 3: finbar26 ($20.60 in chips) 
Seat 4: MyGarden ($44.80 in chips) 
Seat 5: Alameda22 ($24.30 in chips) 
Seat 6: locketoni ($11.40 in chips) 
Seat 7: rez2 ($25.20 in chips) 
Seat 8: janeX14511 ($21.90 in chips) 
Seat 9: nutslos ($6 in chips) 
janeX14511: posts small blind $0.10
nutslos: posts big blind $0.25
*** HOLE CARDS ***
Dealt to Alameda22 [2s Ad]
Dablo82: folds 
sagedecarte: folds 
finbar26: calls $0.25
MyGarden: folds 
Alameda22: folds 
locketoni: folds 
rez2: folds 
janeX14511: raises $0.50 to $0.75
nutslos: folds 
finbar26: calls $0.50
*** FLOP *** [2d 6c 4s]
janeX14511: bets $1
finbar26: folds 
Uncalled bet ($1) returned to janeX14511
janeX14511 collected $1.70 from pot
janeX14511: doesn't show hand 
*** SUMMARY ***
Total pot $1.75 | Rake $0.05 
Board [2d 6c 4s]
Seat 1: Dablo82 folded before Flop (didn't bet)
Seat 2: sagedecarte folded before Flop (didn't bet)
Seat 3: finbar26 folded on the Flop
Seat 4: MyGarden folded before Flop (didn't bet)
Seat 5: Alameda22 folded before Flop (didn't bet)
Seat 6: locketoni folded before Flop (didn't bet)
Seat 7: rez2 (button) folded before Flop (didn't bet)
Seat 8: janeX14511 (small blind) collected ($1.70)
Seat 9: nutslos (big blind) folded before Flop



PokerStars Game #19570388165:  Hold'em No Limit ($0.10/$0.25) - 2008/08/12 - 18:50:34 (ET)
Table 'Galt' 9-max Seat #8 is the button
Seat 1: Dablo82 ($103.75 in chips) 
Seat 2: sagedecarte ($33.45 in chips) 
Seat 3: finbar26 ($19.85 in chips) 
Seat 4: MyGarden ($44.80 in chips) 
Seat 5: Alameda22 ($24.30 in chips) 
Seat 6: locketoni ($11.40 in chips) 
Seat 7: rez2 ($25.20 in chips) 
Seat 8: janeX14511 ($22.85 in chips) 
Seat 9: nutslos ($5.75 in chips) 
nutslos: posts small blind $0.10
Dablo82: posts big blind $0.25
*** HOLE CARDS ***
Dealt to Alameda22 [Qc Kd]
sagedecarte: calls $0.25
finbar26: folds 
MyGarden: folds 
Alameda22: folds 
locketoni: folds 
rez2: folds 
janeX14511: folds 
nutslos: folds 
Dablo82: checks 
*** FLOP *** [Tc Jh Jd]
Dablo82: checks 
sagedecarte: bets $0.50
Dablo82: calls $0.50
*** TURN *** [Tc Jh Jd] [Qs]
Dablo82: checks 
sagedecarte: bets $1.50
Dablo82: folds 
Uncalled bet ($1.50) returned to sagedecarte
sagedecarte collected $1.55 from pot
sagedecarte: doesn't show hand 
*** SUMMARY ***
Total pot $1.60 | Rake $0.05 
Board [Tc Jh Jd Qs]
Seat 1: Dablo82 (big blind) folded on the Turn
Seat 2: sagedecarte collected ($1.55)
Seat 3: finbar26 folded before Flop (didn't bet)
Seat 4: MyGarden folded before Flop (didn't bet)
Seat 5: Alameda22 folded before Flop (didn't bet)
Seat 6: locketoni folded before Flop (didn't bet)
Seat 7: rez2 folded before Flop (didn't bet)
Seat 8: janeX14511 (button) folded before Flop (didn't bet)
Seat 9: nutslos (small blind) folded before Flop



PokerStars Game #19570413532:  Hold'em No Limit ($0.10/$0.25) - 2008/08/12 - 18:51:40 (ET)
Table 'Galt' 9-max Seat #9 is the button
Seat 1: Dablo82 ($103 in chips) 
Seat 3: finbar26 ($19.85 in chips) 
Seat 4: MyGarden ($44.80 in chips) 
Seat 5: Alameda22 ($24.30 in chips) 
Seat 6: locketoni ($11.40 in chips) 
Seat 7: rez2 ($25.20 in chips) 
Seat 8: janeX14511 ($22.85 in chips) 
Seat 9: nutslos ($5.65 in chips) 
Dablo82: posts small blind $0.10
sagedecarte: is sitting out 
finbar26: posts big blind $0.25
*** HOLE CARDS ***
Dealt to Alameda22 [8h 2s]
sagedecarte leaves the table
MyGarden: folds 
Alameda22: folds 
locketoni: folds 
rez2: folds 
step62279 joins the table at seat #2 
janeX14511: raises $0.50 to $0.75
rez2 leaves the table
nutslos: folds 
Dablo82: folds 
finbar26: calls $0.50
*** FLOP *** [Th Jd Jc]
finbar26: checks 
janeX14511: checks 
*** TURN *** [Th Jd Jc] [9h]
finbar26: checks 
janeX14511: checks 
*** RIVER *** [Th Jd Jc 9h] [Qs]
finbar26: checks 
janeX14511: checks 
*** SHOW DOWN ***
finbar26: shows [Ad 8c] (a straight, Eight to Queen)
janeX14511: mucks hand 
finbar26 collected $1.55 from pot
*** SUMMARY ***
Total pot $1.60 | Rake $0.05 
Board [Th Jd Jc 9h Qs]
Seat 1: Dablo82 (small blind) folded before Flop
Seat 3: finbar26 (big blind) showed [Ad 8c] and won ($1.55) with a straight, Eight to Queen
Seat 4: MyGarden folded before Flop (didn't bet)
Seat 5: Alameda22 folded before Flop (didn't bet)
Seat 6: locketoni folded before Flop (didn't bet)
Seat 7: rez2 folded before Flop (didn't bet)
Seat 8: janeX14511 mucked [As 7d]
Seat 9: nutslos (button) folded before Flop (didn't bet)



PokerStars Game #19570433450:  Hold'em No Limit ($0.10/$0.25) - 2008/08/12 - 18:52:31 (ET)
Table 'Galt' 9-max Seat #1 is the button
Seat 1: Dablo82 ($102.90 in chips) 
Seat 3: finbar26 ($20.65 in chips) 
Seat 4: MyGarden ($44.80 in chips) 
Seat 5: Alameda22 ($24.30 in chips) 
Seat 6: locketoni ($11.40 in chips) 
Seat 8: janeX14511 ($22.10 in chips) 
Seat 9: nutslos ($5.65 in chips) 
step62279 will be allowed to play after the button
finbar26: posts small blind $0.10
MyGarden: posts big blind $0.25
*** HOLE CARDS ***
Dealt to Alameda22 [9s Qc]
Alameda22: folds 
locketoni: folds 
janeX14511: folds 
nutslos: folds 
Dablo82: calls $0.25
finbar26: calls $0.15
MyGarden: checks 
*** FLOP *** [Kd 2d Jd]
finbar26: checks 
MyGarden: checks 
Dablo82: checks 
*** TURN *** [Kd 2d Jd] [6c]
finbar26: checks 
MyGarden: checks 
Dablo82: checks 
*** RIVER *** [Kd 2d Jd 6c] [Qs]
finbar26: checks 
MyGarden: checks 
Dablo82: checks 
*** SHOW DOWN ***
finbar26: shows [5c Jc] (a pair of Jacks)
MyGarden: mucks hand 
Dablo82: mucks hand 
finbar26 collected $0.75 from pot
*** SUMMARY ***
Total pot $0.75 | Rake $0 
Board [Kd 2d Jd 6c Qs]
Seat 1: Dablo82 (button) mucked [9h Ad]
Seat 3: finbar26 (small blind) showed [5c Jc] and won ($0.75) with a pair of Jacks
Seat 4: MyGarden (big blind) mucked [8d 3h]
Seat 5: Alameda22 folded before Flop (didn't bet)
Seat 6: locketoni folded before Flop (didn't bet)
Seat 8: janeX14511 folded before Flop (didn't bet)
Seat 9: nutslos folded before Flop (didn't bet)



PokerStars Game #19570461398:  Hold'em No Limit ($0.10/$0.25) - 2008/08/12 - 18:53:43 (ET)
Table 'Galt' 9-max Seat #3 is the button
Seat 1: Dablo82 ($102.65 in chips) 
Seat 2: step62279 ($15 in chips) 
Seat 3: finbar26 ($21.15 in chips) 
Seat 4: MyGarden ($44.55 in chips) 
Seat 5: Alameda22 ($24.30 in chips) 
Seat 6: locketoni ($11.40 in chips) 
Seat 8: janeX14511 ($22.10 in chips) 
Seat 9: nutslos ($5.65 in chips) 
MyGarden: posts small blind $0.10
Alameda22: posts big blind $0.25
step62279: posts big blind $0.25
*** HOLE CARDS ***
Dealt to Alameda22 [5d Jd]
locketoni: folds 
janeX14511: folds 
nutslos: folds 
Dablo82: folds 
step62279: checks 
finbar26: calls $0.25
MyGarden: calls $0.15
Alameda22: checks 
*** FLOP *** [2c Th 3c]
MyGarden: bets $0.50
Alameda22: folds 
step62279: folds 
finbar26: folds 
Uncalled bet ($0.50) returned to MyGarden
MyGarden collected $0.95 from pot
MyGarden: doesn't show hand 
*** SUMMARY ***
Total pot $1 | Rake $0.05 
Board [2c Th 3c]
Seat 1: Dablo82 folded before Flop (didn't bet)
Seat 2: step62279 folded on the Flop
Seat 3: finbar26 (button) folded on the Flop
Seat 4: MyGarden (small blind) collected ($0.95)
Seat 5: Alameda22 (big blind) folded on the Flop
Seat 6: locketoni folded before Flop (didn't bet)
Seat 8: janeX14511 folded before Flop (didn't bet)
Seat 9: nutslos folded before Flop (didn't bet)



PokerStars Game #19570493682:  Hold'em No Limit ($0.10/$0.25) - 2008/08/12 - 18:55:07 (ET)
Table 'Galt' 9-max Seat #4 is the button
Seat 1: Dablo82 ($102.65 in chips) 
Seat 2: step62279 ($14.75 in chips) 
Seat 3: finbar26 ($20.90 in chips) 
Seat 4: MyGarden ($45.25 in chips) 
Seat 5: Alameda22 ($24.05 in chips) 
Seat 6: locketoni ($11.40 in chips) 
Seat 8: janeX14511 ($22.10 in chips) 
Seat 9: nutslos ($5.65 in chips) 
Alameda22: posts small blind $0.10
locketoni: posts big blind $0.25
*** HOLE CARDS ***
Dealt to Alameda22 [Ad 6c]
janeX14511: folds 
nutslos: folds 
Dablo82: folds 
step62279: folds 
finbar26: folds 
MyGarden: raises $0.25 to $0.50
Alameda22: folds 
locketoni: folds 
Uncalled bet ($0.25) returned to MyGarden
MyGarden collected $0.60 from pot
MyGarden: doesn't show hand 
*** SUMMARY ***
Total pot $0.60 | Rake $0 
Seat 1: Dablo82 folded before Flop (didn't bet)
Seat 2: step62279 folded before Flop (didn't bet)
Seat 3: finbar26 folded before Flop (didn't bet)
Seat 4: MyGarden (button) collected ($0.60)
Seat 5: Alameda22 (small blind) folded before Flop
Seat 6: locketoni (big blind) folded before Flop
Seat 8: janeX14511 folded before Flop (didn't bet)
Seat 9: nutslos folded before Flop (didn't bet)



PokerStars Game #19570516151:  Hold'em No Limit ($0.10/$0.25) - 2008/08/12 - 18:56:05 (ET)
Table 'Galt' 9-max Seat #5 is the button
Seat 1: Dablo82 ($102.65 in chips) 
Seat 2: step62279 ($14.75 in chips) 
Seat 3: finbar26 ($20.90 in chips) 
Seat 4: MyGarden ($45.60 in chips) 
Seat 5: Alameda22 ($23.95 in chips) 
Seat 6: locketoni ($11.15 in chips) 
Seat 8: janeX14511 ($22.10 in chips) 
Seat 9: nutslos ($5.65 in chips) 
locketoni: posts small blind $0.10
janeX14511: posts big blind $0.25
*** HOLE CARDS ***
Dealt to Alameda22 [2s Tc]
nutslos: folds 
Dablo82: folds 
step62279: calls $0.25
finbar26: folds 
MyGarden: folds 
Alameda22: folds 
locketoni: calls $0.15
janeX14511: checks 
*** FLOP *** [5s Jd 5c]
locketoni: checks 
janeX14511: checks 
step62279: bets $0.75
locketoni: folds 
janeX14511: folds 
Uncalled bet ($0.75) returned to step62279
step62279 collected $0.75 from pot
step62279: doesn't show hand 
*** SUMMARY ***
Total pot $0.75 | Rake $0 
Board [5s Jd 5c]
Seat 1: Dablo82 folded before Flop (didn't bet)
Seat 2: step62279 collected ($0.75)
Seat 3: finbar26 folded before Flop (didn't bet)
Seat 4: MyGarden folded before Flop (didn't bet)
Seat 5: Alameda22 (button) folded before Flop (didn't bet)
Seat 6: locketoni (small blind) folded on the Flop
Seat 8: janeX14511 (big blind) folded on the Flop
Seat 9: nutslos folded before Flop (didn't bet)



PokerStars Game #19570530336:  Hold'em No Limit ($0.10/$0.25) - 2008/08/12 - 18:56:42 (ET)
Table 'Galt' 9-max Seat #6 is the button
Seat 1: Dablo82 ($102.65 in chips) 
Seat 2: step62279 ($15.25 in chips) 
Seat 3: finbar26 ($20.90 in chips) 
Seat 4: MyGarden ($45.60 in chips) 
Seat 5: Alameda22 ($23.95 in chips) 
Seat 6: locketoni ($10.90 in chips) 
Seat 8: janeX14511 ($25 in chips) 
Seat 9: nutslos ($5.65 in chips) 
janeX14511: posts small blind $0.10
nutslos: posts big blind $0.25
*** HOLE CARDS ***
Dealt to Alameda22 [5h 4c]
Dablo82: folds 
step62279: folds 
finbar26: calls $0.25
MyGarden: calls $0.25
Alameda22: folds 
locketoni: folds 
janeX14511: folds 
nutslos: checks 
*** FLOP *** [2d 9d 6s]
nutslos: checks 
finbar26: checks 
MyGarden: checks 
*** TURN *** [2d 9d 6s] [2s]
nutslos: checks 
finbar26: checks 
MyGarden: checks 
*** RIVER *** [2d 9d 6s 2s] [4h]
nutslos: checks 
finbar26: checks 
MyGarden: checks 
*** SHOW DOWN ***
nutslos: shows [7h 4d] (two pair, Fours and Deuces)
finbar26: mucks hand 
MyGarden: mucks hand 
nutslos collected $0.85 from pot
*** SUMMARY ***
Total pot $0.85 | Rake $0 
Board [2d 9d 6s 2s 4h]
Seat 1: Dablo82 folded before Flop (didn't bet)
Seat 2: step62279 folded before Flop (didn't bet)
Seat 3: finbar26 mucked [8s Ts]
Seat 4: MyGarden mucked [3h Kh]
Seat 5: Alameda22 folded before Flop (didn't bet)
Seat 6: locketoni (button) folded before Flop (didn't bet)
Seat 8: janeX14511 (small blind) folded before Flop
Seat 9: nutslos (big blind) showed [7h 4d] and won ($0.85) with two pair, Fours and Deuces



PokerStars Game #19570555830:  Hold'em No Limit ($0.10/$0.25) - 2008/08/12 - 18:57:49 (ET)
Table 'Galt' 9-max Seat #8 is the button
Seat 1: Dablo82 ($102.65 in chips) 
Seat 2: step62279 ($15.25 in chips) 
Seat 3: finbar26 ($20.65 in chips) 
Seat 4: MyGarden ($45.35 in chips) 
Seat 5: Alameda22 ($23.95 in chips) 
Seat 6: locketoni ($10.90 in chips) 
Seat 8: janeX14511 ($24.90 in chips) 
Seat 9: nutslos ($6.25 in chips) 
nutslos: posts small blind $0.10
Dablo82: posts big blind $0.25
*** HOLE CARDS ***
Dealt to Alameda22 [4c 4d]
step62279: folds 
finbar26: folds 
MyGarden: folds 
Alameda22: folds 
locketoni: folds 
janeX14511: folds 
nutslos: folds 
Uncalled bet ($0.15) returned to Dablo82
Dablo82 collected $0.20 from pot
Dablo82: doesn't show hand 
*** SUMMARY ***
Total pot $0.20 | Rake $0 
Seat 1: Dablo82 (big blind) collected ($0.20)
Seat 2: step62279 folded before Flop (didn't bet)
Seat 3: finbar26 folded before Flop (didn't bet)
Seat 4: MyGarden folded before Flop (didn't bet)
Seat 5: Alameda22 folded before Flop (didn't bet)
Seat 6: locketoni folded before Flop (didn't bet)
Seat 8: janeX14511 (button) folded before Flop (didn't bet)
Seat 9: nutslos (small blind) folded before Flop



PokerStars Game #19570565317:  Hold'em No Limit ($0.10/$0.25) - 2008/08/12 - 18:58:14 (ET)
Table 'Galt' 9-max Seat #9 is the button
Seat 1: Dablo82 ($102.75 in chips) 
Seat 2: step62279 ($15.25 in chips) 
Seat 3: finbar26 ($20.65 in chips) 
Seat 4: MyGarden ($45.35 in chips) 
Seat 5: Alameda22 ($23.95 in chips) 
Seat 6: locketoni ($10.90 in chips) 
Seat 8: janeX14511 ($24.90 in chips) 
Seat 9: nutslos ($6.15 in chips) 
Dablo82: posts small blind $0.10
step62279: posts big blind $0.25
*** HOLE CARDS ***
Dealt to Alameda22 [4c Qs]
finbar26: calls $0.25
MyGarden: folds 
Alameda22: folds 
locketoni: folds 
janeX14511: folds 
nutslos: folds 
Dablo82: calls $0.15
step62279: checks 
*** FLOP *** [Ah Ad 8c]
Dablo82: checks 
step62279: checks 
DasUbernator joins the table at seat #7 
finbar26: bets $0.25
Dablo82: folds 
step62279: folds 
Uncalled bet ($0.25) returned to finbar26
finbar26 collected $0.75 from pot
finbar26: doesn't show hand 
*** SUMMARY ***
Total pot $0.75 | Rake $0 
Board [Ah Ad 8c]
Seat 1: Dablo82 (small blind) folded on the Flop
Seat 2: step62279 (big blind) folded on the Flop
Seat 3: finbar26 collected ($0.75)
Seat 4: MyGarden folded before Flop (didn't bet)
Seat 5: Alameda22 folded before Flop (didn't bet)
Seat 6: locketoni folded before Flop (didn't bet)
Seat 8: janeX14511 folded before Flop (didn't bet)
Seat 9: nutslos (button) folded before Flop (didn't bet)



PokerStars Game #19570582192:  Hold'em No Limit ($0.10/$0.25) - 2008/08/12 - 18:58:58 (ET)
Table 'Galt' 9-max Seat #1 is the button
Seat 1: Dablo82 ($102.50 in chips) 
Seat 2: step62279 ($15 in chips) 
Seat 3: finbar26 ($21.15 in chips) 
Seat 4: MyGarden ($45.35 in chips) 
Seat 5: Alameda22 ($23.95 in chips) 
Seat 6: locketoni ($10.90 in chips) 
Seat 8: janeX14511 ($24.90 in chips) 
Seat 9: nutslos ($6.15 in chips) 
step62279: posts small blind $0.10
finbar26: posts big blind $0.25
DasUbernator: sits out 
*** HOLE CARDS ***
Dealt to Alameda22 [9c Th]
MyGarden: folds 
Alameda22: folds 
locketoni: folds 
janeX14511: folds 
nutslos: folds 
Dablo82: folds 
step62279: folds 
Uncalled bet ($0.15) returned to finbar26
finbar26 collected $0.20 from pot
finbar26: doesn't show hand 
*** SUMMARY ***
Total pot $0.20 | Rake $0 
Seat 1: Dablo82 (button) folded before Flop (didn't bet)
Seat 2: step62279 (small blind) folded before Flop
Seat 3: finbar26 (big blind) collected ($0.20)
Seat 4: MyGarden folded before Flop (didn't bet)
Seat 5: Alameda22 folded before Flop (didn't bet)
Seat 6: locketoni folded before Flop (didn't bet)
Seat 8: janeX14511 folded before Flop (didn't bet)
Seat 9: nutslos folded before Flop (didn't bet)



PokerStars Game #19570593662:  Hold'em No Limit ($0.10/$0.25) - 2008/08/12 - 18:59:28 (ET)
Table 'Galt' 9-max Seat #2 is the button
Seat 1: Dablo82 ($102.50 in chips) 
Seat 2: step62279 ($14.90 in chips) 
Seat 3: finbar26 ($21.25 in chips) 
Seat 4: MyGarden ($45.35 in chips) 
Seat 5: Alameda22 ($23.95 in chips) 
Seat 6: locketoni ($10.90 in chips) 
Seat 8: janeX14511 ($24.90 in chips) 
Seat 9: nutslos ($6.15 in chips) 
finbar26: posts small blind $0.10
MyGarden: posts big blind $0.25
DasUbernator: sits out 
*** HOLE CARDS ***
Dealt to Alameda22 [8s 4c]
Alameda22: folds 
locketoni: folds 
janeX14511: calls $0.25
nutslos: folds 
Dablo82: folds 
step62279: raises $0.75 to $1
finbar26: folds 
MyGarden: folds 
janeX14511: calls $0.75
*** FLOP *** [Ac 2h 2d]
janeX14511: checks 
step62279: bets $1
janeX14511: folds 
Uncalled bet ($1) returned to step62279
step62279 collected $2.25 from pot
*** SUMMARY ***
Total pot $2.35 | Rake $0.10 
Board [Ac 2h 2d]
Seat 1: Dablo82 folded before Flop (didn't bet)
Seat 2: step62279 (button) collected ($2.25)
Seat 3: finbar26 (small blind) folded before Flop
Seat 4: MyGarden (big blind) folded before Flop
Seat 5: Alameda22 folded before Flop (didn't bet)
Seat 6: locketoni folded before Flop (didn't bet)
Seat 8: janeX14511 folded on the Flop
Seat 9: nutslos folded before Flop (didn't bet)



PokerStars Game #19570618564:  Hold'em No Limit ($0.10/$0.25) - 2008/08/12 - 19:00:32 (ET)
Table 'Galt' 9-max Seat #3 is the button
Seat 1: Dablo82 ($102.50 in chips) 
Seat 2: step62279 ($16.15 in chips) 
Seat 3: finbar26 ($21.15 in chips) 
Seat 4: MyGarden ($45.10 in chips) 
Seat 5: Alameda22 ($23.95 in chips) 
Seat 6: locketoni ($10.90 in chips) 
Seat 8: janeX14511 ($23.90 in chips) 
Seat 9: nutslos ($6.15 in chips) 
MyGarden: posts small blind $0.10
Alameda22: posts big blind $0.25
DasUbernator: sits out 
*** HOLE CARDS ***
Dealt to Alameda22 [9h Tc]
locketoni: folds 
janeX14511: calls $0.25
nutslos: folds 
Dablo82: folds 
step62279: folds 
finbar26: calls $0.25
MyGarden: calls $0.15
Alameda22: checks 
*** FLOP *** [2c 4h 4c]
MyGarden: checks 
Alameda22: checks 
janeX14511: bets $1
finbar26: folds 
MyGarden: folds 
Alameda22: folds 
Uncalled bet ($1) returned to janeX14511
janeX14511 collected $0.95 from pot
janeX14511: doesn't show hand 
*** SUMMARY ***
Total pot $1 | Rake $0.05 
Board [2c 4h 4c]
Seat 1: Dablo82 folded before Flop (didn't bet)
Seat 2: step62279 folded before Flop (didn't bet)
Seat 3: finbar26 (button) folded on the Flop
Seat 4: MyGarden (small blind) folded on the Flop
Seat 5: Alameda22 (big blind) folded on the Flop
Seat 6: locketoni folded before Flop (didn't bet)
Seat 8: janeX14511 collected ($0.95)
Seat 9: nutslos folded before Flop (didn't bet)



PokerStars Game #19570653782:  Hold'em No Limit ($0.10/$0.25) - 2008/08/12 - 19:02:03 (ET)
Table 'Galt' 9-max Seat #4 is the button
Seat 1: Dablo82 ($102.50 in chips) 
Seat 2: step62279 ($16.15 in chips) 
Seat 3: finbar26 ($20.90 in chips) 
Seat 4: MyGarden ($44.85 in chips) 
Seat 5: Alameda22 ($23.70 in chips) 
Seat 6: locketoni ($10.90 in chips) 
Seat 8: janeX14511 ($24.60 in chips) 
Seat 9: nutslos ($6.15 in chips) 
Alameda22: posts small blind $0.10
locketoni: posts big blind $0.25
DasUbernator: sits out 
*** HOLE CARDS ***
Dealt to Alameda22 [7s 4c]
janeX14511: calls $0.25
nutslos: folds 
Dablo82: calls $0.25
step62279: folds 
finbar26: calls $0.25
MyGarden: raises $0.75 to $1
Alameda22: folds 
locketoni: folds 
janeX14511: calls $0.75
Dablo82: calls $0.75
finbar26: calls $0.75
*** FLOP *** [9s 6c 2d]
janeX14511: checks 
Dablo82: bets $1.25
finbar26: calls $1.25
MyGarden: folds 
janeX14511: folds 
*** TURN *** [9s 6c 2d] [Js]
Dablo82: checks 
finbar26: checks 
*** RIVER *** [9s 6c 2d Js] [Th]
Dablo82: checks 
finbar26: checks 
*** SHOW DOWN ***
Dablo82: shows [5s 5d] (a pair of Fives)
finbar26: shows [Qd 9d] (a pair of Nines)
finbar26 collected $6.55 from pot
*** SUMMARY ***
Total pot $6.85 | Rake $0.30 
Board [9s 6c 2d Js Th]
Seat 1: Dablo82 showed [5s 5d] and lost with a pair of Fives
Seat 2: step62279 folded before Flop (didn't bet)
Seat 3: finbar26 showed [Qd 9d] and won ($6.55) with a pair of Nines
Seat 4: MyGarden (button) folded on the Flop
Seat 5: Alameda22 (small blind) folded before Flop
Seat 6: locketoni (big blind) folded before Flop
Seat 8: janeX14511 folded on the Flop
Seat 9: nutslos folded before Flop (didn't bet)



PokerStars Game #19570682498:  Hold'em No Limit ($0.10/$0.25) - 2008/08/12 - 19:03:17 (ET)
Table 'Galt' 9-max Seat #5 is the button
Seat 1: Dablo82 ($100.25 in chips) 
Seat 2: step62279 ($16.15 in chips) 
Seat 3: finbar26 ($25.20 in chips) 
Seat 4: MyGarden ($43.85 in chips) 
Seat 5: Alameda22 ($23.60 in chips) 
Seat 6: locketoni ($10.65 in chips) 
Seat 7: DasUbernator ($25 in chips) 
Seat 8: janeX14511 ($23.60 in chips) 
Seat 9: nutslos ($6.15 in chips) 
locketoni: posts small blind $0.10
DasUbernator: posts big blind $0.25
*** HOLE CARDS ***
Dealt to Alameda22 [6d 4s]
janeX14511: folds 
nutslos: raises $0.75 to $1
Dablo82: folds 
step62279: folds 
finbar26: folds 
MyGarden: calls $1
Alameda22: folds 
locketoni: folds 
DasUbernator: folds 
*** FLOP *** [6h 2s Tc]
nutslos: bets $1.60
MyGarden: raises $3.20 to $4.80
nutslos: raises $0.35 to $5.15 and is all-in
MyGarden: calls $0.35
*** TURN *** [6h 2s Tc] [Js]
*** RIVER *** [6h 2s Tc Js] [Qc]
*** SHOW DOWN ***
nutslos: shows [Qd Qs] (three of a kind, Queens)
MyGarden: mucks hand 
nutslos collected $12.05 from pot
*** SUMMARY ***
Total pot $12.65 | Rake $0.60 
Board [6h 2s Tc Js Qc]
Seat 1: Dablo82 folded before Flop (didn't bet)
Seat 2: step62279 folded before Flop (didn't bet)
Seat 3: finbar26 folded before Flop (didn't bet)
Seat 4: MyGarden mucked [Ah As]
Seat 5: Alameda22 (button) folded before Flop (didn't bet)
Seat 6: locketoni (small blind) folded before Flop
Seat 7: DasUbernator (big blind) folded before Flop
Seat 8: janeX14511 folded before Flop (didn't bet)
Seat 9: nutslos showed [Qd Qs] and won ($12.05) with three of a kind, Queens



PokerStars Game #19570703502:  Hold'em No Limit ($0.10/$0.25) - 2008/08/12 - 19:04:11 (ET)
Table 'Galt' 9-max Seat #6 is the button
Seat 1: Dablo82 ($100.25 in chips) 
Seat 2: step62279 ($16.15 in chips) 
Seat 3: finbar26 ($25.20 in chips) 
Seat 4: MyGarden ($37.70 in chips) 
Seat 5: Alameda22 ($23.60 in chips) 
Seat 6: locketoni ($10.55 in chips) 
Seat 7: DasUbernator ($24.75 in chips) 
Seat 8: janeX14511 ($23.60 in chips) 
Seat 9: nutslos ($12.05 in chips) 
DasUbernator: posts small blind $0.10
janeX14511: posts big blind $0.25
*** HOLE CARDS ***
Dealt to Alameda22 [4c 5h]
nutslos: folds 
Dablo82: raises $1 to $1.25
step62279: folds 
finbar26: folds 
MyGarden: folds 
Alameda22: folds 
locketoni: folds 
DasUbernator: folds 
janeX14511: folds 
Uncalled bet ($1) returned to Dablo82
Dablo82 collected $0.60 from pot
Dablo82: doesn't show hand 
*** SUMMARY ***
Total pot $0.60 | Rake $0 
Seat 1: Dablo82 collected ($0.60)
Seat 2: step62279 folded before Flop (didn't bet)
Seat 3: finbar26 folded before Flop (didn't bet)
Seat 4: MyGarden folded before Flop (didn't bet)
Seat 5: Alameda22 folded before Flop (didn't bet)
Seat 6: locketoni (button) folded before Flop (didn't bet)
Seat 7: DasUbernator (small blind) folded before Flop
Seat 8: janeX14511 (big blind) folded before Flop
Seat 9: nutslos folded before Flop (didn't bet)



PokerStars Game #19570716892:  Hold'em No Limit ($0.10/$0.25) - 2008/08/12 - 19:04:45 (ET)
Table 'Galt' 9-max Seat #7 is the button
Seat 1: Dablo82 ($100.60 in chips) 
Seat 2: step62279 ($16.15 in chips) 
Seat 3: finbar26 ($25.20 in chips) 
Seat 4: MyGarden ($37.70 in chips) 
Seat 5: Alameda22 ($23.60 in chips) 
Seat 6: locketoni ($10.55 in chips) 
Seat 7: DasUbernator ($24.65 in chips) 
Seat 8: janeX14511 ($23.35 in chips) 
janeX14511: posts small blind $0.10
nutslos: is sitting out 
Dablo82: posts big blind $0.25
*** HOLE CARDS ***
Dealt to Alameda22 [3h Td]
nutslos leaves the table
step62279: calls $0.25
finbar26: folds 
MyGarden: folds 
Alameda22: folds 
TERBAL joins the table at seat #9 
locketoni: raises $0.50 to $0.75
DasUbernator: calls $0.75
janeX14511: folds 
Dablo82: folds 
step62279: folds 
*** FLOP *** [Qc 9h Tc]
locketoni: bets $1.25
DasUbernator: raises $1.75 to $3
locketoni: calls $1.75
*** TURN *** [Qc 9h Tc] [Js]
locketoni: bets $3
DasUbernator: folds 
Uncalled bet ($3) returned to locketoni
locketoni collected $7.70 from pot
*** SUMMARY ***
Total pot $8.10 | Rake $0.40 
Board [Qc 9h Tc Js]
Seat 1: Dablo82 (big blind) folded before Flop
Seat 2: step62279 folded before Flop
Seat 3: finbar26 folded before Flop (didn't bet)
Seat 4: MyGarden folded before Flop (didn't bet)
Seat 5: Alameda22 folded before Flop (didn't bet)
Seat 6: locketoni collected ($7.70)
Seat 7: DasUbernator (button) folded on the Turn
Seat 8: janeX14511 (small blind) folded before Flop



PokerStars Game #19570745902:  Hold'em No Limit ($0.10/$0.25) - 2008/08/12 - 19:06:00 (ET)
Table 'Galt' 9-max Seat #8 is the button
Seat 1: Dablo82 ($100.35 in chips) 
Seat 2: step62279 ($15.90 in chips) 
Seat 3: finbar26 ($25.20 in chips) 
Seat 4: MyGarden ($37.70 in chips) 
Seat 5: Alameda22 ($23.60 in chips) 
Seat 6: locketoni ($14.50 in chips) 
Seat 7: DasUbernator ($20.90 in chips) 
Seat 8: janeX14511 ($23.25 in chips) 
TERBAL will be allowed to play after the button
Dablo82: posts small blind $0.10
step62279: posts big blind $0.25
*** HOLE CARDS ***
Dealt to Alameda22 [4c Qs]
finbar26: calls $0.25
MyGarden: folds 
Alameda22: folds 
locketoni: folds 
DasUbernator: folds 
janeX14511: folds 
Dablo82: calls $0.15
step62279: checks 
*** FLOP *** [Tc 8s Th]
TERBAL is disconnected 
Dablo82: checks 
TERBAL is connected 
step62279: checks 
finbar26: checks 
*** TURN *** [Tc 8s Th] [9h]
Dablo82: bets $1
step62279: folds 
finbar26: folds 
Uncalled bet ($1) returned to Dablo82
Dablo82 collected $0.75 from pot
Dablo82: doesn't show hand 
*** SUMMARY ***
Total pot $0.75 | Rake $0 
Board [Tc 8s Th 9h]
Seat 1: Dablo82 (small blind) collected ($0.75)
Seat 2: step62279 (big blind) folded on the Turn
Seat 3: finbar26 folded on the Turn
Seat 4: MyGarden folded before Flop (didn't bet)
Seat 5: Alameda22 folded before Flop (didn't bet)
Seat 6: locketoni folded before Flop (didn't bet)
Seat 7: DasUbernator folded before Flop (didn't bet)
Seat 8: janeX14511 (button) folded before Flop (didn't bet)



PokerStars Game #19570788765:  Hold'em No Limit ($0.10/$0.25) - 2008/08/12 - 19:07:50 (ET)
Table 'Galt' 9-max Seat #1 is the button
Seat 1: Dablo82 ($100.85 in chips) 
Seat 2: step62279 ($15.65 in chips) 
Seat 3: finbar26 ($24.95 in chips) 
Seat 4: MyGarden ($37.70 in chips) 
Seat 5: Alameda22 ($23.60 in chips) 
Seat 6: locketoni ($14.50 in chips) 
Seat 7: DasUbernator ($20.90 in chips) 
Seat 8: janeX14511 ($23.25 in chips) 
Seat 9: TERBAL ($10 in chips) 
step62279: posts small blind $0.10
finbar26: posts big blind $0.25
TERBAL is disconnected 
TERBAL is connected 
TERBAL: posts big blind $0.25
*** HOLE CARDS ***
Dealt to Alameda22 [7c 4c]
MyGarden: folds 
Alameda22: folds 
locketoni: folds 
DasUbernator: folds 
janeX14511: raises $0.50 to $0.75
TERBAL: folds 
Dablo82: folds 
step62279: folds 
finbar26: folds 
Uncalled bet ($0.50) returned to janeX14511
janeX14511 collected $0.85 from pot
janeX14511: doesn't show hand 
*** SUMMARY ***
Total pot $0.85 | Rake $0 
Seat 1: Dablo82 (button) folded before Flop (didn't bet)
Seat 2: step62279 (small blind) folded before Flop
Seat 3: finbar26 (big blind) folded before Flop
Seat 4: MyGarden folded before Flop (didn't bet)
Seat 5: Alameda22 folded before Flop (didn't bet)
Seat 6: locketoni folded before Flop (didn't bet)
Seat 7: DasUbernator folded before Flop (didn't bet)
Seat 8: janeX14511 collected ($0.85)
Seat 9: TERBAL folded before Flop



PokerStars Game #19570819976:  Hold'em No Limit ($0.10/$0.25) - 2008/08/12 - 19:09:10 (ET)
Table 'Galt' 9-max Seat #2 is the button
Seat 1: Dablo82 ($100.85 in chips) 
Seat 2: step62279 ($15.55 in chips) 
Seat 3: finbar26 ($24.70 in chips) 
Seat 4: MyGarden ($37.70 in chips) 
Seat 5: Alameda22 ($23.60 in chips) 
Seat 6: locketoni ($14.50 in chips) 
Seat 7: DasUbernator ($20.90 in chips) 
Seat 8: janeX14511 ($23.85 in chips) 
Seat 9: TERBAL ($9.75 in chips) 
finbar26: posts small blind $0.10
MyGarden: posts big blind $0.25
*** HOLE CARDS ***
Dealt to Alameda22 [6s 2h]
Alameda22: folds 
locketoni: folds 
DasUbernator: folds 
janeX14511: calls $0.25
TERBAL: calls $0.25
Dablo82: folds 
step62279: folds 
finbar26: folds 
MyGarden: checks 
*** FLOP *** [5h 5d Ah]
MyGarden: checks 
janeX14511: checks 
TERBAL: checks 
*** TURN *** [5h 5d Ah] [Jc]
MyGarden: checks 
janeX14511: checks 
TERBAL: checks 
*** RIVER *** [5h 5d Ah Jc] [4c]
MyGarden: bets $1
janeX14511: folds 
TERBAL: folds 
Uncalled bet ($1) returned to MyGarden
MyGarden collected $0.85 from pot
MyGarden: doesn't show hand 
*** SUMMARY ***
Total pot $0.85 | Rake $0 
Board [5h 5d Ah Jc 4c]
Seat 1: Dablo82 folded before Flop (didn't bet)
Seat 2: step62279 (button) folded before Flop (didn't bet)
Seat 3: finbar26 (small blind) folded before Flop
Seat 4: MyGarden (big blind) collected ($0.85)
Seat 5: Alameda22 folded before Flop (didn't bet)
Seat 6: locketoni folded before Flop (didn't bet)
Seat 7: DasUbernator folded before Flop (didn't bet)
Seat 8: janeX14511 folded on the River
Seat 9: TERBAL folded on the River



PokerStars Game #19570854955:  Hold'em No Limit ($0.10/$0.25) - 2008/08/12 - 19:10:41 (ET)
Table 'Galt' 9-max Seat #3 is the button
Seat 1: Dablo82 ($100.85 in chips) 
Seat 2: step62279 ($15.55 in chips) 
Seat 3: finbar26 ($24.60 in chips) 
Seat 4: MyGarden ($38.30 in chips) 
Seat 5: Alameda22 ($23.60 in chips) 
Seat 6: locketoni ($14.50 in chips) 
Seat 7: DasUbernator ($20.90 in chips) 
Seat 8: janeX14511 ($23.60 in chips) 
Seat 9: TERBAL ($9.50 in chips) 
MyGarden: posts small blind $0.10
Alameda22: posts big blind $0.25
*** HOLE CARDS ***
Dealt to Alameda22 [Td 3s]
locketoni: folds 
DasUbernator: folds 
janeX14511: folds 
TERBAL is disconnected 
TERBAL is connected 
TERBAL: folds 
Dablo82: folds 
locketoni is sitting out
step62279: folds 
finbar26: folds 
MyGarden: calls $0.15
Alameda22: checks 
*** FLOP *** [3h 6s 8s]
MyGarden: checks 
Alameda22: bets $0.25
MyGarden: calls $0.25
*** TURN *** [3h 6s 8s] [Jc]
MyGarden: checks 
Alameda22: checks 
*** RIVER *** [3h 6s 8s Jc] [As]
MyGarden: bets $0.50
Alameda22: folds 
Uncalled bet ($0.50) returned to MyGarden
MyGarden collected $0.95 from pot
MyGarden: doesn't show hand 
*** SUMMARY ***
Total pot $1 | Rake $0.05 
Board [3h 6s 8s Jc As]
Seat 1: Dablo82 folded before Flop (didn't bet)
Seat 2: step62279 folded before Flop (didn't bet)
Seat 3: finbar26 (button) folded before Flop (didn't bet)
Seat 4: MyGarden (small blind) collected ($0.95)
Seat 5: Alameda22 (big blind) folded on the River
Seat 6: locketoni folded before Flop (didn't bet)
Seat 7: DasUbernator folded before Flop (didn't bet)
Seat 8: janeX14511 folded before Flop (didn't bet)
Seat 9: TERBAL folded before Flop (didn't bet)



PokerStars Game #19570893599:  Hold'em No Limit ($0.10/$0.25) - 2008/08/12 - 19:12:21 (ET)
Table 'Galt' 9-max Seat #4 is the button
Seat 1: Dablo82 ($100.85 in chips) 
Seat 2: step62279 ($15.55 in chips) 
Seat 3: finbar26 ($24.60 in chips) 
Seat 4: MyGarden ($38.75 in chips) 
Seat 5: Alameda22 ($23.10 in chips) 
Seat 7: DasUbernator ($20.90 in chips) 
Seat 8: janeX14511 ($23.60 in chips) 
Seat 9: TERBAL ($9.50 in chips) 
Alameda22: posts small blind $0.10
DasUbernator: posts big blind $0.25
*** HOLE CARDS ***
Dealt to Alameda22 [5h 2d]
janeX14511: folds 
TERBAL: calls $0.25
Dablo82: calls $0.25
step62279: folds 
finbar26: calls $0.25
MyGarden: calls $0.25
Alameda22: folds 
TERBAL is disconnected 
TERBAL is connected 
DasUbernator: checks 
*** FLOP *** [4s 8h Kh]
DasUbernator: checks 
TERBAL: checks 
Dablo82: bets $1.25
finbar26: folds 
locketoni leaves the table
MyGarden: raises $1.25 to $2.50
DasUbernator: folds 
TERBAL is disconnected 
TERBAL is connected 
TERBAL: folds 
Dablo82: calls $1.25
*** TURN *** [4s 8h Kh] [Kd]
Dablo82: checks 
MyGarden: checks 
*** RIVER *** [4s 8h Kh Kd] [3h]
Dablo82: checks 
MyGarden: bets $2.95
Dablo82: calls $2.95
*** SHOW DOWN ***
MyGarden: shows [Kc 4c] (a full house, Kings full of Fours)
Dablo82: mucks hand 
MyGarden collected $11.70 from pot
*** SUMMARY ***
Total pot $12.25 | Rake $0.55 
Board [4s 8h Kh Kd 3h]
Seat 1: Dablo82 mucked [Ks Jh]
Seat 2: step62279 folded before Flop (didn't bet)
Seat 3: finbar26 folded on the Flop
Seat 4: MyGarden (button) showed [Kc 4c] and won ($11.70) with a full house, Kings full of Fours
Seat 5: Alameda22 (small blind) folded before Flop
Seat 7: DasUbernator (big blind) folded on the Flop
Seat 8: janeX14511 folded before Flop (didn't bet)
Seat 9: TERBAL folded on the Flop



PokerStars Game #19570946844:  Hold'em No Limit ($0.10/$0.25) - 2008/08/12 - 19:14:42 (ET)
Table 'Galt' 9-max Seat #5 is the button
Seat 1: Dablo82 ($95.15 in chips) 
Seat 2: step62279 ($15.55 in chips) 
Seat 3: finbar26 ($24.35 in chips) 
Seat 4: MyGarden ($44.75 in chips) 
Seat 5: Alameda22 ($23 in chips) 
Seat 7: DasUbernator ($20.65 in chips) 
Seat 8: janeX14511 ($23.60 in chips) 
Seat 9: TERBAL ($9.25 in chips) 
DasUbernator: posts small blind $0.10
janeX14511: posts big blind $0.25
*** HOLE CARDS ***
Dealt to Alameda22 [3s 8d]
TERBAL: folds 
Dablo82: folds 
step62279: folds 
finbar26: folds 
MyGarden: calls $0.25
Alameda22: folds 
DasUbernator: calls $0.15
janeX14511: checks 
*** FLOP *** [7c 2c 6s]
DasUbernator: checks 
janeX14511: bets $1.75
MyGarden: folds 
DasUbernator: calls $1.75
*** TURN *** [7c 2c 6s] [6c]
DasUbernator: bets $1.25
janeX14511: folds 
Uncalled bet ($1.25) returned to DasUbernator
DasUbernator collected $4.05 from pot
*** SUMMARY ***
Total pot $4.25 | Rake $0.20 
Board [7c 2c 6s 6c]
Seat 1: Dablo82 folded before Flop (didn't bet)
Seat 2: step62279 folded before Flop (didn't bet)
Seat 3: finbar26 folded before Flop (didn't bet)
Seat 4: MyGarden folded on the Flop
Seat 5: Alameda22 (button) folded before Flop (didn't bet)
Seat 7: DasUbernator (small blind) collected ($4.05)
Seat 8: janeX14511 (big blind) folded on the Turn
Seat 9: TERBAL folded before Flop (didn't bet)



PokerStars Game #19570974710:  Hold'em No Limit ($0.10/$0.25) - 2008/08/12 - 19:15:56 (ET)
Table 'Galt' 9-max Seat #7 is the button
Seat 1: Dablo82 ($95.15 in chips) 
Seat 2: step62279 ($15.55 in chips) 
Seat 3: finbar26 ($24.35 in chips) 
Seat 4: MyGarden ($44.50 in chips) 
Seat 5: Alameda22 ($23 in chips) 
Seat 7: DasUbernator ($22.70 in chips) 
Seat 8: janeX14511 ($21.60 in chips) 
Seat 9: TERBAL ($9.25 in chips) 
janeX14511: posts small blind $0.10
TERBAL is disconnected 
TERBAL is connected 
TERBAL: posts big blind $0.25
*** HOLE CARDS ***
Dealt to Alameda22 [Ad 2s]
Dablo82: folds 
step62279: folds 
finbar26: folds 
MyGarden: folds 
Alameda22: folds 
DasUbernator: folds 
janeX14511: raises $0.50 to $0.75
bajabaraba joins the table at seat #6 
TERBAL: folds 
Uncalled bet ($0.50) returned to janeX14511
janeX14511 collected $0.50 from pot
janeX14511: doesn't show hand 
*** SUMMARY ***
Total pot $0.50 | Rake $0 
Seat 1: Dablo82 folded before Flop (didn't bet)
Seat 2: step62279 folded before Flop (didn't bet)
Seat 3: finbar26 folded before Flop (didn't bet)
Seat 4: MyGarden folded before Flop (didn't bet)
Seat 5: Alameda22 folded before Flop (didn't bet)
Seat 7: DasUbernator (button) folded before Flop (didn't bet)
Seat 8: janeX14511 (small blind) collected ($0.50)
Seat 9: TERBAL (big blind) folded before Flop



PokerStars Game #19570994203:  Hold'em No Limit ($0.10/$0.25) - 2008/08/12 - 19:16:46 (ET)
Table 'Galt' 9-max Seat #8 is the button
Seat 1: Dablo82 ($95.15 in chips) 
Seat 2: step62279 ($15.55 in chips) 
Seat 3: finbar26 ($24.35 in chips) 
Seat 4: MyGarden ($44.50 in chips) 
Seat 5: Alameda22 ($23 in chips) 
Seat 6: bajabaraba ($15 in chips) 
Seat 7: DasUbernator ($22.70 in chips) 
Seat 8: janeX14511 ($21.85 in chips) 
Seat 9: TERBAL ($9 in chips) 
TERBAL: posts small blind $0.10
Dablo82: posts big blind $0.25
bajabaraba: posts big blind $0.25
*** HOLE CARDS ***
Dealt to Alameda22 [9h Kh]
step62279: folds 
finbar26: raises $0.25 to $0.50
MyGarden: folds 
Alameda22: folds 
bajabaraba: folds 
DasUbernator: folds 
janeX14511: folds 
TERBAL: folds 
Dablo82: calls $0.25
*** FLOP *** [Ac 7c Tc]
Dablo82: checks 
finbar26: bets $1
Dablo82: folds 
Uncalled bet ($1) returned to finbar26
finbar26 collected $1.30 from pot
finbar26: doesn't show hand 
*** SUMMARY ***
Total pot $1.35 | Rake $0.05 
Board [Ac 7c Tc]
Seat 1: Dablo82 (big blind) folded on the Flop
Seat 2: step62279 folded before Flop (didn't bet)
Seat 3: finbar26 collected ($1.30)
Seat 4: MyGarden folded before Flop (didn't bet)
Seat 5: Alameda22 folded before Flop (didn't bet)
Seat 6: bajabaraba folded before Flop
Seat 7: DasUbernator folded before Flop (didn't bet)
Seat 8: janeX14511 (button) folded before Flop (didn't bet)
Seat 9: TERBAL (small blind) folded before Flop



PokerStars Game #19571016825:  Hold'em No Limit ($0.10/$0.25) - 2008/08/12 - 19:17:46 (ET)
Table 'Galt' 9-max Seat #9 is the button
Seat 1: Dablo82 ($94.65 in chips) 
Seat 2: step62279 ($15.55 in chips) 
Seat 3: finbar26 ($25.15 in chips) 
Seat 4: MyGarden ($44.50 in chips) 
Seat 5: Alameda22 ($23 in chips) 
Seat 6: bajabaraba ($14.75 in chips) 
Seat 7: DasUbernator ($22.70 in chips) 
Seat 8: janeX14511 ($21.85 in chips) 
Seat 9: TERBAL ($8.90 in chips) 
Dablo82: posts small blind $0.10
step62279: posts big blind $0.25
*** HOLE CARDS ***
Dealt to Alameda22 [9c 3d]
finbar26: folds 
MyGarden: raises $0.25 to $0.50
finbar26 leaves the table
Alameda22: folds 
pkr2k8 joins the table at seat #3 
bajabaraba: calls $0.50
DasUbernator: folds 
janeX14511: folds 
TERBAL: folds 
Dablo82: folds 
step62279: folds 
*** FLOP *** [Ad 9h 5h]
MyGarden: bets $0.50
bajabaraba: calls $0.50
*** TURN *** [Ad 9h 5h] [Kh]
DasUbernator said, "lst das lhr Gesicht?"
MyGarden: bets $1.25
bajabaraba: calls $1.25
*** RIVER *** [Ad 9h 5h Kh] [As]
MyGarden: checks 
bajabaraba: checks 
*** SHOW DOWN ***
MyGarden: shows [Qs Kd] (two pair, Aces and Kings)
bajabaraba: shows [Ac Tc] (three of a kind, Aces)
bajabaraba collected $4.65 from pot
*** SUMMARY ***
Total pot $4.85 | Rake $0.20 
Board [Ad 9h 5h Kh As]
Seat 1: Dablo82 (small blind) folded before Flop
Seat 2: step62279 (big blind) folded before Flop
Seat 3: finbar26 folded before Flop (didn't bet)
Seat 4: MyGarden showed [Qs Kd] and lost with two pair, Aces and Kings
Seat 5: Alameda22 folded before Flop (didn't bet)
Seat 6: bajabaraba showed [Ac Tc] and won ($4.65) with three of a kind, Aces
Seat 7: DasUbernator folded before Flop (didn't bet)
Seat 8: janeX14511 folded before Flop (didn't bet)
Seat 9: TERBAL (button) folded before Flop (didn't bet)



PokerStars Game #19571047644:  Hold'em No Limit ($0.10/$0.25) - 2008/08/12 - 19:19:07 (ET)
Table 'Galt' 9-max Seat #1 is the button
Seat 1: Dablo82 ($94.55 in chips) 
Seat 2: step62279 ($15.30 in chips) 
Seat 3: pkr2k8 ($25 in chips) 
Seat 4: MyGarden ($42.25 in chips) 
Seat 5: Alameda22 ($23 in chips) 
Seat 6: bajabaraba ($17.15 in chips) 
Seat 7: DasUbernator ($22.70 in chips) 
Seat 8: janeX14511 ($21.85 in chips) 
Seat 9: TERBAL ($8.90 in chips) 
step62279: posts small blind $0.10
pkr2k8: posts big blind $0.25
*** HOLE CARDS ***
Dealt to Alameda22 [Jd 5c]
TERBAL is disconnected 
MyGarden: folds 
TERBAL is connected 
Alameda22: folds 
bajabaraba: calls $0.25
DasUbernator: folds 
janeX14511: folds 
TERBAL: calls $0.25
Dablo82: folds 
step62279: folds 
pkr2k8: checks 
*** FLOP *** [Ah Ts Qh]
pkr2k8: checks 
bajabaraba: checks 
TERBAL is disconnected 
TERBAL is connected 
TERBAL: bets $0.75
pkr2k8: folds 
bajabaraba: folds 
Uncalled bet ($0.75) returned to TERBAL
TERBAL collected $0.85 from pot
*** SUMMARY ***
Total pot $0.85 | Rake $0 
Board [Ah Ts Qh]
Seat 1: Dablo82 (button) folded before Flop (didn't bet)
Seat 2: step62279 (small blind) folded before Flop
Seat 3: pkr2k8 (big blind) folded on the Flop
Seat 4: MyGarden folded before Flop (didn't bet)
Seat 5: Alameda22 folded before Flop (didn't bet)
Seat 6: bajabaraba folded on the Flop
Seat 7: DasUbernator folded before Flop (didn't bet)
Seat 8: janeX14511 folded before Flop (didn't bet)
Seat 9: TERBAL collected ($0.85)



PokerStars Game #19571083280:  Hold'em No Limit ($0.10/$0.25) - 2008/08/12 - 19:20:39 (ET)
Table 'Galt' 9-max Seat #2 is the button
Seat 1: Dablo82 ($94.55 in chips) 
Seat 2: step62279 ($15.20 in chips) 
Seat 3: pkr2k8 ($24.75 in chips) 
Seat 4: MyGarden ($42.25 in chips) 
Seat 5: Alameda22 ($23 in chips) 
Seat 6: bajabaraba ($16.90 in chips) 
Seat 7: DasUbernator ($22.70 in chips) 
Seat 8: janeX14511 ($21.85 in chips) 
Seat 9: TERBAL ($9.50 in chips) 
pkr2k8: posts small blind $0.10
MyGarden: posts big blind $0.25
*** HOLE CARDS ***
Dealt to Alameda22 [5d Qc]
Alameda22: folds 
bajabaraba: raises $0.25 to $0.50
DasUbernator: calls $0.50
janeX14511: raises $1 to $1.50
TERBAL: folds 
TERBAL is sitting out
Dablo82: calls $1.50
step62279: folds 
pkr2k8: folds 
MyGarden: folds 
bajabaraba: calls $1
DasUbernator: calls $1
*** FLOP *** [6d Ah 5c]
bajabaraba: bets $0.50
DasUbernator: folds 
janeX14511: raises $2.50 to $3
Dablo82: folds 
TERBAL is connected 
TERBAL has returned
bajabaraba: calls $2.50
*** TURN *** [6d Ah 5c] [4c]
bajabaraba: bets $0.25
janeX14511: raises $9.75 to $10
bajabaraba: calls $9.75
*** RIVER *** [6d Ah 5c 4c] [6c]
bajabaraba: bets $2.40 and is all-in
janeX14511: calls $2.40
*** SHOW DOWN ***
bajabaraba: shows [Ac Jc] (a flush, Ace high)
janeX14511: mucks hand 
bajabaraba collected $35.40 from pot
*** SUMMARY ***
Total pot $37.15 | Rake $1.75 
Board [6d Ah 5c 4c 6c]
Seat 1: Dablo82 folded on the Flop
Seat 2: step62279 (button) folded before Flop (didn't bet)
Seat 3: pkr2k8 (small blind) folded before Flop
Seat 4: MyGarden (big blind) folded before Flop
Seat 5: Alameda22 folded before Flop (didn't bet)
Seat 6: bajabaraba showed [Ac Jc] and won ($35.40) with a flush, Ace high
Seat 7: DasUbernator folded on the Flop
Seat 8: janeX14511 mucked [As Kh]
Seat 9: TERBAL folded before Flop (didn't bet)



PokerStars Game #19571127781:  Hold'em No Limit ($0.10/$0.25) - 2008/08/12 - 19:22:36 (ET)
Table 'Galt' 9-max Seat #3 is the button
Seat 1: Dablo82 ($93.05 in chips) 
Seat 2: step62279 ($15.20 in chips) 
Seat 3: pkr2k8 ($24.65 in chips) 
Seat 4: MyGarden ($42 in chips) 
Seat 5: Alameda22 ($23 in chips) 
Seat 6: bajabaraba ($35.40 in chips) 
Seat 7: DasUbernator ($21.20 in chips) 
Seat 8: janeX14511 ($25 in chips) 
Seat 9: TERBAL ($9.50 in chips) 
MyGarden: posts small blind $0.10
Alameda22: posts big blind $0.25
*** HOLE CARDS ***
Dealt to Alameda22 [4d Tc]
bajabaraba: raises $0.75 to $1
DasUbernator: calls $1
janeX14511: folds 
TERBAL: folds 
Dablo82: folds 
step62279: folds 
pkr2k8: folds 
MyGarden: folds 
Alameda22: folds 
*** FLOP *** [5d 3s Ks]
bajabaraba: bets $1
DasUbernator: calls $1
*** TURN *** [5d 3s Ks] [5s]
bajabaraba: bets $1
DasUbernator: raises $2 to $3
bajabaraba: calls $2
*** RIVER *** [5d 3s Ks 5s] [Js]
bajabaraba: bets $1.75
DasUbernator: calls $1.75
*** SHOW DOWN ***
bajabaraba: shows [Ad Kh] (two pair, Kings and Fives)
DasUbernator: shows [Kd Qs] (a flush, King high)
DasUbernator collected $13.20 from pot
*** SUMMARY ***
Total pot $13.85 | Rake $0.65 
Board [5d 3s Ks 5s Js]
Seat 1: Dablo82 folded before Flop (didn't bet)
Seat 2: step62279 folded before Flop (didn't bet)
Seat 3: pkr2k8 (button) folded before Flop (didn't bet)
Seat 4: MyGarden (small blind) folded before Flop
Seat 5: Alameda22 (big blind) folded before Flop
Seat 6: bajabaraba showed [Ad Kh] and lost with two pair, Kings and Fives
Seat 7: DasUbernator showed [Kd Qs] and won ($13.20) with a flush, King high
Seat 8: janeX14511 folded before Flop (didn't bet)
Seat 9: TERBAL folded before Flop (didn't bet)



PokerStars Game #19571156223:  Hold'em No Limit ($0.10/$0.25) - 2008/08/12 - 19:23:51 (ET)
Table 'Galt' 9-max Seat #4 is the button
Seat 1: Dablo82 ($93.05 in chips) 
Seat 2: step62279 ($15.20 in chips) 
Seat 3: pkr2k8 ($24.65 in chips) 
Seat 4: MyGarden ($41.90 in chips) 
Seat 5: Alameda22 ($22.75 in chips) 
Seat 6: bajabaraba ($28.65 in chips) 
Seat 7: DasUbernator ($27.65 in chips) 
Seat 8: janeX14511 ($25 in chips) 
Seat 9: TERBAL ($9.50 in chips) 
Alameda22: posts small blind $0.10
bajabaraba: posts big blind $0.25
*** HOLE CARDS ***
Dealt to Alameda22 [9h Ah]
DasUbernator: folds 
janeX14511: folds 
TERBAL: raises $0.50 to $0.75
Dablo82: folds 
bajabaraba said, "typical stars"
step62279: folds 
pkr2k8: calls $0.75
MyGarden: calls $0.75
Alameda22: folds 
bajabaraba: folds 
*** FLOP *** [9s Qh 7s]
TERBAL: bets $1
pkr2k8: folds 
MyGarden: folds 
Uncalled bet ($1) returned to TERBAL
TERBAL collected $2.50 from pot
*** SUMMARY ***
Total pot $2.60 | Rake $0.10 
Board [9s Qh 7s]
Seat 1: Dablo82 folded before Flop (didn't bet)
Seat 2: step62279 folded before Flop (didn't bet)
Seat 3: pkr2k8 folded on the Flop
Seat 4: MyGarden (button) folded on the Flop
Seat 5: Alameda22 (small blind) folded before Flop
Seat 6: bajabaraba (big blind) folded before Flop
Seat 7: DasUbernator folded before Flop (didn't bet)
Seat 8: janeX14511 folded before Flop (didn't bet)
Seat 9: TERBAL collected ($2.50)



PokerStars Game #19571181183:  Hold'em No Limit ($0.10/$0.25) - 2008/08/12 - 19:24:56 (ET)
Table 'Galt' 9-max Seat #5 is the button
Seat 1: Dablo82 ($93.05 in chips) 
Seat 2: step62279 ($15.20 in chips) 
Seat 3: pkr2k8 ($23.90 in chips) 
Seat 4: MyGarden ($41.15 in chips) 
Seat 5: Alameda22 ($22.65 in chips) 
Seat 6: bajabaraba ($28.40 in chips) 
Seat 7: DasUbernator ($27.65 in chips) 
Seat 8: janeX14511 ($25 in chips) 
Seat 9: TERBAL ($11.25 in chips) 
bajabaraba: posts small blind $0.10
DasUbernator: posts big blind $0.25
*** HOLE CARDS ***
Dealt to Alameda22 [4s 6c]
TERBAL is disconnected 
janeX14511: calls $0.25
TERBAL is connected 
TERBAL: folds 
Dablo82: folds 
step62279: folds 
pkr2k8: folds 
MyGarden: calls $0.25
Alameda22: folds 
bajabaraba: calls $0.15
DasUbernator: checks 
*** FLOP *** [5h 6h 7c]
bajabaraba: bets $0.75
DasUbernator: calls $0.75
janeX14511: folds 
MyGarden: folds 
*** TURN *** [5h 6h 7c] [Jd]
TERBAL is disconnected 
TERBAL is connected 
bajabaraba: bets $1.75
DasUbernator: raises $2.25 to $4
bajabaraba: calls $2.25
*** RIVER *** [5h 6h 7c Jd] [Qh]
bajabaraba: checks 
DasUbernator said, "burn"
DasUbernator: checks 
*** SHOW DOWN ***
bajabaraba: shows [4c 8h] (a straight, Four to Eight)
DasUbernator: shows [8d 9s] (a straight, Five to Nine)
DasUbernator collected $10 from pot
*** SUMMARY ***
Total pot $10.50 | Rake $0.50 
Board [5h 6h 7c Jd Qh]
Seat 1: Dablo82 folded before Flop (didn't bet)
Seat 2: step62279 folded before Flop (didn't bet)
Seat 3: pkr2k8 folded before Flop (didn't bet)
Seat 4: MyGarden folded on the Flop
Seat 5: Alameda22 (button) folded before Flop (didn't bet)
Seat 6: bajabaraba (small blind) showed [4c 8h] and lost with a straight, Four to Eight
Seat 7: DasUbernator (big blind) showed [8d 9s] and won ($10) with a straight, Five to Nine
Seat 8: janeX14511 folded on the Flop
Seat 9: TERBAL folded before Flop (didn't bet)



PokerStars Game #19571223080:  Hold'em No Limit ($0.10/$0.25) - 2008/08/12 - 19:26:47 (ET)
Table 'Galt' 9-max Seat #6 is the button
Seat 1: Dablo82 ($93.05 in chips) 
Seat 2: step62279 ($15.20 in chips) 
Seat 3: pkr2k8 ($23.90 in chips) 
Seat 4: MyGarden ($40.90 in chips) 
Seat 5: Alameda22 ($22.65 in chips) 
Seat 6: bajabaraba ($23.40 in chips) 
Seat 7: DasUbernator ($32.65 in chips) 
Seat 8: janeX14511 ($24.75 in chips) 
Seat 9: TERBAL ($11.25 in chips) 
DasUbernator: posts small blind $0.10
janeX14511: posts big blind $0.25
*** HOLE CARDS ***
Dealt to Alameda22 [Jc 7c]
bajabaraba said, "lol"
TERBAL is disconnected 
TERBAL is connected 
TERBAL: raises $0.75 to $1
Dablo82: folds 
step62279: folds 
pkr2k8: folds 
MyGarden: folds 
Alameda22: folds 
bajabaraba: folds 
bajabaraba leaves the table
DasUbernator: folds 
RichyRichDic joins the table at seat #6 
janeX14511: folds 
Uncalled bet ($0.75) returned to TERBAL
TERBAL collected $0.60 from pot
*** SUMMARY ***
Total pot $0.60 | Rake $0 
Seat 1: Dablo82 folded before Flop (didn't bet)
Seat 2: step62279 folded before Flop (didn't bet)
Seat 3: pkr2k8 folded before Flop (didn't bet)
Seat 4: MyGarden folded before Flop (didn't bet)
Seat 5: Alameda22 folded before Flop (didn't bet)
Seat 6: bajabaraba (button) folded before Flop (didn't bet)
Seat 7: DasUbernator (small blind) folded before Flop
Seat 8: janeX14511 (big blind) folded before Flop
Seat 9: TERBAL collected ($0.60)



PokerStars Game #19571245818:  Hold'em No Limit ($0.10/$0.25) - 2008/08/12 - 19:27:47 (ET)
Table 'Galt' 9-max Seat #7 is the button
Seat 1: Dablo82 ($93.05 in chips) 
Seat 2: step62279 ($15.20 in chips) 
Seat 3: pkr2k8 ($23.90 in chips) 
Seat 4: MyGarden ($40.90 in chips) 
Seat 5: Alameda22 ($22.65 in chips) 
Seat 7: DasUbernator ($32.55 in chips) 
Seat 8: janeX14511 ($24.50 in chips) 
Seat 9: TERBAL ($11.60 in chips) 
janeX14511: posts small blind $0.10
TERBAL is disconnected 
TERBAL is connected 
TERBAL: posts big blind $0.25
RichyRichDic: sits out 
*** HOLE CARDS ***
Dealt to Alameda22 [4s 9h]
Dablo82: calls $0.25
step62279: folds 
pkr2k8: folds 
MyGarden: raises $0.25 to $0.50
Alameda22: folds 
DasUbernator: folds 
janeX14511: folds 
TERBAL: folds 
Dablo82: calls $0.25
*** FLOP *** [Jc 7h 2c]
Dablo82: bets $1
MyGarden: calls $1
*** TURN *** [Jc 7h 2c] [3c]
Dablo82: bets $1
MyGarden: folds 
Uncalled bet ($1) returned to Dablo82
Dablo82 collected $3.20 from pot
Dablo82: doesn't show hand 
*** SUMMARY ***
Total pot $3.35 | Rake $0.15 
Board [Jc 7h 2c 3c]
Seat 1: Dablo82 collected ($3.20)
Seat 2: step62279 folded before Flop (didn't bet)
Seat 3: pkr2k8 folded before Flop (didn't bet)
Seat 4: MyGarden folded on the Turn
Seat 5: Alameda22 folded before Flop (didn't bet)
Seat 7: DasUbernator (button) folded before Flop (didn't bet)
Seat 8: janeX14511 (small blind) folded before Flop
Seat 9: TERBAL (big blind) folded before Flop



PokerStars Game #19571276237:  Hold'em No Limit ($0.10/$0.25) - 2008/08/12 - 19:29:07 (ET)
Table 'Galt' 9-max Seat #8 is the button
Seat 1: Dablo82 ($94.75 in chips) 
Seat 2: step62279 ($15.20 in chips) 
Seat 3: pkr2k8 ($23.90 in chips) 
Seat 4: MyGarden ($39.40 in chips) 
Seat 5: Alameda22 ($22.65 in chips) 
Seat 7: DasUbernator ($32.55 in chips) 
Seat 8: janeX14511 ($24.40 in chips) 
Seat 9: TERBAL ($11.35 in chips) 
TERBAL: posts small blind $0.10
Dablo82: posts big blind $0.25
RichyRichDic: sits out 
*** HOLE CARDS ***
Dealt to Alameda22 [Jc As]
step62279: raises $0.75 to $1
pkr2k8: calls $1
MyGarden: folds 
Alameda22: folds 
DasUbernator: folds 
janeX14511: folds 
TERBAL: folds 
Dablo82: folds 
*** FLOP *** [Qs 5h 4h]
step62279: bets $2.25
pkr2k8: raises $3.25 to $5.50
step62279: calls $3.25
*** TURN *** [Qs 5h 4h] [6s]
step62279: bets $8.70 and is all-in
pkr2k8: calls $8.70
*** RIVER *** [Qs 5h 4h 6s] [4s]
*** SHOW DOWN ***
step62279: shows [Ks Kh] (two pair, Kings and Fours)
pkr2k8: shows [Ah Ad] (two pair, Aces and Fours)
pkr2k8 collected $29.25 from pot
*** SUMMARY ***
Total pot $30.75 | Rake $1.50 
Board [Qs 5h 4h 6s 4s]
Seat 1: Dablo82 (big blind) folded before Flop
Seat 2: step62279 showed [Ks Kh] and lost with two pair, Kings and Fours
Seat 3: pkr2k8 showed [Ah Ad] and won ($29.25) with two pair, Aces and Fours
Seat 4: MyGarden folded before Flop (didn't bet)
Seat 5: Alameda22 folded before Flop (didn't bet)
Seat 7: DasUbernator folded before Flop (didn't bet)
Seat 8: janeX14511 (button) folded before Flop (didn't bet)
Seat 9: TERBAL (small blind) folded before Flop



PokerStars Game #19571306419:  Hold'em No Limit ($0.10/$0.25) - 2008/08/12 - 19:30:27 (ET)
Table 'Galt' 9-max Seat #9 is the button
Seat 1: Dablo82 ($94.50 in chips) 
Seat 3: pkr2k8 ($37.95 in chips) 
Seat 4: MyGarden ($39.40 in chips) 
Seat 5: Alameda22 ($22.65 in chips) 
Seat 7: DasUbernator ($32.55 in chips) 
Seat 8: janeX14511 ($24.40 in chips) 
Seat 9: TERBAL ($11.25 in chips) 
Dablo82: posts small blind $0.10
pkr2k8: posts big blind $0.25
RichyRichDic: sits out 
*** HOLE CARDS ***
Dealt to Alameda22 [4h Jd]
step62279 has returned
MyGarden: folds 
DasUbernator said, "nh"
Alameda22: folds 
DasUbernator: folds 
janeX14511: folds 
TERBAL is disconnected 
TERBAL is connected 
TERBAL: raises $0.75 to $1
Dablo82: folds 
pkr2k8: folds 
Uncalled bet ($0.75) returned to TERBAL
TERBAL collected $0.60 from pot
TERBAL: shows [Ad Ks] (high card Ace)
*** SUMMARY ***
Total pot $0.60 | Rake $0 
Seat 1: Dablo82 (small blind) folded before Flop
Seat 3: pkr2k8 (big blind) folded before Flop
Seat 4: MyGarden folded before Flop (didn't bet)
Seat 5: Alameda22 folded before Flop (didn't bet)
Seat 7: DasUbernator folded before Flop (didn't bet)
Seat 8: janeX14511 folded before Flop (didn't bet)
Seat 9: TERBAL (button) collected ($0.60)



PokerStars Game #19571329748:  Hold'em No Limit ($0.10/$0.25) - 2008/08/12 - 19:31:29 (ET)
Table 'Galt' 9-max Seat #1 is the button
Seat 1: Dablo82 ($94.40 in chips) 
Seat 3: pkr2k8 ($37.70 in chips) 
Seat 4: MyGarden ($39.40 in chips) 
Seat 5: Alameda22 ($22.65 in chips) 
Seat 7: DasUbernator ($32.55 in chips) 
Seat 8: janeX14511 ($24.40 in chips) 
Seat 9: TERBAL ($11.60 in chips) 
step62279 will be allowed to play after the button
pkr2k8: posts small blind $0.10
MyGarden: posts big blind $0.25
RichyRichDic: sits out 
*** HOLE CARDS ***
Dealt to Alameda22 [Tc Js]
Alameda22: folds 
DasUbernator: folds 
janeX14511: folds 
TERBAL is disconnected 
TERBAL is connected 
TERBAL: raises $0.50 to $0.75
Dablo82: folds 
pkr2k8: folds 
MyGarden: calls $0.50
*** FLOP *** [6s 8s 8d]
MyGarden: checks 
TERBAL is disconnected 
TERBAL is connected 
TERBAL: checks 
*** TURN *** [6s 8s 8d] [7s]
MyGarden: checks 
TERBAL: bets $0.75
MyGarden: calls $0.75
*** RIVER *** [6s 8s 8d 7s] [9c]
MyGarden: bets $1
TERBAL: raises $2 to $3
MyGarden: folds 
Uncalled bet ($2) returned to TERBAL
TERBAL collected $4.90 from pot
TERBAL is sitting out
*** SUMMARY ***
Total pot $5.10 | Rake $0.20 
Board [6s 8s 8d 7s 9c]
Seat 1: Dablo82 (button) folded before Flop (didn't bet)
Seat 3: pkr2k8 (small blind) folded before Flop
Seat 4: MyGarden (big blind) folded on the River
Seat 5: Alameda22 folded before Flop (didn't bet)
Seat 7: DasUbernator folded before Flop (didn't bet)
Seat 8: janeX14511 folded before Flop (didn't bet)
Seat 9: TERBAL collected ($4.90)



PokerStars Game #19571384665:  Hold'em No Limit ($0.10/$0.25) - 2008/08/12 - 19:33:50 (ET)
Table 'Galt' 9-max Seat #3 is the button
Seat 1: Dablo82 ($94.40 in chips) 
Seat 2: step62279 ($13.65 in chips) 
Seat 3: pkr2k8 ($37.60 in chips) 
Seat 4: MyGarden ($36.90 in chips) 
Seat 5: Alameda22 ($22.65 in chips) 
Seat 7: DasUbernator ($32.55 in chips) 
Seat 8: janeX14511 ($24.40 in chips) 
MyGarden: posts small blind $0.10
Alameda22: posts big blind $0.25
RichyRichDic: sits out 
step62279: posts small & big blinds $0.35
*** HOLE CARDS ***
Dealt to Alameda22 [8c 9d]
DasUbernator: raises $0.50 to $0.75
janeX14511: calls $0.75
Dablo82: raises $2 to $2.75
step62279: folds 
pkr2k8: folds 
MyGarden: folds 
Alameda22: folds 
DasUbernator: calls $2
TERBAL is connected 
TERBAL has returned
janeX14511: folds 
*** FLOP *** [Qh 6d Kh]
DasUbernator: checks 
Dablo82: bets $4
DasUbernator: calls $4
*** TURN *** [Qh 6d Kh] [6s]
DasUbernator: checks 
Dablo82: bets $3
DasUbernator: calls $3
*** RIVER *** [Qh 6d Kh 6s] [4s]
DasUbernator: checks 
Dablo82: bets $36.50
DasUbernator: calls $22.80 and is all-in
Uncalled bet ($13.70) returned to Dablo82
*** SHOW DOWN ***
Dablo82: shows [Ks Kc] (a full house, Kings full of Sixes)
DasUbernator: mucks hand 
Dablo82 collected $63.55 from pot
*** SUMMARY ***
Total pot $66.55 | Rake $3 
Board [Qh 6d Kh 6s 4s]
Seat 1: Dablo82 showed [Ks Kc] and won ($63.55) with a full house, Kings full of Sixes
Seat 2: step62279 folded before Flop
Seat 3: pkr2k8 (button) folded before Flop (didn't bet)
Seat 4: MyGarden (small blind) folded before Flop
Seat 5: Alameda22 (big blind) folded before Flop
Seat 7: DasUbernator mucked [Ac Ah]
Seat 8: janeX14511 folded before Flop



PokerStars Game #19571438766:  Hold'em No Limit ($0.10/$0.25) - 2008/08/12 - 19:36:11 (ET)
Table 'Galt' 9-max Seat #4 is the button
Seat 1: Dablo82 ($125.40 in chips) 
Seat 2: step62279 ($13.30 in chips) 
Seat 3: pkr2k8 ($37.60 in chips) 
Seat 4: MyGarden ($36.80 in chips) 
Seat 5: Alameda22 ($22.40 in chips) 
Seat 6: RichyRichDic ($25 in chips) 
Seat 8: janeX14511 ($23.65 in chips) 
Seat 9: TERBAL ($14 in chips) 
DasUbernator leaves the table
Alameda22: posts small blind $0.10
TERBAL is disconnected 
TERBAL is connected 
wezvidzz joins the table at seat #7 
RichyRichDic: posts big blind $0.25
*** HOLE CARDS ***
Dealt to Alameda22 [2c 3s]
janeX14511: folds 
TERBAL: folds 
Dablo82: folds 
step62279: calls $0.25
pkr2k8: folds 
MyGarden: calls $0.25
Alameda22: folds 
RichyRichDic: checks 
*** FLOP *** [4c 4d Js]
RichyRichDic: bets $0.50
step62279: folds 
MyGarden: folds 
Uncalled bet ($0.50) returned to RichyRichDic
RichyRichDic collected $0.85 from pot
RichyRichDic: doesn't show hand 
*** SUMMARY ***
Total pot $0.85 | Rake $0 
Board [4c 4d Js]
Seat 1: Dablo82 folded before Flop (didn't bet)
Seat 2: step62279 folded on the Flop
Seat 3: pkr2k8 folded before Flop (didn't bet)
Seat 4: MyGarden (button) folded on the Flop
Seat 5: Alameda22 (small blind) folded before Flop
Seat 6: RichyRichDic (big blind) collected ($0.85)
Seat 8: janeX14511 folded before Flop (didn't bet)
Seat 9: TERBAL folded before Flop (didn't bet)



PokerStars Game #19571476946:  Hold'em No Limit ($0.10/$0.25) - 2008/08/12 - 19:37:51 (ET)
Table 'Galt' 9-max Seat #5 is the button
Seat 1: Dablo82 ($125.40 in chips) 
Seat 2: step62279 ($13.05 in chips) 
Seat 3: pkr2k8 ($37.60 in chips) 
Seat 4: MyGarden ($36.55 in chips) 
Seat 5: Alameda22 ($22.30 in chips) 
Seat 6: RichyRichDic ($25.60 in chips) 
Seat 7: wezvidzz ($12 in chips) 
Seat 8: janeX14511 ($23.65 in chips) 
Seat 9: TERBAL ($14 in chips) 
RichyRichDic: posts small blind $0.10
wezvidzz: posts big blind $0.25
*** HOLE CARDS ***
Dealt to Alameda22 [9c 6d]
janeX14511: folds 
TERBAL: folds 
Dablo82: folds 
step62279: calls $0.25
pkr2k8: folds 
MyGarden: raises $0.25 to $0.50
Alameda22: folds 
RichyRichDic: folds 
wezvidzz: folds 
step62279: calls $0.25
*** FLOP *** [7h Kc Jc]
step62279: checks 
MyGarden: bets $1.30
step62279: folds 
Uncalled bet ($1.30) returned to MyGarden
MyGarden collected $1.30 from pot
MyGarden: doesn't show hand 
*** SUMMARY ***
Total pot $1.35 | Rake $0.05 
Board [7h Kc Jc]
Seat 1: Dablo82 folded before Flop (didn't bet)
Seat 2: step62279 folded on the Flop
Seat 3: pkr2k8 folded before Flop (didn't bet)
Seat 4: MyGarden collected ($1.30)
Seat 5: Alameda22 (button) folded before Flop (didn't bet)
Seat 6: RichyRichDic (small blind) folded before Flop
Seat 7: wezvidzz (big blind) folded before Flop
Seat 8: janeX14511 folded before Flop (didn't bet)
Seat 9: TERBAL folded before Flop (didn't bet)



PokerStars Game #19571504800:  Hold'em No Limit ($0.10/$0.25) - 2008/08/12 - 19:39:04 (ET)
Table 'Galt' 9-max Seat #6 is the button
Seat 1: Dablo82 ($125.40 in chips) 
Seat 2: step62279 ($12.55 in chips) 
Seat 3: pkr2k8 ($37.60 in chips) 
Seat 4: MyGarden ($37.35 in chips) 
Seat 5: Alameda22 ($22.30 in chips) 
Seat 6: RichyRichDic ($25.50 in chips) 
Seat 7: wezvidzz ($11.75 in chips) 
Seat 8: janeX14511 ($23.65 in chips) 
Seat 9: TERBAL ($14 in chips) 
wezvidzz: posts small blind $0.10
janeX14511: posts big blind $0.25
*** HOLE CARDS ***
Dealt to Alameda22 [Ks 3c]
TERBAL is disconnected 
TERBAL is connected 
TERBAL: folds 
Dablo82: calls $0.25
step62279: folds 
pkr2k8: folds 
MyGarden: folds 
Alameda22: folds 
RichyRichDic: folds 
wezvidzz: folds 
janeX14511: checks 
*** FLOP *** [Js Kh 4d]
janeX14511: checks 
Dablo82: bets $0.75
janeX14511: folds 
Uncalled bet ($0.75) returned to Dablo82
Dablo82 collected $0.60 from pot
Dablo82: doesn't show hand 
*** SUMMARY ***
Total pot $0.60 | Rake $0 
Board [Js Kh 4d]
Seat 1: Dablo82 collected ($0.60)
Seat 2: step62279 folded before Flop (didn't bet)
Seat 3: pkr2k8 folded before Flop (didn't bet)
Seat 4: MyGarden folded before Flop (didn't bet)
Seat 5: Alameda22 folded before Flop (didn't bet)
Seat 6: RichyRichDic (button) folded before Flop (didn't bet)
Seat 7: wezvidzz (small blind) folded before Flop
Seat 8: janeX14511 (big blind) folded on the Flop
Seat 9: TERBAL folded before Flop (didn't bet)



PokerStars Game #19571527324:  Hold'em No Limit ($0.10/$0.25) - 2008/08/12 - 19:40:02 (ET)
Table 'Galt' 9-max Seat #7 is the button
Seat 1: Dablo82 ($125.75 in chips) 
Seat 2: step62279 ($12.55 in chips) 
Seat 3: pkr2k8 ($37.60 in chips) 
Seat 4: MyGarden ($37.35 in chips) 
Seat 5: Alameda22 ($22.30 in chips) 
Seat 6: RichyRichDic ($25.50 in chips) 
Seat 7: wezvidzz ($11.65 in chips) 
Seat 8: janeX14511 ($23.40 in chips) 
Seat 9: TERBAL ($14 in chips) 
janeX14511: posts small blind $0.10
TERBAL: posts big blind $0.25
*** HOLE CARDS ***
Dealt to Alameda22 [Th 3c]
Dablo82: folds 
step62279: folds 
pkr2k8: folds 
MyGarden: folds 
Alameda22: folds 
RichyRichDic: folds 
wezvidzz: folds 
janeX14511: calls $0.15
TERBAL: raises $0.25 to $0.50
janeX14511: folds 
Uncalled bet ($0.25) returned to TERBAL
TERBAL collected $0.50 from pot
*** SUMMARY ***
Total pot $0.50 | Rake $0 
Seat 1: Dablo82 folded before Flop (didn't bet)
Seat 2: step62279 folded before Flop (didn't bet)
Seat 3: pkr2k8 folded before Flop (didn't bet)
Seat 4: MyGarden folded before Flop (didn't bet)
Seat 5: Alameda22 folded before Flop (didn't bet)
Seat 6: RichyRichDic folded before Flop (didn't bet)
Seat 7: wezvidzz (button) folded before Flop (didn't bet)
Seat 8: janeX14511 (small blind) folded before Flop
Seat 9: TERBAL (big blind) collected ($0.50)



PokerStars Game #19571544590:  Hold'em No Limit ($0.10/$0.25) - 2008/08/12 - 19:40:47 (ET)
Table 'Galt' 9-max Seat #8 is the button
Seat 1: Dablo82 ($125.75 in chips) 
Seat 2: step62279 ($12.55 in chips) 
Seat 3: pkr2k8 ($37.60 in chips) 
Seat 4: MyGarden ($37.35 in chips) 
Seat 5: Alameda22 ($22.30 in chips) 
Seat 6: RichyRichDic ($25.50 in chips) 
Seat 7: wezvidzz ($11.65 in chips) 
Seat 8: janeX14511 ($23.15 in chips) 
Seat 9: TERBAL ($14.25 in chips) 
TERBAL is disconnected 
TERBAL is connected 
TERBAL: posts small blind $0.10
Dablo82: posts big blind $0.25
*** HOLE CARDS ***
Dealt to Alameda22 [6d 9c]
step62279: folds 
pkr2k8: folds 
MyGarden: folds 
Alameda22: folds 
RichyRichDic: folds 
wezvidzz: raises $0.50 to $0.75
janeX14511: folds 
TERBAL: folds 
Dablo82: folds 
Uncalled bet ($0.50) returned to wezvidzz
wezvidzz collected $0.60 from pot
wezvidzz: doesn't show hand 
*** SUMMARY ***
Total pot $0.60 | Rake $0 
Seat 1: Dablo82 (big blind) folded before Flop
Seat 2: step62279 folded before Flop (didn't bet)
Seat 3: pkr2k8 folded before Flop (didn't bet)
Seat 4: MyGarden folded before Flop (didn't bet)
Seat 5: Alameda22 folded before Flop (didn't bet)
Seat 6: RichyRichDic folded before Flop (didn't bet)
Seat 7: wezvidzz collected ($0.60)
Seat 8: janeX14511 (button) folded before Flop (didn't bet)
Seat 9: TERBAL (small blind) folded before Flop



PokerStars Game #19571564192:  Hold'em No Limit ($0.10/$0.25) - 2008/08/12 - 19:41:38 (ET)
Table 'Galt' 9-max Seat #9 is the button
Seat 1: Dablo82 ($125.50 in chips) 
Seat 2: step62279 ($12.55 in chips) 
Seat 3: pkr2k8 ($37.60 in chips) 
Seat 4: MyGarden ($37.35 in chips) 
Seat 5: Alameda22 ($22.30 in chips) 
Seat 6: RichyRichDic ($25.50 in chips) 
Seat 7: wezvidzz ($12 in chips) 
Seat 8: janeX14511 ($23.15 in chips) 
Seat 9: TERBAL ($14.15 in chips) 
Dablo82: posts small blind $0.10
step62279: posts big blind $0.25
*** HOLE CARDS ***
Dealt to Alameda22 [4s 4c]
pkr2k8: folds 
MyGarden: folds 
Alameda22: folds 
RichyRichDic: folds 
wezvidzz: folds 
janeX14511: folds 
TERBAL is disconnected 
TERBAL is connected 
TERBAL: folds 
Dablo82: calls $0.15
step62279: checks 
*** FLOP *** [Ts 3d Jh]
Dablo82: checks 
step62279: checks 
*** TURN *** [Ts 3d Jh] [4d]
Dablo82: bets $0.75
step62279: folds 
Uncalled bet ($0.75) returned to Dablo82
Dablo82 collected $0.50 from pot
Dablo82: doesn't show hand 
*** SUMMARY ***
Total pot $0.50 | Rake $0 
Board [Ts 3d Jh 4d]
Seat 1: Dablo82 (small blind) collected ($0.50)
Seat 2: step62279 (big blind) folded on the Turn
Seat 3: pkr2k8 folded before Flop (didn't bet)
Seat 4: MyGarden folded before Flop (didn't bet)
Seat 5: Alameda22 folded before Flop (didn't bet)
Seat 6: RichyRichDic folded before Flop (didn't bet)
Seat 7: wezvidzz folded before Flop (didn't bet)
Seat 8: janeX14511 folded before Flop (didn't bet)
Seat 9: TERBAL (button) folded before Flop (didn't bet)



PokerStars Game #19571592853:  Hold'em No Limit ($0.10/$0.25) - 2008/08/12 - 19:42:53 (ET)
Table 'Galt' 9-max Seat #1 is the button
Seat 1: Dablo82 ($125.75 in chips) 
Seat 2: step62279 ($12.30 in chips) 
Seat 3: pkr2k8 ($37.60 in chips) 
Seat 4: MyGarden ($37.35 in chips) 
Seat 5: Alameda22 ($22.30 in chips) 
Seat 6: RichyRichDic ($25.50 in chips) 
Seat 7: wezvidzz ($12 in chips) 
Seat 8: janeX14511 ($23.15 in chips) 
Seat 9: TERBAL ($14.15 in chips) 
step62279: posts small blind $0.10
pkr2k8: posts big blind $0.25
*** HOLE CARDS ***
Dealt to Alameda22 [8c Tc]
MyGarden: folds 
Alameda22: folds 
TERBAL is disconnected 
TERBAL is connected 
RichyRichDic: folds 
wezvidzz: raises $0.50 to $0.75
janeX14511: folds 
TERBAL: folds 
Dablo82: calls $0.75
step62279: folds 
pkr2k8: folds 
*** FLOP *** [4d Js Kc]
wezvidzz: bets $0.75
Dablo82: calls $0.75
*** TURN *** [4d Js Kc] [4h]
wezvidzz: checks 
Dablo82: checks 
*** RIVER *** [4d Js Kc 4h] [7s]
wezvidzz: checks 
Dablo82: bets $1
TERBAL is disconnected 
TERBAL is connected 
wezvidzz: folds 
Uncalled bet ($1) returned to Dablo82
Dablo82 collected $3.20 from pot
Dablo82: doesn't show hand 
*** SUMMARY ***
Total pot $3.35 | Rake $0.15 
Board [4d Js Kc 4h 7s]
Seat 1: Dablo82 (button) collected ($3.20)
Seat 2: step62279 (small blind) folded before Flop
Seat 3: pkr2k8 (big blind) folded before Flop
Seat 4: MyGarden folded before Flop (didn't bet)
Seat 5: Alameda22 folded before Flop (didn't bet)
Seat 6: RichyRichDic folded before Flop (didn't bet)
Seat 7: wezvidzz folded on the River
Seat 8: janeX14511 folded before Flop (didn't bet)
Seat 9: TERBAL folded before Flop (didn't bet)



PokerStars Game #19571627166:  Hold'em No Limit ($0.10/$0.25) - 2008/08/12 - 19:44:23 (ET)
Table 'Galt' 9-max Seat #2 is the button
Seat 1: Dablo82 ($127.45 in chips) 
Seat 2: step62279 ($12.20 in chips) 
Seat 3: pkr2k8 ($37.35 in chips) 
Seat 4: MyGarden ($37.35 in chips) 
Seat 5: Alameda22 ($22.30 in chips) 
Seat 6: RichyRichDic ($25.50 in chips) 
Seat 7: wezvidzz ($10.50 in chips) 
Seat 8: janeX14511 ($23.15 in chips) 
Seat 9: TERBAL ($14.15 in chips) 
pkr2k8: posts small blind $0.10
MyGarden: posts big blind $0.25
*** HOLE CARDS ***
Dealt to Alameda22 [Th 5h]
Alameda22: folds 
RichyRichDic: folds 
wezvidzz: folds 
janeX14511: folds 
TERBAL: calls $0.25
Dablo82: folds 
step62279: folds 
pkr2k8: folds 
MyGarden: checks 
*** FLOP *** [4s Td Kd]
MyGarden: checks 
TERBAL: checks 
*** TURN *** [4s Td Kd] [8c]
MyGarden: checks 
TERBAL: checks 
*** RIVER *** [4s Td Kd 8c] [Qc]
MyGarden: checks 
TERBAL: bets $1
MyGarden: folds 
Uncalled bet ($1) returned to TERBAL
TERBAL collected $0.60 from pot
*** SUMMARY ***
Total pot $0.60 | Rake $0 
Board [4s Td Kd 8c Qc]
Seat 1: Dablo82 folded before Flop (didn't bet)
Seat 2: step62279 (button) folded before Flop (didn't bet)
Seat 3: pkr2k8 (small blind) folded before Flop
Seat 4: MyGarden (big blind) folded on the River
Seat 5: Alameda22 folded before Flop (didn't bet)
Seat 6: RichyRichDic folded before Flop (didn't bet)
Seat 7: wezvidzz folded before Flop (didn't bet)
Seat 8: janeX14511 folded before Flop (didn't bet)
Seat 9: TERBAL collected ($0.60)



PokerStars Game #19571661037:  Hold'em No Limit ($0.10/$0.25) - 2008/08/12 - 19:45:52 (ET)
Table 'Galt' 9-max Seat #3 is the button
Seat 1: Dablo82 ($127.45 in chips) 
Seat 2: step62279 ($12.20 in chips) 
Seat 3: pkr2k8 ($37.25 in chips) 
Seat 4: MyGarden ($37.10 in chips) 
Seat 5: Alameda22 ($22.30 in chips) 
Seat 6: RichyRichDic ($25.50 in chips) 
Seat 7: wezvidzz ($10.50 in chips) 
Seat 8: janeX14511 ($23.15 in chips) 
Seat 9: TERBAL ($14.50 in chips) 
MyGarden: posts small blind $0.10
Alameda22: posts big blind $0.25
*** HOLE CARDS ***
Dealt to Alameda22 [Js 8s]
RichyRichDic: folds 
wezvidzz: folds 
janeX14511: folds 
TERBAL is disconnected 
TERBAL is connected 
TERBAL: raises $0.75 to $1
Dablo82: folds 
step62279: folds 
pkr2k8: folds 
MyGarden: folds 
Alameda22: folds 
Uncalled bet ($0.75) returned to TERBAL
TERBAL collected $0.60 from pot
TERBAL: shows [Ac Kh] (high card Ace)
*** SUMMARY ***
Total pot $0.60 | Rake $0 
Seat 1: Dablo82 folded before Flop (didn't bet)
Seat 2: step62279 folded before Flop (didn't bet)
Seat 3: pkr2k8 (button) folded before Flop (didn't bet)
Seat 4: MyGarden (small blind) folded before Flop
Seat 5: Alameda22 (big blind) folded before Flop
Seat 6: RichyRichDic folded before Flop (didn't bet)
Seat 7: wezvidzz folded before Flop (didn't bet)
Seat 8: janeX14511 folded before Flop (didn't bet)
Seat 9: TERBAL collected ($0.60)



PokerStars Game #19571677237:  Hold'em No Limit ($0.10/$0.25) - 2008/08/12 - 19:46:35 (ET)
Table 'Galt' 9-max Seat #4 is the button
Seat 1: Dablo82 ($127.45 in chips) 
Seat 2: step62279 ($12.20 in chips) 
Seat 3: pkr2k8 ($37.25 in chips) 
Seat 4: MyGarden ($37 in chips) 
Seat 5: Alameda22 ($22.05 in chips) 
Seat 6: RichyRichDic ($25.50 in chips) 
Seat 7: wezvidzz ($10.50 in chips) 
Seat 8: janeX14511 ($23.15 in chips) 
Seat 9: TERBAL ($14.85 in chips) 
Alameda22: posts small blind $0.10
RichyRichDic: posts big blind $0.25
*** HOLE CARDS ***
Dealt to Alameda22 [4d Ks]
wezvidzz: folds 
janeX14511: folds 
TERBAL: folds 
Dablo82: calls $0.25
step62279: folds 
pkr2k8: folds 
MyGarden: folds 
Alameda22: folds 
RichyRichDic: checks 
*** FLOP *** [Ad Kc Ts]
RichyRichDic: checks 
Dablo82: bets $0.75
TERBAL is disconnected 
TERBAL is connected 
RichyRichDic: folds 
Uncalled bet ($0.75) returned to Dablo82
Dablo82 collected $0.60 from pot
Dablo82: doesn't show hand 
*** SUMMARY ***
Total pot $0.60 | Rake $0 
Board [Ad Kc Ts]
Seat 1: Dablo82 collected ($0.60)
Seat 2: step62279 folded before Flop (didn't bet)
Seat 3: pkr2k8 folded before Flop (didn't bet)
Seat 4: MyGarden (button) folded before Flop (didn't bet)
Seat 5: Alameda22 (small blind) folded before Flop
Seat 6: RichyRichDic (big blind) folded on the Flop
Seat 7: wezvidzz folded before Flop (didn't bet)
Seat 8: janeX14511 folded before Flop (didn't bet)
Seat 9: TERBAL folded before Flop (didn't bet)



PokerStars Game #19571695393:  Hold'em No Limit ($0.10/$0.25) - 2008/08/12 - 19:47:23 (ET)
Table 'Galt' 9-max Seat #5 is the button
Seat 1: Dablo82 ($127.80 in chips) 
Seat 2: step62279 ($12.20 in chips) 
Seat 3: pkr2k8 ($37.25 in chips) 
Seat 4: MyGarden ($37 in chips) 
Seat 5: Alameda22 ($21.95 in chips) 
Seat 6: RichyRichDic ($25.25 in chips) 
Seat 7: wezvidzz ($10.50 in chips) 
Seat 8: janeX14511 ($23.15 in chips) 
Seat 9: TERBAL ($14.85 in chips) 
RichyRichDic: posts small blind $0.10
wezvidzz: posts big blind $0.25
*** HOLE CARDS ***
Dealt to Alameda22 [2h 2d]
janeX14511: folds 
TERBAL: folds 
Dablo82: folds 
step62279: folds 
TERBAL is disconnected 
TERBAL is connected 
pkr2k8: folds 
MyGarden: folds 
Alameda22: folds 
RichyRichDic: raises $0.50 to $0.75
wezvidzz: folds 
Uncalled bet ($0.50) returned to RichyRichDic
RichyRichDic collected $0.50 from pot
RichyRichDic: doesn't show hand 
*** SUMMARY ***
Total pot $0.50 | Rake $0 
Seat 1: Dablo82 folded before Flop (didn't bet)
Seat 2: step62279 folded before Flop (didn't bet)
Seat 3: pkr2k8 folded before Flop (didn't bet)
Seat 4: MyGarden folded before Flop (didn't bet)
Seat 5: Alameda22 (button) folded before Flop (didn't bet)
Seat 6: RichyRichDic (small blind) collected ($0.50)
Seat 7: wezvidzz (big blind) folded before Flop
Seat 8: janeX14511 folded before Flop (didn't bet)
Seat 9: TERBAL folded before Flop (didn't bet)



PokerStars Game #19571728462:  Hold'em No Limit ($0.10/$0.25) - 2008/08/12 - 19:48:51 (ET)
Table 'Galt' 9-max Seat #6 is the button
Seat 1: Dablo82 ($127.80 in chips) 
Seat 2: step62279 ($12.20 in chips) 
Seat 3: pkr2k8 ($37.25 in chips) 
Seat 4: MyGarden ($37 in chips) 
Seat 5: Alameda22 ($21.95 in chips) 
Seat 6: RichyRichDic ($25.50 in chips) 
Seat 7: wezvidzz ($10.25 in chips) 
Seat 8: janeX14511 ($23.15 in chips) 
Seat 9: TERBAL ($14.85 in chips) 
wezvidzz: posts small blind $0.10
janeX14511: posts big blind $0.25
*** HOLE CARDS ***
Dealt to Alameda22 [Jc Td]
TERBAL: calls $0.25
Dablo82: folds 
step62279: folds 
pkr2k8: folds 
MyGarden: folds 
Alameda22: folds 
RichyRichDic: raises $1 to $1.25
wezvidzz: folds 
janeX14511: folds 
TERBAL: folds 
Uncalled bet ($1) returned to RichyRichDic
RichyRichDic collected $0.85 from pot
RichyRichDic: doesn't show hand 
*** SUMMARY ***
Total pot $0.85 | Rake $0 
Seat 1: Dablo82 folded before Flop (didn't bet)
Seat 2: step62279 folded before Flop (didn't bet)
Seat 3: pkr2k8 folded before Flop (didn't bet)
Seat 4: MyGarden folded before Flop (didn't bet)
Seat 5: Alameda22 folded before Flop (didn't bet)
Seat 6: RichyRichDic (button) collected ($0.85)
Seat 7: wezvidzz (small blind) folded before Flop
Seat 8: janeX14511 (big blind) folded before Flop
Seat 9: TERBAL folded before Flop



PokerStars Game #19571747801:  Hold'em No Limit ($0.10/$0.25) - 2008/08/12 - 19:49:42 (ET)
Table 'Galt' 9-max Seat #7 is the button
Seat 1: Dablo82 ($127.80 in chips) 
Seat 2: step62279 ($12.20 in chips) 
Seat 3: pkr2k8 ($37.25 in chips) 
Seat 4: MyGarden ($37 in chips) 
Seat 5: Alameda22 ($21.95 in chips) 
Seat 6: RichyRichDic ($26.10 in chips) 
Seat 7: wezvidzz ($10.15 in chips) 
Seat 8: janeX14511 ($22.90 in chips) 
Seat 9: TERBAL ($14.60 in chips) 
janeX14511: posts small blind $0.10
TERBAL: posts big blind $0.25
*** HOLE CARDS ***
Dealt to Alameda22 [Kd 9h]
Dablo82: folds 
step62279: calls $0.25
Dablo82 leaves the table
pkr2k8: folds 
almightyjean joins the table at seat #1 
MyGarden: calls $0.25
Alameda22: folds 
RichyRichDic: folds 
TERBAL is disconnected 
TERBAL is connected 
wezvidzz: calls $0.25
janeX14511: calls $0.15
TERBAL: raises $1.25 to $1.50
step62279: folds 
MyGarden: folds 
wezvidzz: folds 
janeX14511: folds 
Uncalled bet ($1.25) returned to TERBAL
TERBAL collected $1.25 from pot
*** SUMMARY ***
Total pot $1.25 | Rake $0 
Seat 1: Dablo82 folded before Flop (didn't bet)
Seat 2: step62279 folded before Flop
Seat 3: pkr2k8 folded before Flop (didn't bet)
Seat 4: MyGarden folded before Flop
Seat 5: Alameda22 folded before Flop (didn't bet)
Seat 6: RichyRichDic folded before Flop (didn't bet)
Seat 7: wezvidzz (button) folded before Flop
Seat 8: janeX14511 (small blind) folded before Flop
Seat 9: TERBAL (big blind) collected ($1.25)



PokerStars Game #19571772061:  Hold'em No Limit ($0.10/$0.25) - 2008/08/12 - 19:50:46 (ET)
Table 'Galt' 9-max Seat #8 is the button
Seat 1: almightyjean ($25 in chips) 
Seat 2: step62279 ($11.95 in chips) 
Seat 3: pkr2k8 ($37.25 in chips) 
Seat 4: MyGarden ($36.75 in chips) 
Seat 5: Alameda22 ($21.95 in chips) 
Seat 6: RichyRichDic ($26.10 in chips) 
Seat 7: wezvidzz ($11.90 in chips) 
Seat 8: janeX14511 ($22.65 in chips) 
Seat 9: TERBAL ($15.60 in chips) 
TERBAL is disconnected 
TERBAL is connected 
TERBAL: posts small blind $0.10
almightyjean: posts big blind $0.25
*** HOLE CARDS ***
Dealt to Alameda22 [6h 2s]
step62279: folds 
pkr2k8: folds 
MyGarden: folds 
Alameda22: folds 
RichyRichDic: folds 
wezvidzz: folds 
janeX14511: folds 
TERBAL is disconnected 
TERBAL is connected 
TERBAL: calls $0.15
almightyjean: checks 
*** FLOP *** [Qc 6c As]
TERBAL: checks 
almightyjean: checks 
*** TURN *** [Qc 6c As] [3s]
TERBAL: bets $0.50
almightyjean: folds 
Uncalled bet ($0.50) returned to TERBAL
TERBAL collected $0.50 from pot
*** SUMMARY ***
Total pot $0.50 | Rake $0 
Board [Qc 6c As 3s]
Seat 1: almightyjean (big blind) folded on the Turn
Seat 2: step62279 folded before Flop (didn't bet)
Seat 3: pkr2k8 folded before Flop (didn't bet)
Seat 4: MyGarden folded before Flop (didn't bet)
Seat 5: Alameda22 folded before Flop (didn't bet)
Seat 6: RichyRichDic folded before Flop (didn't bet)
Seat 7: wezvidzz folded before Flop (didn't bet)
Seat 8: janeX14511 (button) folded before Flop (didn't bet)
Seat 9: TERBAL (small blind) collected ($0.50)



PokerStars Game #19571814860:  Hold'em No Limit ($0.10/$0.25) - 2008/08/12 - 19:52:39 (ET)
Table 'Galt' 9-max Seat #9 is the button
Seat 1: almightyjean ($24.75 in chips) 
Seat 2: step62279 ($11.95 in chips) 
Seat 3: pkr2k8 ($37.25 in chips) 
Seat 4: MyGarden ($36.75 in chips) 
Seat 5: Alameda22 ($21.95 in chips) 
Seat 6: RichyRichDic ($26.10 in chips) 
Seat 7: wezvidzz ($11.90 in chips) 
Seat 8: janeX14511 ($22.65 in chips) 
Seat 9: TERBAL ($15.85 in chips) 
almightyjean: posts small blind $0.10
step62279: posts big blind $0.25
*** HOLE CARDS ***
Dealt to Alameda22 [Qs 8h]
pkr2k8: folds 
MyGarden: folds 
Alameda22: folds 
RichyRichDic: raises $0.75 to $1
wezvidzz: folds 
janeX14511: folds 
TERBAL: folds 
TERBAL is sitting out
almightyjean: folds 
step62279: folds 
Uncalled bet ($0.75) returned to RichyRichDic
RichyRichDic collected $0.60 from pot
RichyRichDic: doesn't show hand 
*** SUMMARY ***
Total pot $0.60 | Rake $0 
Seat 1: almightyjean (small blind) folded before Flop
Seat 2: step62279 (big blind) folded before Flop
Seat 3: pkr2k8 folded before Flop (didn't bet)
Seat 4: MyGarden folded before Flop (didn't bet)
Seat 5: Alameda22 folded before Flop (didn't bet)
Seat 6: RichyRichDic collected ($0.60)
Seat 7: wezvidzz folded before Flop (didn't bet)
Seat 8: janeX14511 folded before Flop (didn't bet)
Seat 9: TERBAL (button) folded before Flop (didn't bet)



PokerStars Game #19571830946:  Hold'em No Limit ($0.10/$0.25) - 2008/08/12 - 19:53:22 (ET)
Table 'Galt' 9-max Seat #1 is the button
Seat 1: almightyjean ($24.65 in chips) 
Seat 2: step62279 ($11.70 in chips) 
Seat 3: pkr2k8 ($37.25 in chips) 
Seat 4: MyGarden ($36.75 in chips) 
Seat 5: Alameda22 ($21.95 in chips) 
Seat 6: RichyRichDic ($26.45 in chips) 
Seat 7: wezvidzz ($11.90 in chips) 
Seat 8: janeX14511 ($22.65 in chips) 
step62279: posts small blind $0.10
pkr2k8: posts big blind $0.25
*** HOLE CARDS ***
Dealt to Alameda22 [Kd 7d]
MyGarden: folds 
Alameda22: folds 
RichyRichDic: folds 
wezvidzz: folds 
janeX14511: folds 
almightyjean: raises $0.50 to $0.75
step62279: folds 
pkr2k8: folds 
Uncalled bet ($0.50) returned to almightyjean
almightyjean collected $0.60 from pot
*** SUMMARY ***
Total pot $0.60 | Rake $0 
Seat 1: almightyjean (button) collected ($0.60)
Seat 2: step62279 (small blind) folded before Flop
Seat 3: pkr2k8 (big blind) folded before Flop
Seat 4: MyGarden folded before Flop (didn't bet)
Seat 5: Alameda22 folded before Flop (didn't bet)
Seat 6: RichyRichDic folded before Flop (didn't bet)
Seat 7: wezvidzz folded before Flop (didn't bet)
Seat 8: janeX14511 folded before Flop (didn't bet)



PokerStars Game #19571844702:  Hold'em No Limit ($0.10/$0.25) - 2008/08/12 - 19:53:59 (ET)
Table 'Galt' 9-max Seat #2 is the button
Seat 1: almightyjean ($25 in chips) 
Seat 2: step62279 ($11.60 in chips) 
Seat 3: pkr2k8 ($37 in chips) 
Seat 4: MyGarden ($36.75 in chips) 
Seat 5: Alameda22 ($21.95 in chips) 
Seat 6: RichyRichDic ($26.45 in chips) 
Seat 7: wezvidzz ($11.90 in chips) 
Seat 8: janeX14511 ($22.65 in chips) 
pkr2k8: posts small blind $0.10
MyGarden: posts big blind $0.25
*** HOLE CARDS ***
Dealt to Alameda22 [7c 4h]
Alameda22: folds 
RichyRichDic: folds 
TERBAL is disconnected 
TERBAL is connected 
wezvidzz: folds 
janeX14511: folds 
almightyjean: raises $0.50 to $0.75
step62279: folds 
pkr2k8: folds 
MyGarden: calls $0.50
*** FLOP *** [2d 5c Th]
MyGarden: bets $1
almightyjean: calls $1
*** TURN *** [2d 5c Th] [Ad]
MyGarden: bets $3
almightyjean: folds 
Uncalled bet ($3) returned to MyGarden
MyGarden collected $3.45 from pot
MyGarden: doesn't show hand 
*** SUMMARY ***
Total pot $3.60 | Rake $0.15 
Board [2d 5c Th Ad]
Seat 1: almightyjean folded on the Turn
Seat 2: step62279 (button) folded before Flop (didn't bet)
Seat 3: pkr2k8 (small blind) folded before Flop
Seat 4: MyGarden (big blind) collected ($3.45)
Seat 5: Alameda22 folded before Flop (didn't bet)
Seat 6: RichyRichDic folded before Flop (didn't bet)
Seat 7: wezvidzz folded before Flop (didn't bet)
Seat 8: janeX14511 folded before Flop (didn't bet)



PokerStars Game #19571875144:  Hold'em No Limit ($0.10/$0.25) - 2008/08/12 - 19:55:20 (ET)
Table 'Galt' 9-max Seat #3 is the button
Seat 1: almightyjean ($25 in chips) 
Seat 2: step62279 ($11.60 in chips) 
Seat 3: pkr2k8 ($36.90 in chips) 
Seat 4: MyGarden ($38.45 in chips) 
Seat 5: Alameda22 ($21.95 in chips) 
Seat 6: RichyRichDic ($26.45 in chips) 
Seat 7: wezvidzz ($11.90 in chips) 
Seat 8: janeX14511 ($22.65 in chips) 
MyGarden: posts small blind $0.10
Alameda22: posts big blind $0.25
*** HOLE CARDS ***
Dealt to Alameda22 [6h Kh]
RichyRichDic: folds 
wezvidzz: folds 
janeX14511: calls $0.25
almightyjean: folds 
step62279: folds 
pkr2k8: folds 
MyGarden: calls $0.15
Alameda22: checks 
*** FLOP *** [3d 7c 9d]
MyGarden: checks 
Alameda22: checks 
janeX14511: bets $0.50
MyGarden: folds 
TERBAL is disconnected 
TERBAL is connected 
TERBAL has returned
Alameda22: folds 
Uncalled bet ($0.50) returned to janeX14511
janeX14511 collected $0.75 from pot
janeX14511: doesn't show hand 
*** SUMMARY ***
Total pot $0.75 | Rake $0 
Board [3d 7c 9d]
Seat 1: almightyjean folded before Flop (didn't bet)
Seat 2: step62279 folded before Flop (didn't bet)
Seat 3: pkr2k8 (button) folded before Flop (didn't bet)
Seat 4: MyGarden (small blind) folded on the Flop
Seat 5: Alameda22 (big blind) folded on the Flop
Seat 6: RichyRichDic folded before Flop (didn't bet)
Seat 7: wezvidzz folded before Flop (didn't bet)
Seat 8: janeX14511 collected ($0.75)



PokerStars Game #19571900463:  Hold'em No Limit ($0.10/$0.25) - 2008/08/12 - 19:56:29 (ET)
Table 'Galt' 9-max Seat #4 is the button
Seat 1: almightyjean ($25 in chips) 
Seat 2: step62279 ($11.60 in chips) 
Seat 3: pkr2k8 ($36.90 in chips) 
Seat 4: MyGarden ($38.20 in chips) 
Seat 5: Alameda22 ($21.70 in chips) 
Seat 6: RichyRichDic ($26.45 in chips) 
Seat 7: wezvidzz ($11.90 in chips) 
Seat 8: janeX14511 ($23.15 in chips) 
Seat 9: TERBAL ($15.85 in chips) 
Alameda22: posts small blind $0.10
RichyRichDic: posts big blind $0.25
*** HOLE CARDS ***
Dealt to Alameda22 [Qc Ah]
wezvidzz: folds 
janeX14511: folds 
TERBAL: raises $0.25 to $0.50
almightyjean: folds 
step62279: folds 
pkr2k8: folds 
MyGarden: folds 
Alameda22: raises $1 to $1.50
RichyRichDic: folds 
TERBAL: folds 
Uncalled bet ($1) returned to Alameda22
Alameda22 collected $1.25 from pot
Alameda22: doesn't show hand 
*** SUMMARY ***
Total pot $1.25 | Rake $0 
Seat 1: almightyjean folded before Flop (didn't bet)
Seat 2: step62279 folded before Flop (didn't bet)
Seat 3: pkr2k8 folded before Flop (didn't bet)
Seat 4: MyGarden (button) folded before Flop (didn't bet)
Seat 5: Alameda22 (small blind) collected ($1.25)
Seat 6: RichyRichDic (big blind) folded before Flop
Seat 7: wezvidzz folded before Flop (didn't bet)
Seat 8: janeX14511 folded before Flop (didn't bet)
Seat 9: TERBAL folded before Flop



PokerStars Game #19571929024:  Hold'em No Limit ($0.10/$0.25) - 2008/08/12 - 19:57:44 (ET)
Table 'Galt' 9-max Seat #5 is the button
Seat 1: almightyjean ($25 in chips) 
Seat 2: step62279 ($11.60 in chips) 
Seat 3: pkr2k8 ($36.90 in chips) 
Seat 4: MyGarden ($38.20 in chips) 
Seat 5: Alameda22 ($22.45 in chips) 
Seat 6: RichyRichDic ($26.20 in chips) 
Seat 7: wezvidzz ($11.90 in chips) 
Seat 8: janeX14511 ($23.15 in chips) 
Seat 9: TERBAL ($15.35 in chips) 
RichyRichDic: posts small blind $0.10
wezvidzz: posts big blind $0.25
*** HOLE CARDS ***
Dealt to Alameda22 [7h Kd]
janeX14511: folds 
TERBAL is disconnected 
TERBAL is connected 
TERBAL: folds 
almightyjean: folds 
step62279: calls $0.25
pkr2k8: folds 
MyGarden: calls $0.25
Alameda22: folds 
RichyRichDic: calls $0.15
wezvidzz: checks 
*** FLOP *** [Ts 5s Kc]
RichyRichDic: checks 
wezvidzz: checks 
step62279: bets $1
MyGarden: folds 
RichyRichDic: folds 
wezvidzz: folds 
Uncalled bet ($1) returned to step62279
step62279 collected $0.95 from pot
TERBAL is disconnected 
TERBAL is connected 
*** SUMMARY ***
Total pot $1 | Rake $0.05 
Board [Ts 5s Kc]
Seat 1: almightyjean folded before Flop (didn't bet)
Seat 2: step62279 collected ($0.95)
Seat 3: pkr2k8 folded before Flop (didn't bet)
Seat 4: MyGarden folded on the Flop
Seat 5: Alameda22 (button) folded before Flop (didn't bet)
Seat 6: RichyRichDic (small blind) folded on the Flop
Seat 7: wezvidzz (big blind) folded on the Flop
Seat 8: janeX14511 folded before Flop (didn't bet)
Seat 9: TERBAL folded before Flop (didn't bet)



PokerStars Game #19571961988:  Hold'em No Limit ($0.10/$0.25) - 2008/08/12 - 19:59:12 (ET)
Table 'Galt' 9-max Seat #6 is the button
Seat 1: almightyjean ($25 in chips) 
Seat 2: step62279 ($12.30 in chips) 
Seat 3: pkr2k8 ($36.90 in chips) 
Seat 4: MyGarden ($37.95 in chips) 
Seat 5: Alameda22 ($22.45 in chips) 
Seat 6: RichyRichDic ($25.95 in chips) 
Seat 7: wezvidzz ($11.65 in chips) 
Seat 8: janeX14511 ($23.15 in chips) 
Seat 9: TERBAL ($15.35 in chips) 
wezvidzz: posts small blind $0.10
janeX14511: posts big blind $0.25
*** HOLE CARDS ***
Dealt to Alameda22 [9s 8c]
TERBAL: folds 
almightyjean: folds 
step62279: calls $0.25
pkr2k8: folds 
MyGarden: folds 
Alameda22: folds 
RichyRichDic: folds 
wezvidzz: folds 
TERBAL is disconnected 
janeX14511: checks 
*** FLOP *** [Kd 9d 2h]
TERBAL is connected 
janeX14511: checks 
step62279: checks 
*** TURN *** [Kd 9d 2h] [3d]
janeX14511: bets $0.50
step62279: folds 
Uncalled bet ($0.50) returned to janeX14511
janeX14511 collected $0.60 from pot
janeX14511: doesn't show hand 
*** SUMMARY ***
Total pot $0.60 | Rake $0 
Board [Kd 9d 2h 3d]
Seat 1: almightyjean folded before Flop (didn't bet)
Seat 2: step62279 folded on the Turn
Seat 3: pkr2k8 folded before Flop (didn't bet)
Seat 4: MyGarden folded before Flop (didn't bet)
Seat 5: Alameda22 folded before Flop (didn't bet)
Seat 6: RichyRichDic (button) folded before Flop (didn't bet)
Seat 7: wezvidzz (small blind) folded before Flop
Seat 8: janeX14511 (big blind) collected ($0.60)
Seat 9: TERBAL folded before Flop (didn't bet)



PokerStars Game #19571999981:  Hold'em No Limit ($0.10/$0.25) - 2008/08/12 - 20:00:53 (ET)
Table 'Galt' 9-max Seat #7 is the button
Seat 1: almightyjean ($25 in chips) 
Seat 2: step62279 ($12.05 in chips) 
Seat 3: pkr2k8 ($36.90 in chips) 
Seat 4: MyGarden ($37.95 in chips) 
Seat 5: Alameda22 ($22.45 in chips) 
Seat 6: RichyRichDic ($25.95 in chips) 
Seat 7: wezvidzz ($11.55 in chips) 
Seat 9: TERBAL ($15.35 in chips) 
janeX14511: is sitting out 
janeX14511 leaves the table
un4gvnevl joins the table at seat #8 
TERBAL is disconnected 
TERBAL is connected 
TERBAL: posts small blind $0.10
almightyjean: posts big blind $0.25
*** HOLE CARDS ***
Dealt to Alameda22 [Kc Ks]
step62279: folds 
pkr2k8: folds 
MyGarden: folds 
Alameda22: raises $0.50 to $0.75
RichyRichDic: folds 
wezvidzz: folds 
TERBAL: folds 
almightyjean: folds 
Uncalled bet ($0.50) returned to Alameda22
Alameda22 collected $0.60 from pot
Alameda22: doesn't show hand 
*** SUMMARY ***
Total pot $0.60 | Rake $0 
Seat 1: almightyjean (big blind) folded before Flop
Seat 2: step62279 folded before Flop (didn't bet)
Seat 3: pkr2k8 folded before Flop (didn't bet)
Seat 4: MyGarden folded before Flop (didn't bet)
Seat 5: Alameda22 collected ($0.60)
Seat 6: RichyRichDic folded before Flop (didn't bet)
Seat 7: wezvidzz (button) folded before Flop (didn't bet)
Seat 9: TERBAL (small blind) folded before Flop



PokerStars Game #19572019392:  Hold'em No Limit ($0.10/$0.25) - 2008/08/12 - 20:01:44 (ET)
Table 'Galt' 9-max Seat #9 is the button
Seat 1: almightyjean ($24.75 in chips) 
Seat 2: step62279 ($12.05 in chips) 
Seat 3: pkr2k8 ($36.90 in chips) 
Seat 4: MyGarden ($37.95 in chips) 
Seat 5: Alameda22 ($22.80 in chips) 
Seat 6: RichyRichDic ($25.95 in chips) 
Seat 7: wezvidzz ($11.55 in chips) 
Seat 9: TERBAL ($15.25 in chips) 
almightyjean: posts small blind $0.10
step62279: posts big blind $0.25
un4gvnevl: sits out 
*** HOLE CARDS ***
Dealt to Alameda22 [Kh 9h]
pkr2k8: calls $0.25
MyGarden: calls $0.25
Alameda22: folds 
RichyRichDic: folds 
wezvidzz: folds 
TERBAL is disconnected 
TERBAL is connected 
TERBAL: folds 
almightyjean: raises $1 to $1.25
step62279: folds 
pkr2k8: folds 
MyGarden: calls $1
*** FLOP *** [Jh 4h Kc]
almightyjean: bets $2.25
MyGarden: folds 
Uncalled bet ($2.25) returned to almightyjean
almightyjean collected $2.85 from pot
*** SUMMARY ***
Total pot $3 | Rake $0.15 
Board [Jh 4h Kc]
Seat 1: almightyjean (small blind) collected ($2.85)
Seat 2: step62279 (big blind) folded before Flop
Seat 3: pkr2k8 folded before Flop
Seat 4: MyGarden folded on the Flop
Seat 5: Alameda22 folded before Flop (didn't bet)
Seat 6: RichyRichDic folded before Flop (didn't bet)
Seat 7: wezvidzz folded before Flop (didn't bet)
Seat 9: TERBAL (button) folded before Flop (didn't bet)



PokerStars Game #19572047098:  Hold'em No Limit ($0.10/$0.25) - 2008/08/12 - 20:02:57 (ET)
Table 'Galt' 9-max Seat #1 is the button
Seat 1: almightyjean ($26.35 in chips) 
Seat 2: step62279 ($11.80 in chips) 
Seat 3: pkr2k8 ($36.65 in chips) 
Seat 4: MyGarden ($36.70 in chips) 
Seat 5: Alameda22 ($22.80 in chips) 
Seat 6: RichyRichDic ($25.95 in chips) 
Seat 7: wezvidzz ($11.55 in chips) 
Seat 9: TERBAL ($15.25 in chips) 
step62279: posts small blind $0.10
pkr2k8: posts big blind $0.25
un4gvnevl: sits out 
*** HOLE CARDS ***
Dealt to Alameda22 [8s 4h]
MyGarden: folds 
Alameda22: folds 
RichyRichDic: folds 
TERBAL is disconnected 
TERBAL is connected 
wezvidzz: folds 
TERBAL: raises $0.75 to $1
almightyjean: folds 
step62279: folds 
TERBAL is disconnected 
TERBAL is connected 
pkr2k8: folds 
Uncalled bet ($0.75) returned to TERBAL
TERBAL collected $0.60 from pot
*** SUMMARY ***
Total pot $0.60 | Rake $0 
Seat 1: almightyjean (button) folded before Flop (didn't bet)
Seat 2: step62279 (small blind) folded before Flop
Seat 3: pkr2k8 (big blind) folded before Flop
Seat 4: MyGarden folded before Flop (didn't bet)
Seat 5: Alameda22 folded before Flop (didn't bet)
Seat 6: RichyRichDic folded before Flop (didn't bet)
Seat 7: wezvidzz folded before Flop (didn't bet)
Seat 9: TERBAL collected ($0.60)



PokerStars Game #19572080550:  Hold'em No Limit ($0.10/$0.25) - 2008/08/12 - 20:04:26 (ET)
Table 'Galt' 9-max Seat #2 is the button
Seat 1: almightyjean ($26.35 in chips) 
Seat 2: step62279 ($11.70 in chips) 
Seat 3: pkr2k8 ($36.40 in chips) 
Seat 4: MyGarden ($36.70 in chips) 
Seat 5: Alameda22 ($22.80 in chips) 
Seat 6: RichyRichDic ($25.95 in chips) 
Seat 7: wezvidzz ($11.55 in chips) 
Seat 9: TERBAL ($15.60 in chips) 
pkr2k8: posts small blind $0.10
MyGarden: posts big blind $0.25
un4gvnevl: sits out 
*** HOLE CARDS ***
Dealt to Alameda22 [7s 7c]
Alameda22: folds 
RichyRichDic: folds 
wezvidzz: raises $0.50 to $0.75
TERBAL is disconnected 
TERBAL is connected 
TERBAL: folds 
almightyjean: folds 
step62279: folds 
pkr2k8: folds 
MyGarden: folds 
Uncalled bet ($0.50) returned to wezvidzz
wezvidzz collected $0.60 from pot
wezvidzz: doesn't show hand 
*** SUMMARY ***
Total pot $0.60 | Rake $0 
Seat 1: almightyjean folded before Flop (didn't bet)
Seat 2: step62279 (button) folded before Flop (didn't bet)
Seat 3: pkr2k8 (small blind) folded before Flop
Seat 4: MyGarden (big blind) folded before Flop
Seat 5: Alameda22 folded before Flop (didn't bet)
Seat 6: RichyRichDic folded before Flop (didn't bet)
Seat 7: wezvidzz collected ($0.60)
Seat 9: TERBAL folded before Flop (didn't bet)



PokerStars Game #19572107803:  Hold'em No Limit ($0.10/$0.25) - 2008/08/12 - 20:05:39 (ET)
Table 'Galt' 9-max Seat #3 is the button
Seat 1: almightyjean ($26.35 in chips) 
Seat 2: step62279 ($11.70 in chips) 
Seat 3: pkr2k8 ($36.30 in chips) 
Seat 4: MyGarden ($36.45 in chips) 
Seat 5: Alameda22 ($22.80 in chips) 
Seat 6: RichyRichDic ($25.95 in chips) 
Seat 7: wezvidzz ($11.90 in chips) 
Seat 9: TERBAL ($15.60 in chips) 
MyGarden: posts small blind $0.10
Alameda22: posts big blind $0.25
un4gvnevl: sits out 
*** HOLE CARDS ***
Dealt to Alameda22 [Js 9s]
RichyRichDic: folds 
wezvidzz: folds 
TERBAL: raises $0.25 to $0.50
almightyjean: folds 
step62279: folds 
pkr2k8: folds 
MyGarden: folds 
Alameda22: calls $0.25
*** FLOP *** [7c 3d 8c]
Alameda22: checks 
TERBAL: bets $0.50
Alameda22: folds 
Uncalled bet ($0.50) returned to TERBAL
TERBAL collected $1.05 from pot
*** SUMMARY ***
Total pot $1.10 | Rake $0.05 
Board [7c 3d 8c]
Seat 1: almightyjean folded before Flop (didn't bet)
Seat 2: step62279 folded before Flop (didn't bet)
Seat 3: pkr2k8 (button) folded before Flop (didn't bet)
Seat 4: MyGarden (small blind) folded before Flop
Seat 5: Alameda22 (big blind) folded on the Flop
Seat 6: RichyRichDic folded before Flop (didn't bet)
Seat 7: wezvidzz folded before Flop (didn't bet)
Seat 9: TERBAL collected ($1.05)



PokerStars Game #19572132554:  Hold'em No Limit ($0.10/$0.25) - 2008/08/12 - 20:06:45 (ET)
Table 'Galt' 9-max Seat #4 is the button
Seat 1: almightyjean ($26.35 in chips) 
Seat 2: step62279 ($11.70 in chips) 
Seat 3: pkr2k8 ($36.30 in chips) 
Seat 4: MyGarden ($36.35 in chips) 
Seat 5: Alameda22 ($22.30 in chips) 
Seat 6: RichyRichDic ($25.95 in chips) 
Seat 7: wezvidzz ($11.90 in chips) 
Seat 9: TERBAL ($16.15 in chips) 
Alameda22: posts small blind $0.10
RichyRichDic: posts big blind $0.25
un4gvnevl: sits out 
*** HOLE CARDS ***
Dealt to Alameda22 [6h 6d]
wezvidzz: folds 
TERBAL is disconnected 
TERBAL is connected 
TERBAL: calls $0.25
almightyjean: folds 
step62279: folds 
pkr2k8: folds 
MyGarden: calls $0.25
Alameda22: calls $0.15
RichyRichDic: checks 
*** FLOP *** [6c Ac 7d]
Alameda22: bets $0.50
RichyRichDic: folds 
TERBAL: folds 
MyGarden: folds 
Uncalled bet ($0.50) returned to Alameda22
Alameda22 collected $0.95 from pot
Alameda22: doesn't show hand 
*** SUMMARY ***
Total pot $1 | Rake $0.05 
Board [6c Ac 7d]
Seat 1: almightyjean folded before Flop (didn't bet)
Seat 2: step62279 folded before Flop (didn't bet)
Seat 3: pkr2k8 folded before Flop (didn't bet)
Seat 4: MyGarden (button) folded on the Flop
Seat 5: Alameda22 (small blind) collected ($0.95)
Seat 6: RichyRichDic (big blind) folded on the Flop
Seat 7: wezvidzz folded before Flop (didn't bet)
Seat 9: TERBAL folded on the Flop



PokerStars Game #19572170263:  Hold'em No Limit ($0.10/$0.25) - 2008/08/12 - 20:08:25 (ET)
Table 'Galt' 9-max Seat #5 is the button
Seat 1: almightyjean ($26.35 in chips) 
Seat 2: step62279 ($11.70 in chips) 
Seat 3: pkr2k8 ($36.30 in chips) 
Seat 4: MyGarden ($36.10 in chips) 
Seat 5: Alameda22 ($23 in chips) 
Seat 6: RichyRichDic ($25.70 in chips) 
Seat 7: wezvidzz ($11.90 in chips) 
Seat 9: TERBAL ($15.90 in chips) 
RichyRichDic: posts small blind $0.10
wezvidzz: posts big blind $0.25
un4gvnevl: sits out 
*** HOLE CARDS ***
Dealt to Alameda22 [8h 9c]
TERBAL: calls $0.25
almightyjean: raises $1 to $1.25
step62279: folds 
pkr2k8: folds 
MyGarden: folds 
Alameda22: folds 
RichyRichDic: folds 
wezvidzz: folds 
TERBAL is disconnected 
TERBAL is connected 
TERBAL: folds 
Uncalled bet ($1) returned to almightyjean
almightyjean collected $0.85 from pot
*** SUMMARY ***
Total pot $0.85 | Rake $0 
Seat 1: almightyjean collected ($0.85)
Seat 2: step62279 folded before Flop (didn't bet)
Seat 3: pkr2k8 folded before Flop (didn't bet)
Seat 4: MyGarden folded before Flop (didn't bet)
Seat 5: Alameda22 (button) folded before Flop (didn't bet)
Seat 6: RichyRichDic (small blind) folded before Flop
Seat 7: wezvidzz (big blind) folded before Flop
Seat 9: TERBAL folded before Flop



PokerStars Game #19572191216:  Hold'em No Limit ($0.10/$0.25) - 2008/08/12 - 20:09:21 (ET)
Table 'Galt' 9-max Seat #6 is the button
Seat 1: almightyjean ($26.95 in chips) 
Seat 2: step62279 ($11.70 in chips) 
Seat 3: pkr2k8 ($36.30 in chips) 
Seat 4: MyGarden ($36.10 in chips) 
Seat 5: Alameda22 ($23 in chips) 
Seat 6: RichyRichDic ($25.60 in chips) 
Seat 7: wezvidzz ($11.65 in chips) 
Seat 8: un4gvnevl ($15 in chips) 
Seat 9: TERBAL ($15.65 in chips) 
wezvidzz: posts small blind $0.10
un4gvnevl: posts big blind $0.25
*** HOLE CARDS ***
Dealt to Alameda22 [Js 2c]
TERBAL: calls $0.25
almightyjean: folds 
step62279: calls $0.25
pkr2k8: folds 
MyGarden: folds 
Alameda22: folds 
RichyRichDic: folds 
wezvidzz: calls $0.15
un4gvnevl: checks 
*** FLOP *** [8h 3s Jh]
wezvidzz: checks 
un4gvnevl: checks 
TERBAL is disconnected 
TERBAL is connected 
TERBAL: bets $0.50
step62279: calls $0.50
wezvidzz: folds 
un4gvnevl: folds 
*** TURN *** [8h 3s Jh] [8c]
TERBAL: checks 
step62279: bets $1.25
TERBAL: folds 
Uncalled bet ($1.25) returned to step62279
step62279 collected $1.95 from pot
step62279: doesn't show hand 
*** SUMMARY ***
Total pot $2 | Rake $0.05 
Board [8h 3s Jh 8c]
Seat 1: almightyjean folded before Flop (didn't bet)
Seat 2: step62279 collected ($1.95)
Seat 3: pkr2k8 folded before Flop (didn't bet)
Seat 4: MyGarden folded before Flop (didn't bet)
Seat 5: Alameda22 folded before Flop (didn't bet)
Seat 6: RichyRichDic (button) folded before Flop (didn't bet)
Seat 7: wezvidzz (small blind) folded on the Flop
Seat 8: un4gvnevl (big blind) folded on the Flop
Seat 9: TERBAL folded on the Turn



PokerStars Game #19572223009:  Hold'em No Limit ($0.10/$0.25) - 2008/08/12 - 20:10:46 (ET)
Table 'Galt' 9-max Seat #7 is the button
Seat 1: almightyjean ($26.95 in chips) 
Seat 2: step62279 ($12.90 in chips) 
Seat 3: pkr2k8 ($36.30 in chips) 
Seat 4: MyGarden ($36.10 in chips) 
Seat 5: Alameda22 ($23 in chips) 
Seat 6: RichyRichDic ($25.60 in chips) 
Seat 7: wezvidzz ($11.40 in chips) 
Seat 8: un4gvnevl ($14.75 in chips) 
Seat 9: TERBAL ($14.90 in chips) 
un4gvnevl: posts small blind $0.10
TERBAL is disconnected 
TERBAL is connected 
TERBAL: posts big blind $0.25
*** HOLE CARDS ***
Dealt to Alameda22 [Kd Qc]
almightyjean: folds 
step62279: folds 
pkr2k8: folds 
MyGarden: folds 
Alameda22: folds 
RichyRichDic: raises $0.50 to $0.75
wezvidzz: folds 
un4gvnevl: folds 
step62279 leaves the table
TERBAL is disconnected 
TERBAL is connected 
TERBAL: folds 
Uncalled bet ($0.50) returned to RichyRichDic
RichyRichDic collected $0.60 from pot
RichyRichDic: doesn't show hand 
*** SUMMARY ***
Total pot $0.60 | Rake $0 
Seat 1: almightyjean folded before Flop (didn't bet)
Seat 2: step62279 folded before Flop (didn't bet)
Seat 3: pkr2k8 folded before Flop (didn't bet)
Seat 4: MyGarden folded before Flop (didn't bet)
Seat 5: Alameda22 folded before Flop (didn't bet)
Seat 6: RichyRichDic collected ($0.60)
Seat 7: wezvidzz (button) folded before Flop (didn't bet)
Seat 8: un4gvnevl (small blind) folded before Flop
Seat 9: TERBAL (big blind) folded before Flop



PokerStars Game #19572259771:  Hold'em No Limit ($0.10/$0.25) - 2008/08/12 - 20:12:25 (ET)
Table 'Galt' 9-max Seat #8 is the button
Seat 1: almightyjean ($26.95 in chips) 
Seat 3: pkr2k8 ($36.30 in chips) 
Seat 4: MyGarden ($36.10 in chips) 
Seat 5: Alameda22 ($23 in chips) 
Seat 6: RichyRichDic ($25.95 in chips) 
Seat 7: wezvidzz ($11.40 in chips) 
Seat 8: un4gvnevl ($14.65 in chips) 
Seat 9: TERBAL ($14.65 in chips) 
TERBAL: posts small blind $0.10
almightyjean: posts big blind $0.25
*** HOLE CARDS ***
Dealt to Alameda22 [4h 7h]
pkr2k8: folds 
MyGarden: folds 
Alameda22: folds 
RichyRichDic: folds 
wezvidzz: folds 
un4gvnevl: raises $0.75 to $1
pkr2k8 is sitting out
TERBAL is disconnected 
TERBAL is connected 
TERBAL: folds 
almightyjean: folds 
Uncalled bet ($0.75) returned to un4gvnevl
un4gvnevl collected $0.60 from pot
un4gvnevl: doesn't show hand 
*** SUMMARY ***
Total pot $0.60 | Rake $0 
Seat 1: almightyjean (big blind) folded before Flop
Seat 3: pkr2k8 folded before Flop (didn't bet)
Seat 4: MyGarden folded before Flop (didn't bet)
Seat 5: Alameda22 folded before Flop (didn't bet)
Seat 6: RichyRichDic folded before Flop (didn't bet)
Seat 7: wezvidzz folded before Flop (didn't bet)
Seat 8: un4gvnevl (button) collected ($0.60)
Seat 9: TERBAL (small blind) folded before Flop



PokerStars Game #19572281597:  Hold'em No Limit ($0.10/$0.25) - 2008/08/12 - 20:13:23 (ET)
Table 'Galt' 9-max Seat #9 is the button
Seat 1: almightyjean ($26.70 in chips) 
Seat 4: MyGarden ($36.10 in chips) 
Seat 5: Alameda22 ($23 in chips) 
Seat 6: RichyRichDic ($25.95 in chips) 
Seat 7: wezvidzz ($11.40 in chips) 
Seat 8: un4gvnevl ($15 in chips) 
Seat 9: TERBAL ($14.55 in chips) 
almightyjean: posts small blind $0.10
MyGarden: posts big blind $0.25
*** HOLE CARDS ***
Dealt to Alameda22 [4d 9c]
Alameda22: folds 
RichyRichDic: folds 
wezvidzz: folds 
un4gvnevl: folds 
TERBAL: calls $0.25
almightyjean: calls $0.15
MyGarden: raises $0.75 to $1
TERBAL: folds 
almightyjean: folds 
Uncalled bet ($0.75) returned to MyGarden
MyGarden collected $0.75 from pot
MyGarden: doesn't show hand 
*** SUMMARY ***
Total pot $0.75 | Rake $0 
Seat 1: almightyjean (small blind) folded before Flop
Seat 4: MyGarden (big blind) collected ($0.75)
Seat 5: Alameda22 folded before Flop (didn't bet)
Seat 6: RichyRichDic folded before Flop (didn't bet)
Seat 7: wezvidzz folded before Flop (didn't bet)
Seat 8: un4gvnevl folded before Flop (didn't bet)
Seat 9: TERBAL (button) folded before Flop



