PokerStars Game #19921891084:  Hold'em No Limit ($0.10/$0.25) - 2008/08/26 - 18:31:55 (ET)
Table 'Klytia II' 9-max Seat #3 is the button
Seat 1: Harrylux ($15.55 in chips) 
Seat 2: Alameda22 ($25 in chips) 
Seat 3: pablom ($16.50 in chips) 
Seat 4: Sim3on ($4.75 in chips) 
Seat 5: JonAcesHigh ($24.65 in chips) 
Seat 6: vincentt85 ($25 in chips) 
Seat 7: jur7777 ($25.90 in chips) 
Seat 8: Kukoc69 ($26.65 in chips) 
Seat 9: micshine ($8.40 in chips) 
Sim3on: posts small blind $0.10
JonAcesHigh: posts big blind $0.25
Alameda22: posts big blind $0.25
*** HOLE CARDS ***
Dealt to Alameda22 [Js Tc]
vincentt85: folds 
jur7777: folds 
Kukoc69: raises $1 to $1.25
micshine: folds 
Harrylux: folds 
Alameda22: folds 
pablom: folds 
Sim3on: folds 
JonAcesHigh: folds 
Uncalled bet ($1) returned to Kukoc69
Kukoc69 collected $0.85 from pot
Kukoc69: doesn't show hand 
*** SUMMARY ***
Total pot $0.85 | Rake $0 
Seat 1: Harrylux folded before Flop (didn't bet)
Seat 2: Alameda22 folded before Flop
Seat 3: pablom (button) folded before Flop (didn't bet)
Seat 4: Sim3on (small blind) folded before Flop
Seat 5: JonAcesHigh (big blind) folded before Flop
Seat 6: vincentt85 folded before Flop (didn't bet)
Seat 7: jur7777 folded before Flop (didn't bet)
Seat 8: Kukoc69 collected ($0.85)
Seat 9: micshine folded before Flop (didn't bet)



PokerStars Game #19921914234:  Hold'em No Limit ($0.10/$0.25) - 2008/08/26 - 18:32:55 (ET)
Table 'Klytia II' 9-max Seat #4 is the button
Seat 1: Harrylux ($15.55 in chips) 
Seat 2: Alameda22 ($24.75 in chips) 
Seat 3: pablom ($16.50 in chips) 
Seat 4: Sim3on ($4.65 in chips) 
Seat 5: JonAcesHigh ($24.40 in chips) 
Seat 6: vincentt85 ($25 in chips) 
Seat 7: jur7777 ($25.90 in chips) 
Seat 8: Kukoc69 ($27.25 in chips) 
Seat 9: micshine ($8.40 in chips) 
JonAcesHigh: posts small blind $0.10
vincentt85: posts big blind $0.25
*** HOLE CARDS ***
Dealt to Alameda22 [Ac 6c]
jur7777: folds 
Kukoc69: folds 
micshine: folds 
Harrylux: folds 
Alameda22: folds 
pablom: folds 
Sim3on: raises $0.50 to $0.75
JonAcesHigh: folds 
vincentt85: folds 
Uncalled bet ($0.50) returned to Sim3on
Sim3on collected $0.60 from pot
Sim3on: doesn't show hand 
*** SUMMARY ***
Total pot $0.60 | Rake $0 
Seat 1: Harrylux folded before Flop (didn't bet)
Seat 2: Alameda22 folded before Flop (didn't bet)
Seat 3: pablom folded before Flop (didn't bet)
Seat 4: Sim3on (button) collected ($0.60)
Seat 5: JonAcesHigh (small blind) folded before Flop
Seat 6: vincentt85 (big blind) folded before Flop
Seat 7: jur7777 folded before Flop (didn't bet)
Seat 8: Kukoc69 folded before Flop (didn't bet)
Seat 9: micshine folded before Flop (didn't bet)



PokerStars Game #19921930431:  Hold'em No Limit ($0.10/$0.25) - 2008/08/26 - 18:33:37 (ET)
Table 'Klytia II' 9-max Seat #5 is the button
Seat 1: Harrylux ($15.55 in chips) 
Seat 2: Alameda22 ($24.75 in chips) 
Seat 3: pablom ($16.50 in chips) 
Seat 4: Sim3on ($5 in chips) 
Seat 5: JonAcesHigh ($24.30 in chips) 
Seat 6: vincentt85 ($24.75 in chips) 
Seat 7: jur7777 ($25.90 in chips) 
Seat 8: Kukoc69 ($27.25 in chips) 
Seat 9: micshine ($8.40 in chips) 
vincentt85: posts small blind $0.10
jur7777: posts big blind $0.25
*** HOLE CARDS ***
Dealt to Alameda22 [8s Qs]
Kukoc69: folds 
micshine: folds 
Harrylux: folds 
Alameda22: folds 
pablom: folds 
Sim3on: raises $0.50 to $0.75
JonAcesHigh: folds 
vincentt85: folds 
jur7777: folds 
Uncalled bet ($0.50) returned to Sim3on
Sim3on collected $0.60 from pot
Sim3on: doesn't show hand 
*** SUMMARY ***
Total pot $0.60 | Rake $0 
Seat 1: Harrylux folded before Flop (didn't bet)
Seat 2: Alameda22 folded before Flop (didn't bet)
Seat 3: pablom folded before Flop (didn't bet)
Seat 4: Sim3on collected ($0.60)
Seat 5: JonAcesHigh (button) folded before Flop (didn't bet)
Seat 6: vincentt85 (small blind) folded before Flop
Seat 7: jur7777 (big blind) folded before Flop
Seat 8: Kukoc69 folded before Flop (didn't bet)
Seat 9: micshine folded before Flop (didn't bet)



PokerStars Game #19921946864:  Hold'em No Limit ($0.10/$0.25) - 2008/08/26 - 18:34:20 (ET)
Table 'Klytia II' 9-max Seat #6 is the button
Seat 1: Harrylux ($15.55 in chips) 
Seat 2: Alameda22 ($24.75 in chips) 
Seat 3: pablom ($16.50 in chips) 
Seat 4: Sim3on ($5.35 in chips) 
Seat 5: JonAcesHigh ($24.30 in chips) 
Seat 6: vincentt85 ($24.65 in chips) 
Seat 7: jur7777 ($25.65 in chips) 
Seat 8: Kukoc69 ($27.25 in chips) 
Seat 9: micshine ($8.40 in chips) 
jur7777: posts small blind $0.10
Kukoc69: posts big blind $0.25
*** HOLE CARDS ***
Dealt to Alameda22 [9c 7c]
micshine: folds 
Harrylux: folds 
Alameda22: folds 
pablom: folds 
Sim3on: raises $0.50 to $0.75
JonAcesHigh: folds 
vincentt85: folds 
jur7777: folds 
Kukoc69: folds 
Uncalled bet ($0.50) returned to Sim3on
Sim3on collected $0.60 from pot
Sim3on: doesn't show hand 
*** SUMMARY ***
Total pot $0.60 | Rake $0 
Seat 1: Harrylux folded before Flop (didn't bet)
Seat 2: Alameda22 folded before Flop (didn't bet)
Seat 3: pablom folded before Flop (didn't bet)
Seat 4: Sim3on collected ($0.60)
Seat 5: JonAcesHigh folded before Flop (didn't bet)
Seat 6: vincentt85 (button) folded before Flop (didn't bet)
Seat 7: jur7777 (small blind) folded before Flop
Seat 8: Kukoc69 (big blind) folded before Flop
Seat 9: micshine folded before Flop (didn't bet)



PokerStars Game #19921960712:  Hold'em No Limit ($0.10/$0.25) - 2008/08/26 - 18:34:56 (ET)
Table 'Klytia II' 9-max Seat #7 is the button
Seat 1: Harrylux ($15.55 in chips) 
Seat 2: Alameda22 ($24.75 in chips) 
Seat 3: pablom ($16.50 in chips) 
Seat 4: Sim3on ($5.70 in chips) 
Seat 5: JonAcesHigh ($24.30 in chips) 
Seat 6: vincentt85 ($24.65 in chips) 
Seat 7: jur7777 ($25.55 in chips) 
Seat 8: Kukoc69 ($27 in chips) 
Seat 9: micshine ($8.40 in chips) 
Kukoc69: posts small blind $0.10
micshine: posts big blind $0.25
*** HOLE CARDS ***
Dealt to Alameda22 [7c Ad]
Harrylux: folds 
Alameda22: folds 
pablom: folds 
Sim3on: folds 
JonAcesHigh: folds 
vincentt85: raises $0.50 to $0.75
jur7777: folds 
Kukoc69: folds 
micshine: folds 
Uncalled bet ($0.50) returned to vincentt85
vincentt85 collected $0.60 from pot
vincentt85: doesn't show hand 
*** SUMMARY ***
Total pot $0.60 | Rake $0 
Seat 1: Harrylux folded before Flop (didn't bet)
Seat 2: Alameda22 folded before Flop (didn't bet)
Seat 3: pablom folded before Flop (didn't bet)
Seat 4: Sim3on folded before Flop (didn't bet)
Seat 5: JonAcesHigh folded before Flop (didn't bet)
Seat 6: vincentt85 collected ($0.60)
Seat 7: jur7777 (button) folded before Flop (didn't bet)
Seat 8: Kukoc69 (small blind) folded before Flop
Seat 9: micshine (big blind) folded before Flop



PokerStars Game #19921973430:  Hold'em No Limit ($0.10/$0.25) - 2008/08/26 - 18:35:29 (ET)
Table 'Klytia II' 9-max Seat #8 is the button
Seat 1: Harrylux ($15.55 in chips) 
Seat 2: Alameda22 ($24.75 in chips) 
Seat 3: pablom ($16.50 in chips) 
Seat 4: Sim3on ($5.70 in chips) 
Seat 5: JonAcesHigh ($24.30 in chips) 
Seat 6: vincentt85 ($25 in chips) 
Seat 7: jur7777 ($25.55 in chips) 
Seat 8: Kukoc69 ($26.90 in chips) 
Seat 9: micshine ($8.15 in chips) 
micshine: posts small blind $0.10
Harrylux: posts big blind $0.25
*** HOLE CARDS ***
Dealt to Alameda22 [Ad 4c]
Alameda22: folds 
pablom: folds 
Sim3on: folds 
JonAcesHigh: folds 
vincentt85: folds 
jur7777: folds 
Kukoc69: folds 
micshine: folds 
Uncalled bet ($0.15) returned to Harrylux
Harrylux collected $0.20 from pot
Harrylux: doesn't show hand 
*** SUMMARY ***
Total pot $0.20 | Rake $0 
Seat 1: Harrylux (big blind) collected ($0.20)
Seat 2: Alameda22 folded before Flop (didn't bet)
Seat 3: pablom folded before Flop (didn't bet)
Seat 4: Sim3on folded before Flop (didn't bet)
Seat 5: JonAcesHigh folded before Flop (didn't bet)
Seat 6: vincentt85 folded before Flop (didn't bet)
Seat 7: jur7777 folded before Flop (didn't bet)
Seat 8: Kukoc69 (button) folded before Flop (didn't bet)
Seat 9: micshine (small blind) folded before Flop



PokerStars Game #19921995882:  Hold'em No Limit ($0.10/$0.25) - 2008/08/26 - 18:36:28 (ET)
Table 'Klytia II' 9-max Seat #9 is the button
Seat 1: Harrylux ($15.65 in chips) 
Seat 2: Alameda22 ($24.75 in chips) 
Seat 3: pablom ($16.50 in chips) 
Seat 4: Sim3on ($5.70 in chips) 
Seat 5: JonAcesHigh ($24.30 in chips) 
Seat 6: vincentt85 ($25 in chips) 
Seat 7: jur7777 ($25.55 in chips) 
Seat 8: Kukoc69 ($26.90 in chips) 
Seat 9: micshine ($8.05 in chips) 
Harrylux: posts small blind $0.10
Alameda22: posts big blind $0.25
*** HOLE CARDS ***
Dealt to Alameda22 [6c Td]
pablom: folds 
Sim3on: folds 
JonAcesHigh: raises $0.50 to $0.75
vincentt85: folds 
jur7777: folds 
Kukoc69: folds 
micshine: folds 
micshine leaves the table
Harrylux: folds 
Alameda22: folds 
Uncalled bet ($0.50) returned to JonAcesHigh
JonAcesHigh collected $0.60 from pot
*** SUMMARY ***
Total pot $0.60 | Rake $0 
Seat 1: Harrylux (small blind) folded before Flop
Seat 2: Alameda22 (big blind) folded before Flop
Seat 3: pablom folded before Flop (didn't bet)
Seat 4: Sim3on folded before Flop (didn't bet)
Seat 5: JonAcesHigh collected ($0.60)
Seat 6: vincentt85 folded before Flop (didn't bet)
Seat 7: jur7777 folded before Flop (didn't bet)
Seat 8: Kukoc69 folded before Flop (didn't bet)
Seat 9: micshine (button) folded before Flop (didn't bet)



PokerStars Game #19922006786:  Hold'em No Limit ($0.10/$0.25) - 2008/08/26 - 18:36:57 (ET)
Table 'Klytia II' 9-max Seat #1 is the button
Seat 1: Harrylux ($15.55 in chips) 
Seat 2: Alameda22 ($24.50 in chips) 
Seat 3: pablom ($16.50 in chips) 
Seat 4: Sim3on ($5.70 in chips) 
Seat 5: JonAcesHigh ($24.65 in chips) 
Seat 6: vincentt85 ($25 in chips) 
Seat 7: jur7777 ($25.55 in chips) 
Seat 8: Kukoc69 ($26.90 in chips) 
Alameda22: posts small blind $0.10
pablom: posts big blind $0.25
*** HOLE CARDS ***
Dealt to Alameda22 [5s 9d]
Païtabière joins the table at seat #9 
Sim3on: raises $0.50 to $0.75
JonAcesHigh: folds 
vincentt85: folds 
jur7777: folds 
Kukoc69: folds 
Harrylux: folds 
Alameda22: folds 
pablom: folds 
Uncalled bet ($0.50) returned to Sim3on
Sim3on collected $0.60 from pot
Sim3on: doesn't show hand 
*** SUMMARY ***
Total pot $0.60 | Rake $0 
Seat 1: Harrylux (button) folded before Flop (didn't bet)
Seat 2: Alameda22 (small blind) folded before Flop
Seat 3: pablom (big blind) folded before Flop
Seat 4: Sim3on collected ($0.60)
Seat 5: JonAcesHigh folded before Flop (didn't bet)
Seat 6: vincentt85 folded before Flop (didn't bet)
Seat 7: jur7777 folded before Flop (didn't bet)
Seat 8: Kukoc69 folded before Flop (didn't bet)



PokerStars Game #19922022661:  Hold'em No Limit ($0.10/$0.25) - 2008/08/26 - 18:37:39 (ET)
Table 'Klytia II' 9-max Seat #2 is the button
Seat 1: Harrylux ($15.55 in chips) 
Seat 2: Alameda22 ($24.40 in chips) 
Seat 3: pablom ($16.25 in chips) 
Seat 5: JonAcesHigh ($24.65 in chips) 
Seat 6: vincentt85 ($25 in chips) 
Seat 7: jur7777 ($25.55 in chips) 
Seat 8: Kukoc69 ($26.90 in chips) 
pablom: posts small blind $0.10
Sim3on: is sitting out 
Sim3on leaves the table
JonAcesHigh: posts big blind $0.25
Païtabière: sits out 
*** HOLE CARDS ***
Dealt to Alameda22 [Qc 2c]
vincentt85: folds 
jur7777: folds 
mitemike609 joins the table at seat #4 
Kukoc69: folds 
Païtabière is disconnected 
Harrylux: folds 
Alameda22: folds 
pablom: folds 
Uncalled bet ($0.15) returned to JonAcesHigh
Païtabière is connected 
JonAcesHigh collected $0.20 from pot
*** SUMMARY ***
Total pot $0.20 | Rake $0 
Seat 1: Harrylux folded before Flop (didn't bet)
Seat 2: Alameda22 (button) folded before Flop (didn't bet)
Seat 3: pablom (small blind) folded before Flop
Seat 5: JonAcesHigh (big blind) collected ($0.20)
Seat 6: vincentt85 folded before Flop (didn't bet)
Seat 7: jur7777 folded before Flop (didn't bet)
Seat 8: Kukoc69 folded before Flop (didn't bet)



PokerStars Game #19922056003:  Hold'em No Limit ($0.10/$0.25) - 2008/08/26 - 18:39:05 (ET)
Table 'Klytia II' 9-max Seat #3 is the button
Seat 1: Harrylux ($15.55 in chips) 
Seat 2: Alameda22 ($24.40 in chips) 
Seat 3: pablom ($16.15 in chips) 
Seat 5: JonAcesHigh ($24.75 in chips) 
Seat 6: vincentt85 ($25 in chips) 
Seat 7: jur7777 ($25.55 in chips) 
Seat 8: Kukoc69 ($26.90 in chips) 
mitemike609 will be allowed to play after the button
JonAcesHigh: posts small blind $0.10
vincentt85: posts big blind $0.25
Païtabière: sits out 
*** HOLE CARDS ***
Dealt to Alameda22 [2h 5s]
jur7777: folds 
Kukoc69: folds 
Harrylux: calls $0.25
Alameda22: folds 
pablom: raises $0.75 to $1
JonAcesHigh: folds 
vincentt85: folds 
Harrylux: folds 
Uncalled bet ($0.75) returned to pablom
pablom collected $0.85 from pot
*** SUMMARY ***
Total pot $0.85 | Rake $0 
Seat 1: Harrylux folded before Flop
Seat 2: Alameda22 folded before Flop (didn't bet)
Seat 3: pablom (button) collected ($0.85)
Seat 5: JonAcesHigh (small blind) folded before Flop
Seat 6: vincentt85 (big blind) folded before Flop
Seat 7: jur7777 folded before Flop (didn't bet)
Seat 8: Kukoc69 folded before Flop (didn't bet)



PokerStars Game #19922074652:  Hold'em No Limit ($0.10/$0.25) - 2008/08/26 - 18:39:53 (ET)
Table 'Klytia II' 9-max Seat #5 is the button
Seat 1: Harrylux ($15.30 in chips) 
Seat 2: Alameda22 ($24.40 in chips) 
Seat 3: pablom ($16.75 in chips) 
Seat 4: mitemike609 ($15 in chips) 
Seat 5: JonAcesHigh ($24.65 in chips) 
Seat 6: vincentt85 ($24.75 in chips) 
Seat 7: jur7777 ($25.55 in chips) 
Seat 8: Kukoc69 ($26.90 in chips) 
vincentt85: posts small blind $0.10
jur7777: posts big blind $0.25
Païtabière: sits out 
mitemike609: posts big blind $0.25
*** HOLE CARDS ***
Dealt to Alameda22 [8d 4h]
Kukoc69: folds 
Harrylux: folds 
Alameda22: folds 
pablom: folds 
mitemike609: checks 
JonAcesHigh: calls $0.25
vincentt85: folds 
jur7777: checks 
*** FLOP *** [2s Jd 3d]
jur7777: checks 
mitemike609: checks 
JonAcesHigh: checks 
*** TURN *** [2s Jd 3d] [9c]
jur7777: checks 
mitemike609: checks 
JonAcesHigh: checks 
*** RIVER *** [2s Jd 3d 9c] [7c]
jur7777: checks 
mitemike609: checks 
JonAcesHigh: checks 
*** SHOW DOWN ***
jur7777: shows [Th Ad] (high card Ace)
mitemike609: shows [8s 3s] (a pair of Threes)
JonAcesHigh: shows [7h 6h] (a pair of Sevens)
JonAcesHigh collected $0.85 from pot
*** SUMMARY ***
Total pot $0.85 | Rake $0 
Board [2s Jd 3d 9c 7c]
Seat 1: Harrylux folded before Flop (didn't bet)
Seat 2: Alameda22 folded before Flop (didn't bet)
Seat 3: pablom folded before Flop (didn't bet)
Seat 4: mitemike609 showed [8s 3s] and lost with a pair of Threes
Seat 5: JonAcesHigh (button) showed [7h 6h] and won ($0.85) with a pair of Sevens
Seat 6: vincentt85 (small blind) folded before Flop
Seat 7: jur7777 (big blind) showed [Th Ad] and lost with high card Ace
Seat 8: Kukoc69 folded before Flop (didn't bet)



PokerStars Game #19922100438:  Hold'em No Limit ($0.10/$0.25) - 2008/08/26 - 18:41:00 (ET)
Table 'Klytia II' 9-max Seat #6 is the button
Seat 1: Harrylux ($15.30 in chips) 
Seat 2: Alameda22 ($24.40 in chips) 
Seat 3: pablom ($16.75 in chips) 
Seat 4: mitemike609 ($14.75 in chips) 
Seat 5: JonAcesHigh ($25.25 in chips) 
Seat 6: vincentt85 ($24.65 in chips) 
Seat 7: jur7777 ($25.30 in chips) 
Seat 8: Kukoc69 ($26.90 in chips) 
jur7777: posts small blind $0.10
Kukoc69: posts big blind $0.25
Païtabière: sits out 
*** HOLE CARDS ***
Dealt to Alameda22 [Kd 2s]
Harrylux: folds 
Alameda22: folds 
pablom: folds 
mitemike609: folds 
JonAcesHigh: raises $0.75 to $1
vincentt85: folds 
jur7777: folds 
Kukoc69: calls $0.75
*** FLOP *** [Ks 3c Kc]
Kukoc69: bets $1.25
JonAcesHigh: folds 
Uncalled bet ($1.25) returned to Kukoc69
Kukoc69 collected $2 from pot
Kukoc69: doesn't show hand 
*** SUMMARY ***
Total pot $2.10 | Rake $0.10 
Board [Ks 3c Kc]
Seat 1: Harrylux folded before Flop (didn't bet)
Seat 2: Alameda22 folded before Flop (didn't bet)
Seat 3: pablom folded before Flop (didn't bet)
Seat 4: mitemike609 folded before Flop (didn't bet)
Seat 5: JonAcesHigh folded on the Flop
Seat 6: vincentt85 (button) folded before Flop (didn't bet)
Seat 7: jur7777 (small blind) folded before Flop
Seat 8: Kukoc69 (big blind) collected ($2)



PokerStars Game #19922127132:  Hold'em No Limit ($0.10/$0.25) - 2008/08/26 - 18:42:10 (ET)
Table 'Klytia II' 9-max Seat #7 is the button
Seat 1: Harrylux ($15.30 in chips) 
Seat 2: Alameda22 ($24.40 in chips) 
Seat 3: pablom ($16.75 in chips) 
Seat 4: mitemike609 ($14.75 in chips) 
Seat 5: JonAcesHigh ($24.25 in chips) 
Seat 6: vincentt85 ($24.65 in chips) 
Seat 7: jur7777 ($25.20 in chips) 
Seat 8: Kukoc69 ($27.90 in chips) 
Seat 9: Païtabière ($25 in chips) 
Kukoc69: posts small blind $0.10
Païtabière: posts big blind $0.25
*** HOLE CARDS ***
Dealt to Alameda22 [Th 9s]
Harrylux: folds 
Alameda22: folds 
pablom: folds 
mitemike609: folds 
JonAcesHigh: folds 
vincentt85: folds 
jur7777: folds 
Kukoc69: folds 
Uncalled bet ($0.15) returned to Païtabière
Païtabière collected $0.20 from pot
Païtabière: doesn't show hand 
*** SUMMARY ***
Total pot $0.20 | Rake $0 
Seat 1: Harrylux folded before Flop (didn't bet)
Seat 2: Alameda22 folded before Flop (didn't bet)
Seat 3: pablom folded before Flop (didn't bet)
Seat 4: mitemike609 folded before Flop (didn't bet)
Seat 5: JonAcesHigh folded before Flop (didn't bet)
Seat 6: vincentt85 folded before Flop (didn't bet)
Seat 7: jur7777 (button) folded before Flop (didn't bet)
Seat 8: Kukoc69 (small blind) folded before Flop
Seat 9: Païtabière (big blind) collected ($0.20)



PokerStars Game #19922144765:  Hold'em No Limit ($0.10/$0.25) - 2008/08/26 - 18:42:56 (ET)
Table 'Klytia II' 9-max Seat #8 is the button
Seat 1: Harrylux ($15.30 in chips) 
Seat 2: Alameda22 ($24.40 in chips) 
Seat 3: pablom ($16.75 in chips) 
Seat 4: mitemike609 ($14.75 in chips) 
Seat 5: JonAcesHigh ($24.25 in chips) 
Seat 6: vincentt85 ($24.65 in chips) 
Seat 7: jur7777 ($25.20 in chips) 
Seat 8: Kukoc69 ($27.80 in chips) 
Seat 9: Païtabière ($25.10 in chips) 
Païtabière: posts small blind $0.10
Harrylux: posts big blind $0.25
*** HOLE CARDS ***
Dealt to Alameda22 [As Kc]
Alameda22: raises $0.50 to $0.75
pablom: folds 
mitemike609: folds 
JonAcesHigh: folds 
vincentt85: calls $0.75
jur7777: folds 
Kukoc69: folds 
Païtabière: folds 
Harrylux: folds 
*** FLOP *** [4c 9h 5d]
Harrylux is sitting out
Alameda22: bets $1.25
vincentt85: calls $1.25
*** TURN *** [4c 9h 5d] [Td]
Alameda22: checks 
vincentt85: checks 
*** RIVER *** [4c 9h 5d Td] [Kd]
Alameda22: bets $2.75
vincentt85: folds 
Uncalled bet ($2.75) returned to Alameda22
Alameda22 collected $4.15 from pot
Alameda22: doesn't show hand 
*** SUMMARY ***
Total pot $4.35 | Rake $0.20 
Board [4c 9h 5d Td Kd]
Seat 1: Harrylux (big blind) folded before Flop
Seat 2: Alameda22 collected ($4.15)
Seat 3: pablom folded before Flop (didn't bet)
Seat 4: mitemike609 folded before Flop (didn't bet)
Seat 5: JonAcesHigh folded before Flop (didn't bet)
Seat 6: vincentt85 folded on the River
Seat 7: jur7777 folded before Flop (didn't bet)
Seat 8: Kukoc69 (button) folded before Flop (didn't bet)
Seat 9: Païtabière (small blind) folded before Flop



PokerStars Game #19922187914:  Hold'em No Limit ($0.10/$0.25) - 2008/08/26 - 18:44:48 (ET)
Table 'Klytia II' 9-max Seat #9 is the button
Seat 2: Alameda22 ($26.55 in chips) 
Seat 3: pablom ($16.75 in chips) 
Seat 4: mitemike609 ($14.75 in chips) 
Seat 5: JonAcesHigh ($24.25 in chips) 
Seat 6: vincentt85 ($25 in chips) 
Seat 7: jur7777 ($25.20 in chips) 
Seat 8: Kukoc69 ($27.80 in chips) 
Seat 9: Païtabière ($25 in chips) 
Alameda22: posts small blind $0.10
pablom: posts big blind $0.25
*** HOLE CARDS ***
Dealt to Alameda22 [4h 7s]
mitemike609: folds 
JonAcesHigh: folds 
vincentt85: folds 
jur7777: folds 
Kukoc69: folds 
Païtabière: folds 
Alameda22: folds 
Uncalled bet ($0.15) returned to pablom
pablom collected $0.20 from pot
*** SUMMARY ***
Total pot $0.20 | Rake $0 
Seat 2: Alameda22 (small blind) folded before Flop
Seat 3: pablom (big blind) collected ($0.20)
Seat 4: mitemike609 folded before Flop (didn't bet)
Seat 5: JonAcesHigh folded before Flop (didn't bet)
Seat 6: vincentt85 folded before Flop (didn't bet)
Seat 7: jur7777 folded before Flop (didn't bet)
Seat 8: Kukoc69 folded before Flop (didn't bet)
Seat 9: Païtabière (button) folded before Flop (didn't bet)



PokerStars Game #19922199209:  Hold'em No Limit ($0.10/$0.25) - 2008/08/26 - 18:45:18 (ET)
Table 'Klytia II' 9-max Seat #2 is the button
Seat 2: Alameda22 ($26.45 in chips) 
Seat 3: pablom ($16.85 in chips) 
Seat 4: mitemike609 ($14.75 in chips) 
Seat 5: JonAcesHigh ($24.25 in chips) 
Seat 6: vincentt85 ($25 in chips) 
Seat 7: jur7777 ($25.20 in chips) 
Seat 8: Kukoc69 ($27.80 in chips) 
Seat 9: Païtabière ($25 in chips) 
pablom: posts small blind $0.10
mitemike609: posts big blind $0.25
*** HOLE CARDS ***
Dealt to Alameda22 [Tc 2s]
JonAcesHigh: folds 
vincentt85: folds 
jur7777: calls $0.25
Kukoc69: raises $1 to $1.25
Païtabière: folds 
Alameda22: folds 
pablom: folds 
mitemike609: folds 
jur7777: calls $1
*** FLOP *** [6h Js 2d]
jur7777: checks 
Kukoc69: bets $2
jur7777: folds 
Uncalled bet ($2) returned to Kukoc69
Kukoc69 collected $2.75 from pot
Kukoc69: doesn't show hand 
*** SUMMARY ***
Total pot $2.85 | Rake $0.10 
Board [6h Js 2d]
Seat 2: Alameda22 (button) folded before Flop (didn't bet)
Seat 3: pablom (small blind) folded before Flop
Seat 4: mitemike609 (big blind) folded before Flop
Seat 5: JonAcesHigh folded before Flop (didn't bet)
Seat 6: vincentt85 folded before Flop (didn't bet)
Seat 7: jur7777 folded on the Flop
Seat 8: Kukoc69 collected ($2.75)
Seat 9: Païtabière folded before Flop (didn't bet)



PokerStars Game #19922228186:  Hold'em No Limit ($0.10/$0.25) - 2008/08/26 - 18:46:34 (ET)
Table 'Klytia II' 9-max Seat #3 is the button
Seat 2: Alameda22 ($26.45 in chips) 
Seat 3: pablom ($16.75 in chips) 
Seat 4: mitemike609 ($14.50 in chips) 
Seat 5: JonAcesHigh ($24.25 in chips) 
Seat 6: vincentt85 ($25 in chips) 
Seat 7: jur7777 ($23.95 in chips) 
Seat 8: Kukoc69 ($29.30 in chips) 
Seat 9: Païtabière ($25 in chips) 
mitemike609: posts small blind $0.10
JonAcesHigh: posts big blind $0.25
*** HOLE CARDS ***
Dealt to Alameda22 [As 9d]
vincentt85: raises $0.75 to $1
jur7777: folds 
Kukoc69: folds 
Païtabière: folds 
Alameda22: folds 
pablom: calls $1
mitemike609: folds 
JonAcesHigh: folds 
*** FLOP *** [Kh 8c 6c]
vincentt85: bets $1.50
pablom: calls $1.50
*** TURN *** [Kh 8c 6c] [9h]
vincentt85: checks 
pablom: bets $1.50
vincentt85: calls $1.50
*** RIVER *** [Kh 8c 6c 9h] [Th]
vincentt85: checks 
pablom: bets $2
vincentt85: raises $3 to $5
pablom: calls $3
*** SHOW DOWN ***
vincentt85: shows [Jh Ah] (a flush, Ace high)
pablom: mucks hand 
vincentt85 collected $17.50 from pot
*** SUMMARY ***
Total pot $18.35 | Rake $0.85 
Board [Kh 8c 6c 9h Th]
Seat 2: Alameda22 folded before Flop (didn't bet)
Seat 3: pablom (button) mucked [Kc Ac]
Seat 4: mitemike609 (small blind) folded before Flop
Seat 5: JonAcesHigh (big blind) folded before Flop
Seat 6: vincentt85 showed [Jh Ah] and won ($17.50) with a flush, Ace high
Seat 7: jur7777 folded before Flop (didn't bet)
Seat 8: Kukoc69 folded before Flop (didn't bet)
Seat 9: Païtabière folded before Flop (didn't bet)



PokerStars Game #19922269162:  Hold'em No Limit ($0.10/$0.25) - 2008/08/26 - 18:48:22 (ET)
Table 'Klytia II' 9-max Seat #4 is the button
Seat 2: Alameda22 ($26.45 in chips) 
Seat 3: pablom ($7.75 in chips) 
Seat 4: mitemike609 ($14.40 in chips) 
Seat 5: JonAcesHigh ($24 in chips) 
Seat 6: vincentt85 ($33.50 in chips) 
Seat 7: jur7777 ($23.95 in chips) 
Seat 8: Kukoc69 ($29.30 in chips) 
Seat 9: Païtabière ($25 in chips) 
JonAcesHigh: posts small blind $0.10
vincentt85: posts big blind $0.25
*** HOLE CARDS ***
Dealt to Alameda22 [Kd 7h]
jur7777: folds 
Kukoc69: folds 
Païtabière: folds 
Alameda22: folds 
pablom: folds 
mitemike609: calls $0.25
JonAcesHigh: calls $0.15
vincentt85: checks 
*** FLOP *** [2h 3s Ad]
JonAcesHigh: checks 
vincentt85: checks 
mitemike609: checks 
*** TURN *** [2h 3s Ad] [Js]
JonAcesHigh: checks 
vincentt85: checks 
mitemike609: checks 
*** RIVER *** [2h 3s Ad Js] [Jc]
JonAcesHigh: bets $0.75
vincentt85: folds 
mitemike609: folds 
Uncalled bet ($0.75) returned to JonAcesHigh
JonAcesHigh collected $0.75 from pot
*** SUMMARY ***
Total pot $0.75 | Rake $0 
Board [2h 3s Ad Js Jc]
Seat 2: Alameda22 folded before Flop (didn't bet)
Seat 3: pablom folded before Flop (didn't bet)
Seat 4: mitemike609 (button) folded on the River
Seat 5: JonAcesHigh (small blind) collected ($0.75)
Seat 6: vincentt85 (big blind) folded on the River
Seat 7: jur7777 folded before Flop (didn't bet)
Seat 8: Kukoc69 folded before Flop (didn't bet)
Seat 9: Païtabière folded before Flop (didn't bet)



PokerStars Game #19922313077:  Hold'em No Limit ($0.10/$0.25) - 2008/08/26 - 18:50:17 (ET)
Table 'Klytia II' 9-max Seat #5 is the button
Seat 2: Alameda22 ($26.45 in chips) 
Seat 3: pablom ($7.75 in chips) 
Seat 4: mitemike609 ($14.15 in chips) 
Seat 5: JonAcesHigh ($24.50 in chips) 
Seat 6: vincentt85 ($33.25 in chips) 
Seat 7: jur7777 ($23.95 in chips) 
Seat 8: Kukoc69 ($29.30 in chips) 
Seat 9: Païtabière ($25 in chips) 
vincentt85: posts small blind $0.10
jur7777: posts big blind $0.25
*** HOLE CARDS ***
Dealt to Alameda22 [7h Js]
Kukoc69: folds 
Païtabière: folds 
Alameda22: folds 
pablom: folds 
mitemike609: folds 
JonAcesHigh: folds 
JonAcesHigh leaves the table
vincentt85: raises $0.75 to $1
jur7777: folds 
Uncalled bet ($0.75) returned to vincentt85
vincentt85 collected $0.50 from pot
vincentt85: doesn't show hand 
*** SUMMARY ***
Total pot $0.50 | Rake $0 
Seat 2: Alameda22 folded before Flop (didn't bet)
Seat 3: pablom folded before Flop (didn't bet)
Seat 4: mitemike609 folded before Flop (didn't bet)
Seat 5: JonAcesHigh (button) folded before Flop (didn't bet)
Seat 6: vincentt85 (small blind) collected ($0.50)
Seat 7: jur7777 (big blind) folded before Flop
Seat 8: Kukoc69 folded before Flop (didn't bet)
Seat 9: Païtabière folded before Flop (didn't bet)



PokerStars Game #19922328737:  Hold'em No Limit ($0.10/$0.25) - 2008/08/26 - 18:50:58 (ET)
Table 'Klytia II' 9-max Seat #6 is the button
Seat 2: Alameda22 ($26.45 in chips) 
Seat 3: pablom ($7.75 in chips) 
Seat 4: mitemike609 ($14.15 in chips) 
Seat 6: vincentt85 ($33.50 in chips) 
Seat 7: jur7777 ($23.70 in chips) 
Seat 8: Kukoc69 ($29.30 in chips) 
Seat 9: Païtabière ($25 in chips) 
jur7777: posts small blind $0.10
Kukoc69: posts big blind $0.25
*** HOLE CARDS ***
Dealt to Alameda22 [Jc 3h]
Païtabière: folds 
Alameda22: folds 
pablom: calls $0.25
mitemike609: folds 
vincentt85: folds 
jur7777: folds 
Kukoc69: checks 
*** FLOP *** [4h Jd Qd]
Kukoc69: bets $0.50
pablom: folds 
Uncalled bet ($0.50) returned to Kukoc69
Kukoc69 collected $0.60 from pot
Kukoc69: doesn't show hand 
*** SUMMARY ***
Total pot $0.60 | Rake $0 
Board [4h Jd Qd]
Seat 2: Alameda22 folded before Flop (didn't bet)
Seat 3: pablom folded on the Flop
Seat 4: mitemike609 folded before Flop (didn't bet)
Seat 6: vincentt85 (button) folded before Flop (didn't bet)
Seat 7: jur7777 (small blind) folded before Flop
Seat 8: Kukoc69 (big blind) collected ($0.60)
Seat 9: Païtabière folded before Flop (didn't bet)



PokerStars Game #19922347772:  Hold'em No Limit ($0.10/$0.25) - 2008/08/26 - 18:51:48 (ET)
Table 'Klytia II' 9-max Seat #7 is the button
Seat 2: Alameda22 ($26.45 in chips) 
Seat 3: pablom ($7.50 in chips) 
Seat 4: mitemike609 ($14.15 in chips) 
Seat 6: vincentt85 ($33.50 in chips) 
Seat 7: jur7777 ($23.60 in chips) 
Seat 8: Kukoc69 ($29.65 in chips) 
Seat 9: Païtabière ($25 in chips) 
Kukoc69: posts small blind $0.10
Païtabière: posts big blind $0.25
*** HOLE CARDS ***
Dealt to Alameda22 [Td 4s]
Alameda22: folds 
pablom: calls $0.25
mitemike609: folds 
vincentt85: folds 
jur7777: calls $0.25
Kukoc69: folds 
Païtabière: checks 
*** FLOP *** [3s 2d Tc]
Païtabière: checks 
pablom: checks 
jur7777: checks 
*** TURN *** [3s 2d Tc] [Qh]
Païtabière: checks 
pablom: checks 
jur7777: checks 
*** RIVER *** [3s 2d Tc Qh] [7c]
Païtabière: checks 
pablom: checks 
jur7777: bets $0.25
Païtabière: folds 
pablom: folds 
Uncalled bet ($0.25) returned to jur7777
jur7777 collected $0.85 from pot
jur7777: doesn't show hand 
*** SUMMARY ***
Total pot $0.85 | Rake $0 
Board [3s 2d Tc Qh 7c]
Seat 2: Alameda22 folded before Flop (didn't bet)
Seat 3: pablom folded on the River
Seat 4: mitemike609 folded before Flop (didn't bet)
Seat 6: vincentt85 folded before Flop (didn't bet)
Seat 7: jur7777 (button) collected ($0.85)
Seat 8: Kukoc69 (small blind) folded before Flop
Seat 9: Païtabière (big blind) folded on the River



PokerStars Game #19922376464:  Hold'em No Limit ($0.10/$0.25) - 2008/08/26 - 18:53:04 (ET)
Table 'Klytia II' 9-max Seat #8 is the button
Seat 2: Alameda22 ($26.45 in chips) 
Seat 3: pablom ($7.25 in chips) 
Seat 4: mitemike609 ($14.15 in chips) 
Seat 6: vincentt85 ($33.50 in chips) 
Seat 7: jur7777 ($24.20 in chips) 
Seat 8: Kukoc69 ($29.55 in chips) 
Seat 9: Païtabière ($24.75 in chips) 
Païtabière: posts small blind $0.10
Alameda22: posts big blind $0.25
*** HOLE CARDS ***
Dealt to Alameda22 [Js Jc]
pablom: folds 
mitemike609: folds 
vincentt85: folds 
jur7777: folds 
Kukoc69: folds 
Païtabière: raises $0.50 to $0.75
Alameda22: raises $1.50 to $2.25
Païtabière: folds 
Uncalled bet ($1.50) returned to Alameda22
Alameda22 collected $1.50 from pot
Alameda22: doesn't show hand 
*** SUMMARY ***
Total pot $1.50 | Rake $0 
Seat 2: Alameda22 (big blind) collected ($1.50)
Seat 3: pablom folded before Flop (didn't bet)
Seat 4: mitemike609 folded before Flop (didn't bet)
Seat 6: vincentt85 folded before Flop (didn't bet)
Seat 7: jur7777 folded before Flop (didn't bet)
Seat 8: Kukoc69 (button) folded before Flop (didn't bet)
Seat 9: Païtabière (small blind) folded before Flop



PokerStars Game #19922393126:  Hold'em No Limit ($0.10/$0.25) - 2008/08/26 - 18:53:48 (ET)
Table 'Klytia II' 9-max Seat #9 is the button
Seat 2: Alameda22 ($27.20 in chips) 
Seat 3: pablom ($7.25 in chips) 
Seat 4: mitemike609 ($14.15 in chips) 
Seat 6: vincentt85 ($33.50 in chips) 
Seat 7: jur7777 ($24.20 in chips) 
Seat 8: Kukoc69 ($29.55 in chips) 
Seat 9: Païtabière ($25 in chips) 
Alameda22: posts small blind $0.10
pablom: posts big blind $0.25
*** HOLE CARDS ***
Dealt to Alameda22 [9c 4s]
mitemike609: folds 
vincentt85: folds 
jur7777: raises $0.75 to $1
Kukoc69: folds 
Païtabière: folds 
Alameda22: folds 
pablom: folds 
Uncalled bet ($0.75) returned to jur7777
jur7777 collected $0.60 from pot
jur7777: doesn't show hand 
*** SUMMARY ***
Total pot $0.60 | Rake $0 
Seat 2: Alameda22 (small blind) folded before Flop
Seat 3: pablom (big blind) folded before Flop
Seat 4: mitemike609 folded before Flop (didn't bet)
Seat 6: vincentt85 folded before Flop (didn't bet)
Seat 7: jur7777 collected ($0.60)
Seat 8: Kukoc69 folded before Flop (didn't bet)
Seat 9: Païtabière (button) folded before Flop (didn't bet)



PokerStars Game #19922408931:  Hold'em No Limit ($0.10/$0.25) - 2008/08/26 - 18:54:29 (ET)
Table 'Klytia II' 9-max Seat #2 is the button
Seat 2: Alameda22 ($27.10 in chips) 
Seat 3: pablom ($7 in chips) 
Seat 4: mitemike609 ($14.15 in chips) 
Seat 6: vincentt85 ($33.50 in chips) 
Seat 7: jur7777 ($24.55 in chips) 
Seat 8: Kukoc69 ($29.55 in chips) 
Seat 9: Païtabière ($25 in chips) 
pablom: posts small blind $0.10
mitemike609: posts big blind $0.25
*** HOLE CARDS ***
Dealt to Alameda22 [8h Kd]
vincentt85: folds 
jur7777: folds 
Kukoc69: folds 
Païtabière: folds 
Alameda22: folds 
pablom: folds 
Uncalled bet ($0.15) returned to mitemike609
mitemike609 collected $0.20 from pot
mitemike609: doesn't show hand 
*** SUMMARY ***
Total pot $0.20 | Rake $0 
Seat 2: Alameda22 (button) folded before Flop (didn't bet)
Seat 3: pablom (small blind) folded before Flop
Seat 4: mitemike609 (big blind) collected ($0.20)
Seat 6: vincentt85 folded before Flop (didn't bet)
Seat 7: jur7777 folded before Flop (didn't bet)
Seat 8: Kukoc69 folded before Flop (didn't bet)
Seat 9: Païtabière folded before Flop (didn't bet)



PokerStars Game #19922420160:  Hold'em No Limit ($0.10/$0.25) - 2008/08/26 - 18:54:59 (ET)
Table 'Klytia II' 9-max Seat #3 is the button
Seat 2: Alameda22 ($27.10 in chips) 
Seat 3: pablom ($6.90 in chips) 
Seat 4: mitemike609 ($14.25 in chips) 
Seat 6: vincentt85 ($33.50 in chips) 
Seat 7: jur7777 ($24.55 in chips) 
Seat 8: Kukoc69 ($29.55 in chips) 
Seat 9: Païtabière ($25 in chips) 
mitemike609: posts small blind $0.10
vincentt85: posts big blind $0.25
*** HOLE CARDS ***
Dealt to Alameda22 [Ah Qh]
jur7777: folds 
Kukoc69: folds 
Païtabière: folds 
Alameda22: raises $0.50 to $0.75
pablom: folds 
mitemike609: calls $0.65
vincentt85: folds 
*** FLOP *** [Js 5h 8c]
Harrylux has returned
pablom leaves the table
mitemike609: bets $1
Alameda22: folds 
Uncalled bet ($1) returned to mitemike609
mitemike609 collected $1.70 from pot
mitemike609: doesn't show hand 
*** SUMMARY ***
Total pot $1.75 | Rake $0.05 
Board [Js 5h 8c]
Seat 2: Alameda22 folded on the Flop
Seat 3: pablom (button) folded before Flop (didn't bet)
Seat 4: mitemike609 (small blind) collected ($1.70)
Seat 6: vincentt85 (big blind) folded before Flop
Seat 7: jur7777 folded before Flop (didn't bet)
Seat 8: Kukoc69 folded before Flop (didn't bet)
Seat 9: Païtabière folded before Flop (didn't bet)



PokerStars Game #19922443798:  Hold'em No Limit ($0.10/$0.25) - 2008/08/26 - 18:56:01 (ET)
Table 'Klytia II' 9-max Seat #4 is the button
Seat 1: Harrylux ($15.05 in chips) 
Seat 2: Alameda22 ($26.35 in chips) 
Seat 4: mitemike609 ($15.20 in chips) 
Seat 6: vincentt85 ($33.25 in chips) 
Seat 7: jur7777 ($24.55 in chips) 
Seat 8: Kukoc69 ($29.55 in chips) 
Seat 9: Païtabière ($25 in chips) 
vincentt85: posts small blind $0.10
jur7777: posts big blind $0.25
Harrylux: posts small & big blinds $0.35
*** HOLE CARDS ***
Dealt to Alameda22 [3d As]
Kukoc69: folds 
Païtabière: folds 
Harrylux: checks 
Alameda22: folds 
mitemike609: folds 
vincentt85: calls $0.15
jur7777: checks 
*** FLOP *** [8h 2h Th]
vincentt85: bets $0.75
jur7777: folds 
Harrylux: folds 
Uncalled bet ($0.75) returned to vincentt85
vincentt85 collected $0.85 from pot
vincentt85: doesn't show hand 
*** SUMMARY ***
Total pot $0.85 | Rake $0 
Board [8h 2h Th]
Seat 1: Harrylux folded on the Flop
Seat 2: Alameda22 folded before Flop (didn't bet)
Seat 4: mitemike609 (button) folded before Flop (didn't bet)
Seat 6: vincentt85 (small blind) collected ($0.85)
Seat 7: jur7777 (big blind) folded on the Flop
Seat 8: Kukoc69 folded before Flop (didn't bet)
Seat 9: Païtabière folded before Flop (didn't bet)



PokerStars Game #19922460344:  Hold'em No Limit ($0.10/$0.25) - 2008/08/26 - 18:56:45 (ET)
Table 'Klytia II' 9-max Seat #6 is the button
Seat 1: Harrylux ($14.70 in chips) 
Seat 2: Alameda22 ($26.35 in chips) 
Seat 4: mitemike609 ($15.20 in chips) 
Seat 6: vincentt85 ($33.85 in chips) 
Seat 7: jur7777 ($24.30 in chips) 
Seat 8: Kukoc69 ($29.55 in chips) 
Seat 9: Païtabière ($25 in chips) 
jur7777: posts small blind $0.10
Kukoc69: posts big blind $0.25
*** HOLE CARDS ***
Dealt to Alameda22 [6s 8h]
Païtabière: folds 
Harrylux: folds 
Alameda22: folds 
mitemike609: calls $0.25
vincentt85: folds 
jur7777: folds 
Kukoc69: checks 
*** FLOP *** [Qh 7c Qc]
Kukoc69: folds 
mitemike609 collected $0.60 from pot
mitemike609: doesn't show hand 
*** SUMMARY ***
Total pot $0.60 | Rake $0 
Board [Qh 7c Qc]
Seat 1: Harrylux folded before Flop (didn't bet)
Seat 2: Alameda22 folded before Flop (didn't bet)
Seat 4: mitemike609 collected ($0.60)
Seat 6: vincentt85 (button) folded before Flop (didn't bet)
Seat 7: jur7777 (small blind) folded before Flop
Seat 8: Kukoc69 (big blind) folded on the Flop
Seat 9: Païtabière folded before Flop (didn't bet)



PokerStars Game #19922479036:  Hold'em No Limit ($0.10/$0.25) - 2008/08/26 - 18:57:34 (ET)
Table 'Klytia II' 9-max Seat #7 is the button
Seat 1: Harrylux ($14.70 in chips) 
Seat 2: Alameda22 ($26.35 in chips) 
Seat 4: mitemike609 ($15.55 in chips) 
Seat 6: vincentt85 ($33.85 in chips) 
Seat 7: jur7777 ($24.20 in chips) 
Seat 8: Kukoc69 ($29.30 in chips) 
Seat 9: Païtabière ($25 in chips) 
Kukoc69: posts small blind $0.10
Païtabière: posts big blind $0.25
*** HOLE CARDS ***
Dealt to Alameda22 [4h 7s]
ellenv83 joins the table at seat #5 
Harrylux: folds 
Alameda22: folds 
mitemike609: folds 
vincentt85: folds 
jur7777: folds 
Kukoc69: folds 
Uncalled bet ($0.15) returned to Païtabière
Païtabière collected $0.20 from pot
Païtabière: doesn't show hand 
*** SUMMARY ***
Total pot $0.20 | Rake $0 
Seat 1: Harrylux folded before Flop (didn't bet)
Seat 2: Alameda22 folded before Flop (didn't bet)
Seat 4: mitemike609 folded before Flop (didn't bet)
Seat 6: vincentt85 folded before Flop (didn't bet)
Seat 7: jur7777 (button) folded before Flop (didn't bet)
Seat 8: Kukoc69 (small blind) folded before Flop
Seat 9: Païtabière (big blind) collected ($0.20)



PokerStars Game #19922497105:  Hold'em No Limit ($0.10/$0.25) - 2008/08/26 - 18:58:22 (ET)
Table 'Klytia II' 9-max Seat #8 is the button
Seat 1: Harrylux ($14.70 in chips) 
Seat 2: Alameda22 ($26.35 in chips) 
Seat 4: mitemike609 ($15.55 in chips) 
Seat 6: vincentt85 ($33.85 in chips) 
Seat 7: jur7777 ($24.20 in chips) 
Seat 8: Kukoc69 ($29.20 in chips) 
Seat 9: Païtabière ($25.10 in chips) 
Païtabière: posts small blind $0.10
Harrylux: posts big blind $0.25
ellenv83: sits out 
*** HOLE CARDS ***
Dealt to Alameda22 [7h Ad]
Alameda22: folds 
mitemike609: calls $0.25
vincentt85: folds 
jur7777: folds 
Kukoc69: folds 
Païtabière: folds 
Harrylux: checks 
*** FLOP *** [Tc 4h Ks]
Harrylux: checks 
mitemike609: bets $0.75
Harrylux: folds 
Uncalled bet ($0.75) returned to mitemike609
mitemike609 collected $0.60 from pot
mitemike609: doesn't show hand 
*** SUMMARY ***
Total pot $0.60 | Rake $0 
Board [Tc 4h Ks]
Seat 1: Harrylux (big blind) folded on the Flop
Seat 2: Alameda22 folded before Flop (didn't bet)
Seat 4: mitemike609 collected ($0.60)
Seat 6: vincentt85 folded before Flop (didn't bet)
Seat 7: jur7777 folded before Flop (didn't bet)
Seat 8: Kukoc69 (button) folded before Flop (didn't bet)
Seat 9: Païtabière (small blind) folded before Flop



PokerStars Game #19922512858:  Hold'em No Limit ($0.10/$0.25) - 2008/08/26 - 18:59:04 (ET)
Table 'Klytia II' 9-max Seat #9 is the button
Seat 1: Harrylux ($14.45 in chips) 
Seat 2: Alameda22 ($26.35 in chips) 
Seat 4: mitemike609 ($15.90 in chips) 
Seat 6: vincentt85 ($33.85 in chips) 
Seat 7: jur7777 ($24.20 in chips) 
Seat 8: Kukoc69 ($29.20 in chips) 
Seat 9: Païtabière ($25 in chips) 
Harrylux: posts small blind $0.10
Alameda22: posts big blind $0.25
ellenv83: sits out 
*** HOLE CARDS ***
Dealt to Alameda22 [Jc 2s]
mitemike609: folds 
vincentt85: folds 
jur7777: folds 
Kukoc69: folds 
Païtabière: raises $0.75 to $1
Harrylux: folds 
Alameda22: folds 
Uncalled bet ($0.75) returned to Païtabière
Païtabière collected $0.60 from pot
Païtabière: doesn't show hand 
*** SUMMARY ***
Total pot $0.60 | Rake $0 
Seat 1: Harrylux (small blind) folded before Flop
Seat 2: Alameda22 (big blind) folded before Flop
Seat 4: mitemike609 folded before Flop (didn't bet)
Seat 6: vincentt85 folded before Flop (didn't bet)
Seat 7: jur7777 folded before Flop (didn't bet)
Seat 8: Kukoc69 folded before Flop (didn't bet)
Seat 9: Païtabière (button) collected ($0.60)



PokerStars Game #19922528493:  Hold'em No Limit ($0.10/$0.25) - 2008/08/26 - 18:59:46 (ET)
Table 'Klytia II' 9-max Seat #1 is the button
Seat 1: Harrylux ($14.35 in chips) 
Seat 2: Alameda22 ($26.10 in chips) 
Seat 4: mitemike609 ($15.90 in chips) 
Seat 6: vincentt85 ($33.85 in chips) 
Seat 7: jur7777 ($24.20 in chips) 
Seat 8: Kukoc69 ($29.20 in chips) 
Seat 9: Païtabière ($25.35 in chips) 
Alameda22: posts small blind $0.10
mitemike609: posts big blind $0.25
ellenv83: sits out 
*** HOLE CARDS ***
Dealt to Alameda22 [3s 4d]
vincentt85: folds 
jur7777: folds 
Kukoc69: folds 
Païtabière: folds 
Harrylux: folds 
Alameda22: folds 
Uncalled bet ($0.15) returned to mitemike609
mitemike609 collected $0.20 from pot
mitemike609: doesn't show hand 
*** SUMMARY ***
Total pot $0.20 | Rake $0 
Seat 1: Harrylux (button) folded before Flop (didn't bet)
Seat 2: Alameda22 (small blind) folded before Flop
Seat 4: mitemike609 (big blind) collected ($0.20)
Seat 6: vincentt85 folded before Flop (didn't bet)
Seat 7: jur7777 folded before Flop (didn't bet)
Seat 8: Kukoc69 folded before Flop (didn't bet)
Seat 9: Païtabière folded before Flop (didn't bet)



PokerStars Game #19922540027:  Hold'em No Limit ($0.10/$0.25) - 2008/08/26 - 19:00:16 (ET)
Table 'Klytia II' 9-max Seat #2 is the button
Seat 1: Harrylux ($14.35 in chips) 
Seat 2: Alameda22 ($26 in chips) 
Seat 4: mitemike609 ($16 in chips) 
Seat 5: ellenv83 ($5.45 in chips) 
Seat 6: vincentt85 ($33.85 in chips) 
Seat 7: jur7777 ($24.20 in chips) 
Seat 8: Kukoc69 ($29.20 in chips) 
Seat 9: Païtabière ($25.35 in chips) 
mitemike609: posts small blind $0.10
ellenv83: posts big blind $0.25
*** HOLE CARDS ***
Dealt to Alameda22 [2d Qc]
vincentt85: folds 
jur7777: calls $0.25
Kukoc69: folds 
Païtabière: folds 
Harrylux: folds 
Xelat1k joins the table at seat #3 
Alameda22: folds 
mitemike609: calls $0.15
ellenv83: raises $0.75 to $1
jur7777: folds 
mitemike609: folds 
Uncalled bet ($0.75) returned to ellenv83
ellenv83 collected $0.75 from pot
ellenv83: doesn't show hand 
*** SUMMARY ***
Total pot $0.75 | Rake $0 
Seat 1: Harrylux folded before Flop (didn't bet)
Seat 2: Alameda22 (button) folded before Flop (didn't bet)
Seat 4: mitemike609 (small blind) folded before Flop
Seat 5: ellenv83 (big blind) collected ($0.75)
Seat 6: vincentt85 folded before Flop (didn't bet)
Seat 7: jur7777 folded before Flop
Seat 8: Kukoc69 folded before Flop (didn't bet)
Seat 9: Païtabière folded before Flop (didn't bet)



PokerStars Game #19922562963:  Hold'em No Limit ($0.10/$0.25) - 2008/08/26 - 19:01:17 (ET)
Table 'Klytia II' 9-max Seat #4 is the button
Seat 1: Harrylux ($14.35 in chips) 
Seat 2: Alameda22 ($26 in chips) 
Seat 4: mitemike609 ($15.75 in chips) 
Seat 5: ellenv83 ($5.95 in chips) 
Seat 6: vincentt85 ($33.85 in chips) 
Seat 7: jur7777 ($23.95 in chips) 
Seat 8: Kukoc69 ($29.20 in chips) 
Seat 9: Païtabière ($25.35 in chips) 
ellenv83: posts small blind $0.10
vincentt85: posts big blind $0.25
Xelat1k: sits out 
*** HOLE CARDS ***
Dealt to Alameda22 [Kc 9d]
jur7777: folds 
Kukoc69: folds 
Païtabière: folds 
Harrylux: folds 
Alameda22: folds 
mitemike609: raises $0.75 to $1
ellenv83: folds 
vincentt85: folds 
Uncalled bet ($0.75) returned to mitemike609
mitemike609 collected $0.60 from pot
mitemike609: doesn't show hand 
*** SUMMARY ***
Total pot $0.60 | Rake $0 
Seat 1: Harrylux folded before Flop (didn't bet)
Seat 2: Alameda22 folded before Flop (didn't bet)
Seat 4: mitemike609 (button) collected ($0.60)
Seat 5: ellenv83 (small blind) folded before Flop
Seat 6: vincentt85 (big blind) folded before Flop
Seat 7: jur7777 folded before Flop (didn't bet)
Seat 8: Kukoc69 folded before Flop (didn't bet)
Seat 9: Païtabière folded before Flop (didn't bet)



PokerStars Game #19922588694:  Hold'em No Limit ($0.10/$0.25) - 2008/08/26 - 19:02:24 (ET)
Table 'Klytia II' 9-max Seat #5 is the button
Seat 1: Harrylux ($14.35 in chips) 
Seat 2: Alameda22 ($26 in chips) 
Seat 4: mitemike609 ($16.10 in chips) 
Seat 5: ellenv83 ($5.85 in chips) 
Seat 6: vincentt85 ($33.60 in chips) 
Seat 7: jur7777 ($23.95 in chips) 
Seat 8: Kukoc69 ($29.20 in chips) 
Seat 9: Païtabière ($25.35 in chips) 
vincentt85: posts small blind $0.10
jur7777: posts big blind $0.25
Xelat1k: sits out 
*** HOLE CARDS ***
Dealt to Alameda22 [Js 4d]
Kukoc69: raises $0.75 to $1
Païtabière: folds 
Harrylux: calls $1
Alameda22: folds 
mitemike609: folds 
ellenv83: calls $1
vincentt85: folds 
jur7777: folds 
*** FLOP *** [7h 6d 7d]
Kukoc69: bets $2.75
Harrylux: folds 
ellenv83: folds 
Uncalled bet ($2.75) returned to Kukoc69
Kukoc69 collected $3.20 from pot
Kukoc69: doesn't show hand 
*** SUMMARY ***
Total pot $3.35 | Rake $0.15 
Board [7h 6d 7d]
Seat 1: Harrylux folded on the Flop
Seat 2: Alameda22 folded before Flop (didn't bet)
Seat 4: mitemike609 folded before Flop (didn't bet)
Seat 5: ellenv83 (button) folded on the Flop
Seat 6: vincentt85 (small blind) folded before Flop
Seat 7: jur7777 (big blind) folded before Flop
Seat 8: Kukoc69 collected ($3.20)
Seat 9: Païtabière folded before Flop (didn't bet)



PokerStars Game #19922619808:  Hold'em No Limit ($0.10/$0.25) - 2008/08/26 - 19:03:46 (ET)
Table 'Klytia II' 9-max Seat #6 is the button
Seat 1: Harrylux ($23.35 in chips) 
Seat 2: Alameda22 ($26 in chips) 
Seat 4: mitemike609 ($16.10 in chips) 
Seat 5: ellenv83 ($4.85 in chips) 
Seat 6: vincentt85 ($33.50 in chips) 
Seat 7: jur7777 ($23.70 in chips) 
Seat 8: Kukoc69 ($31.40 in chips) 
Seat 9: Païtabière ($25.35 in chips) 
jur7777: posts small blind $0.10
Kukoc69: posts big blind $0.25
Xelat1k: sits out 
*** HOLE CARDS ***
Dealt to Alameda22 [7c Ac]
Païtabière: folds 
Harrylux: folds 
Alameda22: folds 
mitemike609: folds 
ellenv83: folds 
vincentt85: raises $0.50 to $0.75
jur7777: calls $0.65
Kukoc69: folds 
*** FLOP *** [7d As Kc]
jur7777: checks 
vincentt85: bets $1.25
jur7777: folds 
Uncalled bet ($1.25) returned to vincentt85
vincentt85 collected $1.70 from pot
vincentt85: doesn't show hand 
*** SUMMARY ***
Total pot $1.75 | Rake $0.05 
Board [7d As Kc]
Seat 1: Harrylux folded before Flop (didn't bet)
Seat 2: Alameda22 folded before Flop (didn't bet)
Seat 4: mitemike609 folded before Flop (didn't bet)
Seat 5: ellenv83 folded before Flop (didn't bet)
Seat 6: vincentt85 (button) collected ($1.70)
Seat 7: jur7777 (small blind) folded on the Flop
Seat 8: Kukoc69 (big blind) folded before Flop
Seat 9: Païtabière folded before Flop (didn't bet)



PokerStars Game #19922642434:  Hold'em No Limit ($0.10/$0.25) - 2008/08/26 - 19:04:46 (ET)
Table 'Klytia II' 9-max Seat #7 is the button
Seat 1: Harrylux ($23.35 in chips) 
Seat 2: Alameda22 ($26 in chips) 
Seat 4: mitemike609 ($16.10 in chips) 
Seat 5: ellenv83 ($4.85 in chips) 
Seat 6: vincentt85 ($34.45 in chips) 
Seat 7: jur7777 ($22.95 in chips) 
Seat 8: Kukoc69 ($31.15 in chips) 
Seat 9: Païtabière ($25.35 in chips) 
Kukoc69: posts small blind $0.10
Païtabière: posts big blind $0.25
Xelat1k: sits out 
*** HOLE CARDS ***
Dealt to Alameda22 [9d 8d]
Harrylux: folds 
Alameda22: folds 
mitemike609: folds 
ellenv83: folds 
vincentt85: raises $0.50 to $0.75
jur7777: calls $0.75
Kukoc69: folds 
Païtabière: folds 
*** FLOP *** [Kd 8h 5d]
vincentt85: checks 
jur7777: checks 
*** TURN *** [Kd 8h 5d] [9s]
vincentt85: checks 
jur7777: bets $1
vincentt85: folds 
Uncalled bet ($1) returned to jur7777
jur7777 collected $1.80 from pot
jur7777: doesn't show hand 
*** SUMMARY ***
Total pot $1.85 | Rake $0.05 
Board [Kd 8h 5d 9s]
Seat 1: Harrylux folded before Flop (didn't bet)
Seat 2: Alameda22 folded before Flop (didn't bet)
Seat 4: mitemike609 folded before Flop (didn't bet)
Seat 5: ellenv83 folded before Flop (didn't bet)
Seat 6: vincentt85 folded on the Turn
Seat 7: jur7777 (button) collected ($1.80)
Seat 8: Kukoc69 (small blind) folded before Flop
Seat 9: Païtabière (big blind) folded before Flop



PokerStars Game #19922674329:  Hold'em No Limit ($0.10/$0.25) - 2008/08/26 - 19:06:11 (ET)
Table 'Klytia II' 9-max Seat #8 is the button
Seat 1: Harrylux ($23.35 in chips) 
Seat 2: Alameda22 ($26 in chips) 
Seat 4: mitemike609 ($16.10 in chips) 
Seat 5: ellenv83 ($4.85 in chips) 
Seat 6: vincentt85 ($33.70 in chips) 
Seat 7: jur7777 ($24 in chips) 
Seat 8: Kukoc69 ($31.05 in chips) 
Seat 9: Païtabière ($25.10 in chips) 
Païtabière: posts small blind $0.10
Harrylux: posts big blind $0.25
Xelat1k: sits out 
*** HOLE CARDS ***
Dealt to Alameda22 [6d Jh]
Alameda22: folds 
mitemike609: calls $0.25
ellenv83: folds 
vincentt85: calls $0.25
jur7777: folds 
Kukoc69: raises $1 to $1.25
Païtabière: folds 
Harrylux: folds 
mitemike609: calls $1
vincentt85: folds 
*** FLOP *** [Ah Td Qc]
mitemike609: bets $1
Kukoc69: raises $1.25 to $2.25
mitemike609: calls $1.25
*** TURN *** [Ah Td Qc] [2h]
mitemike609: bets $2.25
Kukoc69: raises $4.75 to $7
mitemike609: calls $4.75
*** RIVER *** [Ah Td Qc 2h] [Ks]
mitemike609: bets $5.60 and is all-in
Kukoc69: calls $5.60
*** SHOW DOWN ***
mitemike609: shows [Qh Kc] (two pair, Kings and Queens)
Kukoc69: shows [Tc Ts] (three of a kind, Tens)
Kukoc69 collected $31.25 from pot
*** SUMMARY ***
Total pot $32.80 | Rake $1.55 
Board [Ah Td Qc 2h Ks]
Seat 1: Harrylux (big blind) folded before Flop
Seat 2: Alameda22 folded before Flop (didn't bet)
Seat 4: mitemike609 showed [Qh Kc] and lost with two pair, Kings and Queens
Seat 5: ellenv83 folded before Flop (didn't bet)
Seat 6: vincentt85 folded before Flop
Seat 7: jur7777 folded before Flop (didn't bet)
Seat 8: Kukoc69 (button) showed [Tc Ts] and won ($31.25) with three of a kind, Tens
Seat 9: Païtabière (small blind) folded before Flop



PokerStars Game #19922714348:  Hold'em No Limit ($0.10/$0.25) - 2008/08/26 - 19:07:56 (ET)
Table 'Klytia II' 9-max Seat #9 is the button
Seat 1: Harrylux ($23.10 in chips) 
Seat 2: Alameda22 ($26 in chips) 
Seat 5: ellenv83 ($4.85 in chips) 
Seat 6: vincentt85 ($33.45 in chips) 
Seat 7: jur7777 ($24 in chips) 
Seat 8: Kukoc69 ($46.20 in chips) 
Seat 9: Païtabière ($25 in chips) 
Harrylux: posts small blind $0.10
Alameda22: posts big blind $0.25
Xelat1k: sits out 
*** HOLE CARDS ***
Dealt to Alameda22 [Td Ks]
mitemike609 leaves the table
ellenv83: calls $0.25
vincentt85: folds 
jur7777: calls $0.25
Kukoc69: folds 
Païtabière: folds 
Harrylux: calls $0.15
Alameda22: checks 
*** FLOP *** [7s 5d 8d]
Harrylux: checks 
Alameda22: checks 
ellenv83: bets $0.50
jur7777: folds 
Harrylux: calls $0.50
Alameda22: folds 
*** TURN *** [7s 5d 8d] [3d]
DragonGeorge joins the table at seat #4 
Harrylux: checks 
ellenv83: bets $0.75
Harrylux: raises $0.75 to $1.50
ellenv83: raises $2.60 to $4.10 and is all-in
Harrylux: folds 
Uncalled bet ($2.60) returned to ellenv83
ellenv83 collected $4.80 from pot
ellenv83: shows [9c 5c] (a pair of Fives)
*** SUMMARY ***
Total pot $5 | Rake $0.20 
Board [7s 5d 8d 3d]
Seat 1: Harrylux (small blind) folded on the Turn
Seat 2: Alameda22 (big blind) folded on the Flop
Seat 5: ellenv83 collected ($4.80)
Seat 6: vincentt85 folded before Flop (didn't bet)
Seat 7: jur7777 folded on the Flop
Seat 8: Kukoc69 folded before Flop (didn't bet)
Seat 9: Païtabière (button) folded before Flop (didn't bet)



PokerStars Game #19922753055:  Hold'em No Limit ($0.10/$0.25) - 2008/08/26 - 19:09:39 (ET)
Table 'Klytia II' 9-max Seat #1 is the button
Seat 1: Harrylux ($20.85 in chips) 
Seat 2: Alameda22 ($25.75 in chips) 
Seat 3: Xelat1k ($10 in chips) 
Seat 5: ellenv83 ($7.40 in chips) 
Seat 6: vincentt85 ($33.45 in chips) 
Seat 7: jur7777 ($23.75 in chips) 
Seat 8: Kukoc69 ($46.20 in chips) 
Seat 9: Païtabière ($25 in chips) 
Alameda22: posts small blind $0.10
Xelat1k: posts big blind $0.25
DragonGeorge: sits out 
*** HOLE CARDS ***
Dealt to Alameda22 [8s 4d]
ellenv83: calls $0.25
vincentt85: folds 
jur7777: folds 
Kukoc69: raises $0.75 to $1
Païtabière: folds 
Harrylux: folds 
Alameda22: folds 
Xelat1k: folds 
ellenv83: calls $0.75
*** FLOP *** [3c Qs 9c]
ellenv83: checks 
Kukoc69: bets $1.50
ellenv83: raises $4.90 to $6.40 and is all-in
Kukoc69: folds 
Uncalled bet ($4.90) returned to ellenv83
ellenv83 collected $5.10 from pot
ellenv83: doesn't show hand 
*** SUMMARY ***
Total pot $5.35 | Rake $0.25 
Board [3c Qs 9c]
Seat 1: Harrylux (button) folded before Flop (didn't bet)
Seat 2: Alameda22 (small blind) folded before Flop
Seat 3: Xelat1k (big blind) folded before Flop
Seat 5: ellenv83 collected ($5.10)
Seat 6: vincentt85 folded before Flop (didn't bet)
Seat 7: jur7777 folded before Flop (didn't bet)
Seat 8: Kukoc69 folded on the Flop
Seat 9: Païtabière folded before Flop (didn't bet)



PokerStars Game #19922784679:  Hold'em No Limit ($0.10/$0.25) - 2008/08/26 - 19:11:02 (ET)
Table 'Klytia II' 9-max Seat #2 is the button
Seat 1: Harrylux ($20.85 in chips) 
Seat 2: Alameda22 ($25.65 in chips) 
Seat 3: Xelat1k ($9.75 in chips) 
Seat 4: DragonGeorge ($25 in chips) 
Seat 5: ellenv83 ($10 in chips) 
Seat 6: vincentt85 ($33.45 in chips) 
Seat 7: jur7777 ($23.75 in chips) 
Seat 8: Kukoc69 ($43.70 in chips) 
Seat 9: Païtabière ($25 in chips) 
Xelat1k: posts small blind $0.10
DragonGeorge: posts big blind $0.25
*** HOLE CARDS ***
Dealt to Alameda22 [Ac 9h]
ellenv83: calls $0.25
vincentt85: folds 
jur7777: folds 
Kukoc69: folds 
Païtabière: folds 
Harrylux: folds 
Alameda22: folds 
Xelat1k: folds 
DragonGeorge: checks 
*** FLOP *** [9d 7d Jh]
DragonGeorge: checks 
ellenv83: checks 
*** TURN *** [9d 7d Jh] [Jd]
DragonGeorge: checks 
ellenv83: bets $0.25
DragonGeorge: folds 
Uncalled bet ($0.25) returned to ellenv83
ellenv83 collected $0.60 from pot
ellenv83: doesn't show hand 
*** SUMMARY ***
Total pot $0.60 | Rake $0 
Board [9d 7d Jh Jd]
Seat 1: Harrylux folded before Flop (didn't bet)
Seat 2: Alameda22 (button) folded before Flop (didn't bet)
Seat 3: Xelat1k (small blind) folded before Flop
Seat 4: DragonGeorge (big blind) folded on the Turn
Seat 5: ellenv83 collected ($0.60)
Seat 6: vincentt85 folded before Flop (didn't bet)
Seat 7: jur7777 folded before Flop (didn't bet)
Seat 8: Kukoc69 folded before Flop (didn't bet)
Seat 9: Païtabière folded before Flop (didn't bet)



PokerStars Game #19922812180:  Hold'em No Limit ($0.10/$0.25) - 2008/08/26 - 19:12:15 (ET)
Table 'Klytia II' 9-max Seat #3 is the button
Seat 1: Harrylux ($20.85 in chips) 
Seat 2: Alameda22 ($25.65 in chips) 
Seat 3: Xelat1k ($9.65 in chips) 
Seat 4: DragonGeorge ($24.75 in chips) 
Seat 5: ellenv83 ($10.35 in chips) 
Seat 6: vincentt85 ($33.45 in chips) 
Seat 7: jur7777 ($23.75 in chips) 
Seat 8: Kukoc69 ($43.70 in chips) 
Seat 9: Païtabière ($25 in chips) 
DragonGeorge: posts small blind $0.10
ellenv83: posts big blind $0.25
*** HOLE CARDS ***
Dealt to Alameda22 [8h Qd]
vincentt85: folds 
jur7777: folds 
Kukoc69: folds 
Païtabière: raises $0.75 to $1
Harrylux: folds 
Alameda22: folds 
Xelat1k: folds 
DragonGeorge: folds 
ellenv83: calls $0.75
*** FLOP *** [4d 6d Ad]
ellenv83: checks 
Païtabière: bets $2.25
ellenv83: folds 
Uncalled bet ($2.25) returned to Païtabière
Païtabière collected $2 from pot
Païtabière: doesn't show hand 
*** SUMMARY ***
Total pot $2.10 | Rake $0.10 
Board [4d 6d Ad]
Seat 1: Harrylux folded before Flop (didn't bet)
Seat 2: Alameda22 folded before Flop (didn't bet)
Seat 3: Xelat1k (button) folded before Flop (didn't bet)
Seat 4: DragonGeorge (small blind) folded before Flop
Seat 5: ellenv83 (big blind) folded on the Flop
Seat 6: vincentt85 folded before Flop (didn't bet)
Seat 7: jur7777 folded before Flop (didn't bet)
Seat 8: Kukoc69 folded before Flop (didn't bet)
Seat 9: Païtabière collected ($2)



PokerStars Game #19922834791:  Hold'em No Limit ($0.10/$0.25) - 2008/08/26 - 19:13:16 (ET)
Table 'Klytia II' 9-max Seat #4 is the button
Seat 1: Harrylux ($20.85 in chips) 
Seat 2: Alameda22 ($25.65 in chips) 
Seat 3: Xelat1k ($9.65 in chips) 
Seat 4: DragonGeorge ($24.65 in chips) 
Seat 5: ellenv83 ($9.35 in chips) 
Seat 6: vincentt85 ($33.45 in chips) 
Seat 7: jur7777 ($23.75 in chips) 
Seat 8: Kukoc69 ($43.70 in chips) 
Seat 9: Païtabière ($26 in chips) 
ellenv83: posts small blind $0.10
vincentt85: posts big blind $0.25
*** HOLE CARDS ***
Dealt to Alameda22 [Qd Ks]
jur7777: folds 
Kukoc69: folds 
Païtabière: folds 
Harrylux: folds 
Alameda22: raises $0.50 to $0.75
Xelat1k: calls $0.75
DragonGeorge: folds 
ellenv83: calls $0.65
vincentt85: folds 
*** FLOP *** [9d 7c 4h]
ellenv83: checks 
Alameda22: checks 
Xelat1k: bets $1
ellenv83: calls $1
Alameda22: folds 
*** TURN *** [9d 7c 4h] [3h]
ellenv83: checks 
Xelat1k: checks 
*** RIVER *** [9d 7c 4h 3h] [9s]
ellenv83: checks 
Xelat1k: bets $2
ellenv83: folds 
Uncalled bet ($2) returned to Xelat1k
Xelat1k collected $4.30 from pot
Xelat1k: doesn't show hand 
*** SUMMARY ***
Total pot $4.50 | Rake $0.20 
Board [9d 7c 4h 3h 9s]
Seat 1: Harrylux folded before Flop (didn't bet)
Seat 2: Alameda22 folded on the Flop
Seat 3: Xelat1k collected ($4.30)
Seat 4: DragonGeorge (button) folded before Flop (didn't bet)
Seat 5: ellenv83 (small blind) folded on the River
Seat 6: vincentt85 (big blind) folded before Flop
Seat 7: jur7777 folded before Flop (didn't bet)
Seat 8: Kukoc69 folded before Flop (didn't bet)
Seat 9: Païtabière folded before Flop (didn't bet)



PokerStars Game #19922878522:  Hold'em No Limit ($0.10/$0.25) - 2008/08/26 - 19:15:13 (ET)
Table 'Klytia II' 9-max Seat #5 is the button
Seat 1: Harrylux ($20.85 in chips) 
Seat 2: Alameda22 ($24.90 in chips) 
Seat 3: Xelat1k ($12.20 in chips) 
Seat 4: DragonGeorge ($24.65 in chips) 
Seat 5: ellenv83 ($7.60 in chips) 
Seat 6: vincentt85 ($33.20 in chips) 
Seat 7: jur7777 ($23.75 in chips) 
Seat 8: Kukoc69 ($43.70 in chips) 
Seat 9: Païtabière ($26 in chips) 
vincentt85: posts small blind $0.10
jur7777: posts big blind $0.25
*** HOLE CARDS ***
Dealt to Alameda22 [6d 9h]
Kukoc69: folds 
Païtabière: folds 
Harrylux: folds 
Alameda22: folds 
Xelat1k: folds 
DragonGeorge: raises $0.25 to $0.50
ellenv83: raises $0.50 to $1
vincentt85: folds 
jur7777: folds 
DragonGeorge: calls $0.50
*** FLOP *** [5d Js 5s]
DragonGeorge: checks 
ellenv83: bets $2
DragonGeorge: raises $2 to $4
ellenv83: raises $2.60 to $6.60 and is all-in
DragonGeorge: calls $2.60
*** TURN *** [5d Js 5s] [Kc]
*** RIVER *** [5d Js 5s Kc] [6h]
*** SHOW DOWN ***
DragonGeorge: shows [Kh Jd] (two pair, Kings and Jacks)
ellenv83: mucks hand 
DragonGeorge collected $14.80 from pot
*** SUMMARY ***
Total pot $15.55 | Rake $0.75 
Board [5d Js 5s Kc 6h]
Seat 1: Harrylux folded before Flop (didn't bet)
Seat 2: Alameda22 folded before Flop (didn't bet)
Seat 3: Xelat1k folded before Flop (didn't bet)
Seat 4: DragonGeorge showed [Kh Jd] and won ($14.80) with two pair, Kings and Jacks
Seat 5: ellenv83 (button) mucked [Ac 9d]
Seat 6: vincentt85 (small blind) folded before Flop
Seat 7: jur7777 (big blind) folded before Flop
Seat 8: Kukoc69 folded before Flop (didn't bet)
Seat 9: Païtabière folded before Flop (didn't bet)



PokerStars Game #19922918278:  Hold'em No Limit ($0.10/$0.25) - 2008/08/26 - 19:17:01 (ET)
Table 'Klytia II' 9-max Seat #6 is the button
Seat 1: Harrylux ($20.85 in chips) 
Seat 2: Alameda22 ($24.90 in chips) 
Seat 3: Xelat1k ($12.20 in chips) 
Seat 4: DragonGeorge ($31.85 in chips) 
Seat 6: vincentt85 ($33.10 in chips) 
Seat 7: jur7777 ($23.50 in chips) 
Seat 8: Kukoc69 ($43.70 in chips) 
Seat 9: Païtabière ($26 in chips) 
jur7777: posts small blind $0.10
Kukoc69: posts big blind $0.25
*** HOLE CARDS ***
Dealt to Alameda22 [5h Qh]
Païtabière: folds 
ellenv83 said, "QQ"
Harrylux: calls $0.25
Alameda22: folds 
Xelat1k: folds 
DragonGeorge: folds 
vincentt85: folds 
ellenv83 leaves the table
jur7777: raises $0.75 to $1
Kukoc69: folds 
Harrylux: calls $0.75
*** FLOP *** [9s 2h Jc]
JE Electric joins the table at seat #5 
jur7777: bets $1.65
Harrylux: raises $1.85 to $3.50
jur7777: calls $1.85
*** TURN *** [9s 2h Jc] [5d]
jur7777: bets $2
Harrylux: calls $2
*** RIVER *** [9s 2h Jc 5d] [Qs]
jur7777: bets $3
Harrylux: calls $3
*** SHOW DOWN ***
jur7777: shows [Kh Ks] (a pair of Kings)
Harrylux: mucks hand 
jur7777 collected $18.35 from pot
*** SUMMARY ***
Total pot $19.25 | Rake $0.90 
Board [9s 2h Jc 5d Qs]
Seat 1: Harrylux mucked [Js Ts]
Seat 2: Alameda22 folded before Flop (didn't bet)
Seat 3: Xelat1k folded before Flop (didn't bet)
Seat 4: DragonGeorge folded before Flop (didn't bet)
Seat 6: vincentt85 (button) folded before Flop (didn't bet)
Seat 7: jur7777 (small blind) showed [Kh Ks] and won ($18.35) with a pair of Kings
Seat 8: Kukoc69 (big blind) folded before Flop
Seat 9: Païtabière folded before Flop (didn't bet)



PokerStars Game #19922943370:  Hold'em No Limit ($0.10/$0.25) - 2008/08/26 - 19:18:09 (ET)
Table 'Klytia II' 9-max Seat #7 is the button
Seat 1: Harrylux ($21.35 in chips) 
Seat 2: Alameda22 ($24.90 in chips) 
Seat 3: Xelat1k ($12.20 in chips) 
Seat 4: DragonGeorge ($31.85 in chips) 
Seat 6: vincentt85 ($33.10 in chips) 
Seat 7: jur7777 ($32.35 in chips) 
Seat 8: Kukoc69 ($43.45 in chips) 
Kukoc69: posts small blind $0.10
Païtabière: is sitting out 
Harrylux: posts big blind $0.25
Païtabière leaves the table
JE Electric: sits out 
*** HOLE CARDS ***
Dealt to Alameda22 [6c 7d]
Alameda22: folds 
Xelat1k: folds 
DragonGeorge: raises $0.25 to $0.50
b jordan515 joins the table at seat #9 
vincentt85: folds 
jur7777: folds 
Kukoc69: folds 
Harrylux: folds 
Uncalled bet ($0.25) returned to DragonGeorge
DragonGeorge collected $0.60 from pot
DragonGeorge: doesn't show hand 
*** SUMMARY ***
Total pot $0.60 | Rake $0 
Seat 1: Harrylux (big blind) folded before Flop
Seat 2: Alameda22 folded before Flop (didn't bet)
Seat 3: Xelat1k folded before Flop (didn't bet)
Seat 4: DragonGeorge collected ($0.60)
Seat 6: vincentt85 folded before Flop (didn't bet)
Seat 7: jur7777 (button) folded before Flop (didn't bet)
Seat 8: Kukoc69 (small blind) folded before Flop



PokerStars Game #19922970333:  Hold'em No Limit ($0.10/$0.25) - 2008/08/26 - 19:19:23 (ET)
Table 'Klytia II' 9-max Seat #8 is the button
Seat 1: Harrylux ($21.10 in chips) 
Seat 2: Alameda22 ($24.90 in chips) 
Seat 3: Xelat1k ($12.20 in chips) 
Seat 4: DragonGeorge ($32.20 in chips) 
Seat 6: vincentt85 ($33.10 in chips) 
Seat 7: jur7777 ($32.35 in chips) 
Seat 8: Kukoc69 ($43.35 in chips) 
b jordan515 will be allowed to play after the button
Harrylux: posts small blind $0.10
Alameda22: posts big blind $0.25
JE Electric: sits out 
*** HOLE CARDS ***
Dealt to Alameda22 [Qc 9h]
Xelat1k: folds 
DragonGeorge: folds 
vincentt85: raises $0.50 to $0.75
jur7777: folds 
Kukoc69: folds 
Harrylux: folds 
Alameda22: folds 
Uncalled bet ($0.50) returned to vincentt85
vincentt85 collected $0.60 from pot
vincentt85: doesn't show hand 
*** SUMMARY ***
Total pot $0.60 | Rake $0 
Seat 1: Harrylux (small blind) folded before Flop
Seat 2: Alameda22 (big blind) folded before Flop
Seat 3: Xelat1k folded before Flop (didn't bet)
Seat 4: DragonGeorge folded before Flop (didn't bet)
Seat 6: vincentt85 collected ($0.60)
Seat 7: jur7777 folded before Flop (didn't bet)
Seat 8: Kukoc69 (button) folded before Flop (didn't bet)



PokerStars Game #19922978793:  Hold'em No Limit ($0.10/$0.25) - 2008/08/26 - 19:19:46 (ET)
Table 'Klytia II' 9-max Seat #1 is the button
Seat 1: Harrylux ($21 in chips) 
Seat 2: Alameda22 ($24.65 in chips) 
Seat 3: Xelat1k ($12.20 in chips) 
Seat 4: DragonGeorge ($32.20 in chips) 
Seat 6: vincentt85 ($33.45 in chips) 
Seat 7: jur7777 ($32.35 in chips) 
Seat 8: Kukoc69 ($43.35 in chips) 
Seat 9: b jordan515 ($25 in chips) 
Alameda22: posts small blind $0.10
Xelat1k: posts big blind $0.25
JE Electric: sits out 
b jordan515: posts big blind $0.25
*** HOLE CARDS ***
Dealt to Alameda22 [8c 8d]
DragonGeorge: calls $0.25
vincentt85: folds 
jur7777: folds 
Kukoc69: folds 
b jordan515: checks 
Harrylux: folds 
Alameda22: calls $0.15
Xelat1k: checks 
*** FLOP *** [7s Ts Kh]
Alameda22: checks 
Xelat1k: checks 
DragonGeorge: checks 
b jordan515: checks 
*** TURN *** [7s Ts Kh] [Tc]
Alameda22: checks 
Xelat1k: checks 
DragonGeorge: checks 
b jordan515: checks 
*** RIVER *** [7s Ts Kh Tc] [Jh]
Alameda22: checks 
Xelat1k: checks 
DragonGeorge: bets $0.50
b jordan515: folds 
Alameda22: folds 
Xelat1k: calls $0.50
*** SHOW DOWN ***
DragonGeorge: shows [Jd 2d] (two pair, Jacks and Tens)
Xelat1k: shows [Js 8h] (two pair, Jacks and Tens)
Xelat1k collected $1 from pot
DragonGeorge collected $0.95 from pot
*** SUMMARY ***
Total pot $2 | Rake $0.05 
Board [7s Ts Kh Tc Jh]
Seat 1: Harrylux (button) folded before Flop (didn't bet)
Seat 2: Alameda22 (small blind) folded on the River
Seat 3: Xelat1k (big blind) showed [Js 8h] and won ($1) with two pair, Jacks and Tens
Seat 4: DragonGeorge showed [Jd 2d] and won ($0.95) with two pair, Jacks and Tens
Seat 6: vincentt85 folded before Flop (didn't bet)
Seat 7: jur7777 folded before Flop (didn't bet)
Seat 8: Kukoc69 folded before Flop (didn't bet)
Seat 9: b jordan515 folded on the River



PokerStars Game #19923030462:  Hold'em No Limit ($0.10/$0.25) - 2008/08/26 - 19:22:08 (ET)
Table 'Klytia II' 9-max Seat #2 is the button
Seat 1: Harrylux ($21 in chips) 
Seat 2: Alameda22 ($24.40 in chips) 
Seat 3: Xelat1k ($12.45 in chips) 
Seat 4: DragonGeorge ($32.40 in chips) 
Seat 6: vincentt85 ($33.45 in chips) 
Seat 7: jur7777 ($32.35 in chips) 
Seat 8: Kukoc69 ($43.35 in chips) 
Seat 9: b jordan515 ($24.75 in chips) 
Xelat1k: posts small blind $0.10
DragonGeorge: posts big blind $0.25
JE Electric: sits out 
*** HOLE CARDS ***
Dealt to Alameda22 [Ad 5s]
vincentt85: folds 
jur7777: folds 
Kukoc69: folds 
b jordan515: calls $0.25
Harrylux: folds 
Alameda22: folds 
Xelat1k: calls $0.15
DragonGeorge: checks 
*** FLOP *** [Js 4h As]
Xelat1k: checks 
DragonGeorge: bets $0.75
b jordan515: folds 
Xelat1k: folds 
Uncalled bet ($0.75) returned to DragonGeorge
DragonGeorge collected $0.75 from pot
DragonGeorge: doesn't show hand 
*** SUMMARY ***
Total pot $0.75 | Rake $0 
Board [Js 4h As]
Seat 1: Harrylux folded before Flop (didn't bet)
Seat 2: Alameda22 (button) folded before Flop (didn't bet)
Seat 3: Xelat1k (small blind) folded on the Flop
Seat 4: DragonGeorge (big blind) collected ($0.75)
Seat 6: vincentt85 folded before Flop (didn't bet)
Seat 7: jur7777 folded before Flop (didn't bet)
Seat 8: Kukoc69 folded before Flop (didn't bet)
Seat 9: b jordan515 folded on the Flop



PokerStars Game #19923061066:  Hold'em No Limit ($0.10/$0.25) - 2008/08/26 - 19:23:31 (ET)
Table 'Klytia II' 9-max Seat #3 is the button
Seat 1: Harrylux ($21 in chips) 
Seat 2: Alameda22 ($24.40 in chips) 
Seat 3: Xelat1k ($12.20 in chips) 
Seat 4: DragonGeorge ($32.90 in chips) 
Seat 5: JE Electric ($25 in chips) 
Seat 6: vincentt85 ($33.45 in chips) 
Seat 7: jur7777 ($32.35 in chips) 
Seat 8: Kukoc69 ($43.35 in chips) 
Seat 9: b jordan515 ($24.50 in chips) 
DragonGeorge: posts small blind $0.10
JE Electric: posts big blind $0.25
*** HOLE CARDS ***
Dealt to Alameda22 [6d Qs]
vincentt85: folds 
jur7777: folds 
Kukoc69: folds 
b jordan515: calls $0.25
Harrylux: calls $0.25
Alameda22: folds 
Xelat1k: folds 
DragonGeorge: calls $0.15
JE Electric: checks 
*** FLOP *** [6c 5s Ac]
DragonGeorge: checks 
JE Electric: checks 
b jordan515: bets $0.25
Harrylux: folds 
DragonGeorge: calls $0.25
JE Electric: folds 
*** TURN *** [6c 5s Ac] [Ks]
DragonGeorge: checks 
b jordan515: bets $0.25
DragonGeorge: calls $0.25
*** RIVER *** [6c 5s Ac Ks] [Jh]
DragonGeorge: checks 
b jordan515: bets $0.75
DragonGeorge: folds 
Uncalled bet ($0.75) returned to b jordan515
b jordan515 collected $1.95 from pot
b jordan515: doesn't show hand 
*** SUMMARY ***
Total pot $2 | Rake $0.05 
Board [6c 5s Ac Ks Jh]
Seat 1: Harrylux folded on the Flop
Seat 2: Alameda22 folded before Flop (didn't bet)
Seat 3: Xelat1k (button) folded before Flop (didn't bet)
Seat 4: DragonGeorge (small blind) folded on the River
Seat 5: JE Electric (big blind) folded on the Flop
Seat 6: vincentt85 folded before Flop (didn't bet)
Seat 7: jur7777 folded before Flop (didn't bet)
Seat 8: Kukoc69 folded before Flop (didn't bet)
Seat 9: b jordan515 collected ($1.95)



PokerStars Game #19923104997:  Hold'em No Limit ($0.10/$0.25) - 2008/08/26 - 19:25:31 (ET)
Table 'Klytia II' 9-max Seat #4 is the button
Seat 1: Harrylux ($20.75 in chips) 
Seat 2: Alameda22 ($24.40 in chips) 
Seat 3: Xelat1k ($12.20 in chips) 
Seat 4: DragonGeorge ($32.15 in chips) 
Seat 5: JE Electric ($24.75 in chips) 
Seat 6: vincentt85 ($33.45 in chips) 
Seat 7: jur7777 ($32.35 in chips) 
Seat 8: Kukoc69 ($43.35 in chips) 
Seat 9: b jordan515 ($25.70 in chips) 
JE Electric: posts small blind $0.10
vincentt85: posts big blind $0.25
*** HOLE CARDS ***
Dealt to Alameda22 [4h Kc]
jur7777: folds 
Kukoc69: folds 
b jordan515: folds 
Harrylux: folds 
Alameda22: folds 
Xelat1k: folds 
DragonGeorge: calls $0.25
JE Electric: calls $0.15
vincentt85: checks 
*** FLOP *** [2h 9h Ah]
JE Electric: checks 
vincentt85: checks 
DragonGeorge: bets $0.50
JE Electric: calls $0.50
vincentt85: folds 
*** TURN *** [2h 9h Ah] [Qc]
JE Electric: checks 
DragonGeorge: checks 
*** RIVER *** [2h 9h Ah Qc] [8h]
JE Electric: checks 
DragonGeorge: bets $1
JE Electric: calls $1
*** SHOW DOWN ***
DragonGeorge: shows [8d 2d] (two pair, Eights and Deuces)
JE Electric: shows [3h 9d] (a flush, Ace high)
JE Electric collected $3.60 from pot
*** SUMMARY ***
Total pot $3.75 | Rake $0.15 
Board [2h 9h Ah Qc 8h]
Seat 1: Harrylux folded before Flop (didn't bet)
Seat 2: Alameda22 folded before Flop (didn't bet)
Seat 3: Xelat1k folded before Flop (didn't bet)
Seat 4: DragonGeorge (button) showed [8d 2d] and lost with two pair, Eights and Deuces
Seat 5: JE Electric (small blind) showed [3h 9d] and won ($3.60) with a flush, Ace high
Seat 6: vincentt85 (big blind) folded on the Flop
Seat 7: jur7777 folded before Flop (didn't bet)
Seat 8: Kukoc69 folded before Flop (didn't bet)
Seat 9: b jordan515 folded before Flop (didn't bet)



PokerStars Game #19923139162:  Hold'em No Limit ($0.10/$0.25) - 2008/08/26 - 19:27:05 (ET)
Table 'Klytia II' 9-max Seat #5 is the button
Seat 1: Harrylux ($20.75 in chips) 
Seat 2: Alameda22 ($24.40 in chips) 
Seat 3: Xelat1k ($12.20 in chips) 
Seat 4: DragonGeorge ($30.40 in chips) 
Seat 5: JE Electric ($26.60 in chips) 
Seat 6: vincentt85 ($33.20 in chips) 
Seat 7: jur7777 ($32.35 in chips) 
Seat 8: Kukoc69 ($43.35 in chips) 
Seat 9: b jordan515 ($25.70 in chips) 
vincentt85: posts small blind $0.10
jur7777: posts big blind $0.25
*** HOLE CARDS ***
Dealt to Alameda22 [Qh 5s]
Kukoc69: folds 
b jordan515: folds 
Harrylux: calls $0.25
Alameda22: folds 
Xelat1k: folds 
DragonGeorge: raises $0.25 to $0.50
JE Electric: folds 
vincentt85: folds 
jur7777: folds 
Harrylux: calls $0.25
*** FLOP *** [6c Kc Jd]
Harrylux: checks 
DragonGeorge: bets $0.50
Harrylux: folds 
Uncalled bet ($0.50) returned to DragonGeorge
DragonGeorge collected $1.30 from pot
DragonGeorge: doesn't show hand 
*** SUMMARY ***
Total pot $1.35 | Rake $0.05 
Board [6c Kc Jd]
Seat 1: Harrylux folded on the Flop
Seat 2: Alameda22 folded before Flop (didn't bet)
Seat 3: Xelat1k folded before Flop (didn't bet)
Seat 4: DragonGeorge collected ($1.30)
Seat 5: JE Electric (button) folded before Flop (didn't bet)
Seat 6: vincentt85 (small blind) folded before Flop
Seat 7: jur7777 (big blind) folded before Flop
Seat 8: Kukoc69 folded before Flop (didn't bet)
Seat 9: b jordan515 folded before Flop (didn't bet)



PokerStars Game #19923162207:  Hold'em No Limit ($0.10/$0.25) - 2008/08/26 - 19:28:09 (ET)
Table 'Klytia II' 9-max Seat #6 is the button
Seat 1: Harrylux ($20.25 in chips) 
Seat 2: Alameda22 ($24.40 in chips) 
Seat 3: Xelat1k ($12.20 in chips) 
Seat 4: DragonGeorge ($31.20 in chips) 
Seat 5: JE Electric ($26.60 in chips) 
Seat 6: vincentt85 ($33.10 in chips) 
Seat 7: jur7777 ($32.10 in chips) 
Seat 8: Kukoc69 ($43.35 in chips) 
Seat 9: b jordan515 ($25.70 in chips) 
jur7777: posts small blind $0.10
Kukoc69: posts big blind $0.25
*** HOLE CARDS ***
Dealt to Alameda22 [6c 2h]
b jordan515: folds 
Harrylux: folds 
Alameda22: folds 
Xelat1k: folds 
DragonGeorge: calls $0.25
JE Electric: folds 
vincentt85: folds 
jur7777: folds 
Kukoc69: folds 
Kukoc69 leaves the table
DragonGeorge collected $0.60 from pot
DragonGeorge: doesn't show hand 
*** SUMMARY ***
Total pot $0.60 | Rake $0 
Seat 1: Harrylux folded before Flop (didn't bet)
Seat 2: Alameda22 folded before Flop (didn't bet)
Seat 3: Xelat1k folded before Flop (didn't bet)
Seat 4: DragonGeorge collected ($0.60)
Seat 5: JE Electric folded before Flop (didn't bet)
Seat 6: vincentt85 (button) folded before Flop (didn't bet)
Seat 7: jur7777 (small blind) folded before Flop
Seat 8: Kukoc69 (big blind) folded before Flop
Seat 9: b jordan515 folded before Flop (didn't bet)



PokerStars Game #19923176885:  Hold'em No Limit ($0.10/$0.25) - 2008/08/26 - 19:28:49 (ET)
Table 'Klytia II' 9-max Seat #7 is the button
Seat 1: Harrylux ($20.25 in chips) 
Seat 2: Alameda22 ($24.40 in chips) 
Seat 3: Xelat1k ($12.20 in chips) 
Seat 4: DragonGeorge ($31.55 in chips) 
Seat 5: JE Electric ($26.60 in chips) 
Seat 6: vincentt85 ($33.10 in chips) 
Seat 7: jur7777 ($32 in chips) 
Seat 9: b jordan515 ($25.70 in chips) 
b jordan515: posts small blind $0.10
Harrylux: posts big blind $0.25
*** HOLE CARDS ***
Dealt to Alameda22 [Js 8c]
Alameda22: folds 
Xelat1k: folds 
KingGraf90 joins the table at seat #8 
DragonGeorge: calls $0.25
JE Electric: folds 
vincentt85: folds 
jur7777: calls $0.25
b jordan515: raises $0.25 to $0.50
Harrylux: folds 
DragonGeorge: calls $0.25
jur7777: calls $0.25
*** FLOP *** [Ts 7d Jh]
b jordan515: bets $0.25
DragonGeorge: raises $0.75 to $1
jur7777: folds 
b jordan515: calls $0.75
*** TURN *** [Ts 7d Jh] [8h]
b jordan515: checks 
DragonGeorge: bets $2
b jordan515: folds 
Uncalled bet ($2) returned to DragonGeorge
DragonGeorge collected $3.60 from pot
DragonGeorge: doesn't show hand 
*** SUMMARY ***
Total pot $3.75 | Rake $0.15 
Board [Ts 7d Jh 8h]
Seat 1: Harrylux (big blind) folded before Flop
Seat 2: Alameda22 folded before Flop (didn't bet)
Seat 3: Xelat1k folded before Flop (didn't bet)
Seat 4: DragonGeorge collected ($3.60)
Seat 5: JE Electric folded before Flop (didn't bet)
Seat 6: vincentt85 folded before Flop (didn't bet)
Seat 7: jur7777 (button) folded on the Flop
Seat 9: b jordan515 (small blind) folded on the Turn



PokerStars Game #19923209164:  Hold'em No Limit ($0.10/$0.25) - 2008/08/26 - 19:30:17 (ET)
Table 'Klytia II' 9-max Seat #9 is the button
Seat 1: Harrylux ($20 in chips) 
Seat 2: Alameda22 ($24.40 in chips) 
Seat 3: Xelat1k ($12.20 in chips) 
Seat 4: DragonGeorge ($33.65 in chips) 
Seat 5: JE Electric ($26.60 in chips) 
Seat 6: vincentt85 ($33.10 in chips) 
Seat 7: jur7777 ($31.50 in chips) 
Seat 9: b jordan515 ($24.20 in chips) 
Harrylux: posts small blind $0.10
Alameda22: posts big blind $0.25
KingGraf90: sits out 
*** HOLE CARDS ***
Dealt to Alameda22 [8s Qs]
Xelat1k: folds 
DragonGeorge: calls $0.25
JE Electric: folds 
vincentt85: folds 
jur7777: folds 
b jordan515: folds 
Harrylux: calls $0.15
Alameda22: checks 
*** FLOP *** [4c 7s Kh]
Harrylux: checks 
Alameda22: checks 
DragonGeorge: checks 
*** TURN *** [4c 7s Kh] [Td]
Harrylux: bets $1
Alameda22: folds 
DragonGeorge: folds 
Uncalled bet ($1) returned to Harrylux
Harrylux collected $0.75 from pot
Harrylux: doesn't show hand 
*** SUMMARY ***
Total pot $0.75 | Rake $0 
Board [4c 7s Kh Td]
Seat 1: Harrylux (small blind) collected ($0.75)
Seat 2: Alameda22 (big blind) folded on the Turn
Seat 3: Xelat1k folded before Flop (didn't bet)
Seat 4: DragonGeorge folded on the Turn
Seat 5: JE Electric folded before Flop (didn't bet)
Seat 6: vincentt85 folded before Flop (didn't bet)
Seat 7: jur7777 folded before Flop (didn't bet)
Seat 9: b jordan515 (button) folded before Flop (didn't bet)



PokerStars Game #19923238475:  Hold'em No Limit ($0.10/$0.25) - 2008/08/26 - 19:31:36 (ET)
Table 'Klytia II' 9-max Seat #1 is the button
Seat 1: Harrylux ($20.50 in chips) 
Seat 2: Alameda22 ($24.15 in chips) 
Seat 3: Xelat1k ($12.20 in chips) 
Seat 4: DragonGeorge ($33.40 in chips) 
Seat 5: JE Electric ($26.60 in chips) 
Seat 6: vincentt85 ($33.10 in chips) 
Seat 7: jur7777 ($31.50 in chips) 
Seat 9: b jordan515 ($24.20 in chips) 
Alameda22: posts small blind $0.10
Xelat1k: posts big blind $0.25
KingGraf90: sits out 
*** HOLE CARDS ***
Dealt to Alameda22 [8h 3d]
DragonGeorge: calls $0.25
JE Electric: folds 
vincentt85: folds 
jur7777: calls $0.25
b jordan515: calls $0.25
Harrylux: folds 
Alameda22: folds 
Xelat1k: checks 
*** FLOP *** [3c 5d Kh]
Xelat1k: checks 
DragonGeorge: bets $0.75
jur7777: calls $0.75
b jordan515: folds 
Xelat1k: folds 
*** TURN *** [3c 5d Kh] [Ah]
DragonGeorge: bets $1.50
jur7777: folds 
Uncalled bet ($1.50) returned to DragonGeorge
DragonGeorge collected $2.50 from pot
DragonGeorge: shows [Ac As] (three of a kind, Aces)
*** SUMMARY ***
Total pot $2.60 | Rake $0.10 
Board [3c 5d Kh Ah]
Seat 1: Harrylux (button) folded before Flop (didn't bet)
Seat 2: Alameda22 (small blind) folded before Flop
Seat 3: Xelat1k (big blind) folded on the Flop
Seat 4: DragonGeorge collected ($2.50)
Seat 5: JE Electric folded before Flop (didn't bet)
Seat 6: vincentt85 folded before Flop (didn't bet)
Seat 7: jur7777 folded on the Turn
Seat 9: b jordan515 folded on the Flop



PokerStars Game #19923285869:  Hold'em No Limit ($0.10/$0.25) - 2008/08/26 - 19:33:45 (ET)
Table 'Klytia II' 9-max Seat #2 is the button
Seat 1: Harrylux ($20.50 in chips) 
Seat 2: Alameda22 ($24.05 in chips) 
Seat 3: Xelat1k ($11.95 in chips) 
Seat 4: DragonGeorge ($34.90 in chips) 
Seat 5: JE Electric ($26.60 in chips) 
Seat 6: vincentt85 ($33.10 in chips) 
Seat 7: jur7777 ($30.50 in chips) 
Seat 9: b jordan515 ($23.95 in chips) 
Xelat1k: posts small blind $0.10
DragonGeorge: posts big blind $0.25
KingGraf90: sits out 
*** HOLE CARDS ***
Dealt to Alameda22 [7d Ks]
jur7777 said, "hoho, nh"
JE Electric: folds 
JE Electric leaves the table
vincentt85: folds 
jur7777: folds 
b jordan515: folds 
Harrylux: folds 
dt6913 joins the table at seat #5 
Alameda22: folds 
Xelat1k: folds 
Uncalled bet ($0.15) returned to DragonGeorge
DragonGeorge collected $0.20 from pot
DragonGeorge: doesn't show hand 
*** SUMMARY ***
Total pot $0.20 | Rake $0 
Seat 1: Harrylux folded before Flop (didn't bet)
Seat 2: Alameda22 (button) folded before Flop (didn't bet)
Seat 3: Xelat1k (small blind) folded before Flop
Seat 4: DragonGeorge (big blind) collected ($0.20)
Seat 5: JE Electric folded before Flop (didn't bet)
Seat 6: vincentt85 folded before Flop (didn't bet)
Seat 7: jur7777 folded before Flop (didn't bet)
Seat 9: b jordan515 folded before Flop (didn't bet)



PokerStars Game #19923298906:  Hold'em No Limit ($0.10/$0.25) - 2008/08/26 - 19:34:19 (ET)
Table 'Klytia II' 9-max Seat #3 is the button
Seat 1: Harrylux ($20.50 in chips) 
Seat 2: Alameda22 ($24.05 in chips) 
Seat 3: Xelat1k ($11.85 in chips) 
Seat 4: DragonGeorge ($35 in chips) 
Seat 5: dt6913 ($25 in chips) 
Seat 6: vincentt85 ($33.10 in chips) 
Seat 7: jur7777 ($30.50 in chips) 
Seat 9: b jordan515 ($23.95 in chips) 
DragonGeorge: posts small blind $0.10
dt6913: posts big blind $0.25
KingGraf90: sits out 
*** HOLE CARDS ***
Dealt to Alameda22 [9s 5d]
vincentt85: folds 
jur7777: folds 
b jordan515: calls $0.25
Harrylux: folds 
Alameda22: folds 
Xelat1k: folds 
DragonGeorge: calls $0.15
dt6913: checks 
*** FLOP *** [8s Kc Tc]
DragonGeorge: checks 
dt6913: checks 
b jordan515: checks 
*** TURN *** [8s Kc Tc] [Js]
DragonGeorge: checks 
dt6913: checks 
b jordan515: bets $0.25
DragonGeorge: calls $0.25
dt6913: folds 
*** RIVER *** [8s Kc Tc Js] [Jd]
DragonGeorge: checks 
b jordan515: checks 
*** SHOW DOWN ***
DragonGeorge: shows [3c 9h] (a pair of Jacks)
b jordan515: mucks hand 
DragonGeorge collected $1.20 from pot
*** SUMMARY ***
Total pot $1.25 | Rake $0.05 
Board [8s Kc Tc Js Jd]
Seat 1: Harrylux folded before Flop (didn't bet)
Seat 2: Alameda22 folded before Flop (didn't bet)
Seat 3: Xelat1k (button) folded before Flop (didn't bet)
Seat 4: DragonGeorge (small blind) showed [3c 9h] and won ($1.20) with a pair of Jacks
Seat 5: dt6913 (big blind) folded on the Turn
Seat 6: vincentt85 folded before Flop (didn't bet)
Seat 7: jur7777 folded before Flop (didn't bet)
Seat 9: b jordan515 mucked [6s 7s]



PokerStars Game #19923341380:  Hold'em No Limit ($0.10/$0.25) - 2008/08/26 - 19:36:15 (ET)
Table 'Klytia II' 9-max Seat #4 is the button
Seat 1: Harrylux ($20.50 in chips) 
Seat 2: Alameda22 ($24.05 in chips) 
Seat 3: Xelat1k ($11.85 in chips) 
Seat 4: DragonGeorge ($35.70 in chips) 
Seat 5: dt6913 ($24.75 in chips) 
Seat 6: vincentt85 ($33.10 in chips) 
Seat 7: jur7777 ($30.50 in chips) 
Seat 9: b jordan515 ($23.45 in chips) 
dt6913: posts small blind $0.10
vincentt85: posts big blind $0.25
KingGraf90: sits out 
*** HOLE CARDS ***
Dealt to Alameda22 [Th 3h]
jur7777: folds 
b jordan515: calls $0.25
Harrylux: folds 
Alameda22: folds 
Xelat1k: folds 
DragonGeorge: calls $0.25
dt6913: raises $1.25 to $1.50
vincentt85: folds 
b jordan515: folds 
DragonGeorge: folds 
Uncalled bet ($1.25) returned to dt6913
dt6913 collected $1 from pot
dt6913: doesn't show hand 
*** SUMMARY ***
Total pot $1 | Rake $0 
Seat 1: Harrylux folded before Flop (didn't bet)
Seat 2: Alameda22 folded before Flop (didn't bet)
Seat 3: Xelat1k folded before Flop (didn't bet)
Seat 4: DragonGeorge (button) folded before Flop
Seat 5: dt6913 (small blind) collected ($1)
Seat 6: vincentt85 (big blind) folded before Flop
Seat 7: jur7777 folded before Flop (didn't bet)
Seat 9: b jordan515 folded before Flop



PokerStars Game #19923360157:  Hold'em No Limit ($0.10/$0.25) - 2008/08/26 - 19:37:06 (ET)
Table 'Klytia II' 9-max Seat #5 is the button
Seat 1: Harrylux ($20.50 in chips) 
Seat 2: Alameda22 ($24.05 in chips) 
Seat 3: Xelat1k ($11.85 in chips) 
Seat 4: DragonGeorge ($35.45 in chips) 
Seat 5: dt6913 ($25.50 in chips) 
Seat 6: vincentt85 ($32.85 in chips) 
Seat 7: jur7777 ($30.50 in chips) 
Seat 9: b jordan515 ($23.20 in chips) 
vincentt85: posts small blind $0.10
jur7777: posts big blind $0.25
KingGraf90: sits out 
*** HOLE CARDS ***
Dealt to Alameda22 [Ad 5s]
b jordan515: calls $0.25
Harrylux: folds 
Alameda22: folds 
Xelat1k: folds 
DragonGeorge: folds 
dt6913: folds 
vincentt85: raises $1 to $1.25
jur7777: folds 
b jordan515: folds 
Uncalled bet ($1) returned to vincentt85
vincentt85 collected $0.75 from pot
vincentt85: doesn't show hand 
*** SUMMARY ***
Total pot $0.75 | Rake $0 
Seat 1: Harrylux folded before Flop (didn't bet)
Seat 2: Alameda22 folded before Flop (didn't bet)
Seat 3: Xelat1k folded before Flop (didn't bet)
Seat 4: DragonGeorge folded before Flop (didn't bet)
Seat 5: dt6913 (button) folded before Flop (didn't bet)
Seat 6: vincentt85 (small blind) collected ($0.75)
Seat 7: jur7777 (big blind) folded before Flop
Seat 9: b jordan515 folded before Flop



PokerStars Game #19923377332:  Hold'em No Limit ($0.10/$0.25) - 2008/08/26 - 19:37:53 (ET)
Table 'Klytia II' 9-max Seat #6 is the button
Seat 1: Harrylux ($20.50 in chips) 
Seat 2: Alameda22 ($24.05 in chips) 
Seat 3: Xelat1k ($11.85 in chips) 
Seat 4: DragonGeorge ($35.45 in chips) 
Seat 5: dt6913 ($25.50 in chips) 
Seat 6: vincentt85 ($33.35 in chips) 
Seat 7: jur7777 ($30.25 in chips) 
Seat 8: KingGraf90 ($25 in chips) 
Seat 9: b jordan515 ($22.95 in chips) 
jur7777: posts small blind $0.10
KingGraf90: posts big blind $0.25
*** HOLE CARDS ***
Dealt to Alameda22 [8d Jc]
b jordan515: folds 
Harrylux: calls $0.25
Alameda22: folds 
Xelat1k: folds 
DragonGeorge: folds 
dt6913: folds 
vincentt85: calls $0.25
jur7777: folds 
b jordan515 leaves the table
KingGraf90: checks 
*** FLOP *** [Js 3h 4s]
KingGraf90: checks 
Harrylux: checks 
vincentt85: checks 
*** TURN *** [Js 3h 4s] [Ah]
KingGraf90: checks 
Harrylux: checks 
vincentt85: bets $0.50
KingGraf90: calls $0.50
Harrylux: calls $0.50
*** RIVER *** [Js 3h 4s Ah] [6s]
KingGraf90: bets $1.25
Harrylux: folds 
Harrylux is sitting out
vincentt85: calls $1.25
*** SHOW DOWN ***
KingGraf90: shows [5s 8s] (a flush, Jack high)
vincentt85: mucks hand 
KingGraf90 collected $4.65 from pot
*** SUMMARY ***
Total pot $4.85 | Rake $0.20 
Board [Js 3h 4s Ah 6s]
Seat 1: Harrylux folded on the River
Seat 2: Alameda22 folded before Flop (didn't bet)
Seat 3: Xelat1k folded before Flop (didn't bet)
Seat 4: DragonGeorge folded before Flop (didn't bet)
Seat 5: dt6913 folded before Flop (didn't bet)
Seat 6: vincentt85 (button) mucked [Ad 6d]
Seat 7: jur7777 (small blind) folded before Flop
Seat 8: KingGraf90 (big blind) showed [5s 8s] and won ($4.65) with a flush, Jack high
Seat 9: b jordan515 folded before Flop (didn't bet)



PokerStars Game #19923407725:  Hold'em No Limit ($0.10/$0.25) - 2008/08/26 - 19:39:16 (ET)
Table 'Klytia II' 9-max Seat #7 is the button
Seat 2: Alameda22 ($24.05 in chips) 
Seat 3: Xelat1k ($11.85 in chips) 
Seat 4: DragonGeorge ($35.45 in chips) 
Seat 5: dt6913 ($25.50 in chips) 
Seat 6: vincentt85 ($31.35 in chips) 
Seat 7: jur7777 ($30.15 in chips) 
Seat 8: KingGraf90 ($27.65 in chips) 
Harrylux leaves the table
KingGraf90: posts small blind $0.10
Alameda22: posts big blind $0.25
*** HOLE CARDS ***
Dealt to Alameda22 [6s 9c]
Xelat1k: folds 
DragonGeorge: folds 
dt6913: folds 
vincentt85: folds 
jur7777: folds 
KingGraf90: folds 
Uncalled bet ($0.15) returned to Alameda22
Alameda22 collected $0.20 from pot
Alameda22: doesn't show hand 
*** SUMMARY ***
Total pot $0.20 | Rake $0 
Seat 2: Alameda22 (big blind) collected ($0.20)
Seat 3: Xelat1k folded before Flop (didn't bet)
Seat 4: DragonGeorge folded before Flop (didn't bet)
Seat 5: dt6913 folded before Flop (didn't bet)
Seat 6: vincentt85 folded before Flop (didn't bet)
Seat 7: jur7777 (button) folded before Flop (didn't bet)
Seat 8: KingGraf90 (small blind) folded before Flop



PokerStars Game #19923421314:  Hold'em No Limit ($0.10/$0.25) - 2008/08/26 - 19:39:53 (ET)
Table 'Klytia II' 9-max Seat #8 is the button
Seat 2: Alameda22 ($24.15 in chips) 
Seat 3: Xelat1k ($11.85 in chips) 
Seat 4: DragonGeorge ($35.45 in chips) 
Seat 5: dt6913 ($25.50 in chips) 
Seat 6: vincentt85 ($31.35 in chips) 
Seat 7: jur7777 ($30.15 in chips) 
Seat 8: KingGraf90 ($27.55 in chips) 
Alameda22: posts small blind $0.10
Xelat1k: posts big blind $0.25
*** HOLE CARDS ***
Dealt to Alameda22 [Th 8h]
DragonGeorge: folds 
dt6913: folds 
vincentt85: folds 
jur7777: calls $0.25
KingGraf90: folds 
Alameda22: folds 
Xelat1k: checks 
*** FLOP *** [8d Jc 6d]
Xelat1k: checks 
jur7777: checks 
*** TURN *** [8d Jc 6d] [4s]
Xelat1k: checks 
jur7777: bets $0.45
Xelat1k: folds 
Uncalled bet ($0.45) returned to jur7777
jur7777 collected $0.60 from pot
jur7777: doesn't show hand 
*** SUMMARY ***
Total pot $0.60 | Rake $0 
Board [8d Jc 6d 4s]
Seat 2: Alameda22 (small blind) folded before Flop
Seat 3: Xelat1k (big blind) folded on the Turn
Seat 4: DragonGeorge folded before Flop (didn't bet)
Seat 5: dt6913 folded before Flop (didn't bet)
Seat 6: vincentt85 folded before Flop (didn't bet)
Seat 7: jur7777 collected ($0.60)
Seat 8: KingGraf90 (button) folded before Flop (didn't bet)



PokerStars Game #19923449347:  Hold'em No Limit ($0.10/$0.25) - 2008/08/26 - 19:41:08 (ET)
Table 'Klytia II' 9-max Seat #2 is the button
Seat 2: Alameda22 ($24.05 in chips) 
Seat 3: Xelat1k ($11.60 in chips) 
Seat 4: DragonGeorge ($35.45 in chips) 
Seat 5: dt6913 ($25.50 in chips) 
Seat 6: vincentt85 ($31.35 in chips) 
Seat 7: jur7777 ($30.50 in chips) 
Seat 8: KingGraf90 ($27.55 in chips) 
Xelat1k: posts small blind $0.10
DragonGeorge: posts big blind $0.25
*** HOLE CARDS ***
Dealt to Alameda22 [Ac Js]
dt6913: folds 
vincentt85: folds 
jur7777: folds 
KingGraf90: calls $0.25
Alameda22: raises $0.75 to $1
Xelat1k: folds 
Minou_un1 joins the table at seat #9 
DragonGeorge: folds 
PIYMFD joins the table at seat #1 
KingGraf90: folds 
Uncalled bet ($0.75) returned to Alameda22
Alameda22 collected $0.85 from pot
Alameda22: doesn't show hand 
*** SUMMARY ***
Total pot $0.85 | Rake $0 
Seat 2: Alameda22 (button) collected ($0.85)
Seat 3: Xelat1k (small blind) folded before Flop
Seat 4: DragonGeorge (big blind) folded before Flop
Seat 5: dt6913 folded before Flop (didn't bet)
Seat 6: vincentt85 folded before Flop (didn't bet)
Seat 7: jur7777 folded before Flop (didn't bet)
Seat 8: KingGraf90 folded before Flop



PokerStars Game #19923466251:  Hold'em No Limit ($0.10/$0.25) - 2008/08/26 - 19:41:53 (ET)
Table 'Klytia II' 9-max Seat #3 is the button
Seat 2: Alameda22 ($24.65 in chips) 
Seat 3: Xelat1k ($11.50 in chips) 
Seat 4: DragonGeorge ($35.20 in chips) 
Seat 5: dt6913 ($25.50 in chips) 
Seat 6: vincentt85 ($31.35 in chips) 
Seat 7: jur7777 ($30.50 in chips) 
Seat 8: KingGraf90 ($27.30 in chips) 
Seat 9: Minou_un1 ($10 in chips) 
DragonGeorge: posts small blind $0.10
dt6913: posts big blind $0.25
Minou_un1: posts big blind $0.25
PIYMFD: sits out 
*** HOLE CARDS ***
Dealt to Alameda22 [Qh 6c]
vincentt85: folds 
vincentt85 leaves the table
jur7777: calls $0.25
KingGraf90: folds 
Minou_un1: checks 
Alameda22: folds 
Xelat1k: folds 
DragonGeorge: folds 
dt6913: raises $1 to $1.25
jur7777: calls $1
Minou_un1: folds 
*** FLOP *** [Jh 7d 2c]
dt6913: bets $1.50
jur7777: folds 
Uncalled bet ($1.50) returned to dt6913
dt6913 collected $2.75 from pot
dt6913: doesn't show hand 
*** SUMMARY ***
Total pot $2.85 | Rake $0.10 
Board [Jh 7d 2c]
Seat 2: Alameda22 folded before Flop (didn't bet)
Seat 3: Xelat1k (button) folded before Flop (didn't bet)
Seat 4: DragonGeorge (small blind) folded before Flop
Seat 5: dt6913 (big blind) collected ($2.75)
Seat 6: vincentt85 folded before Flop (didn't bet)
Seat 7: jur7777 folded on the Flop
Seat 8: KingGraf90 folded before Flop (didn't bet)
Seat 9: Minou_un1 folded before Flop



PokerStars Game #19923506802:  Hold'em No Limit ($0.10/$0.25) - 2008/08/26 - 19:43:42 (ET)
Table 'Klytia II' 9-max Seat #4 is the button
Seat 2: Alameda22 ($24.65 in chips) 
Seat 3: Xelat1k ($11.50 in chips) 
Seat 4: DragonGeorge ($35.10 in chips) 
Seat 5: dt6913 ($27 in chips) 
Seat 7: jur7777 ($29.25 in chips) 
Seat 8: KingGraf90 ($27.30 in chips) 
Seat 9: Minou_un1 ($9.75 in chips) 
dt6913: posts small blind $0.10
jur7777: posts big blind $0.25
PIYMFD: sits out 
*** HOLE CARDS ***
Dealt to Alameda22 [Kh 3s]
KingGraf90: folds 
Minou_un1: folds 
Alameda22: folds 
Xelat1k: raises $0.50 to $0.75
DragonGeorge: folds 
dt6913: calls $0.65
jur7777: folds 
*** FLOP *** [8d 8s 8h]
Xelat1k said, ":D"
dt6913: checks 
Xelat1k: bets $0.75
dt6913: calls $0.75
*** TURN *** [8d 8s 8h] [3h]
dt6913: checks 
Xelat1k: checks 
*** RIVER *** [8d 8s 8h 3h] [Jd]
dt6913: checks 
Xelat1k: checks 
*** SHOW DOWN ***
dt6913: shows [Ad 2d] (three of a kind, Eights)
Xelat1k: shows [Ac Ts] (three of a kind, Eights)
dt6913 collected $1.55 from pot
Xelat1k collected $1.55 from pot
rbonesw joins the table at seat #6 
*** SUMMARY ***
Total pot $3.25 | Rake $0.15 
Board [8d 8s 8h 3h Jd]
Seat 2: Alameda22 folded before Flop (didn't bet)
Seat 3: Xelat1k showed [Ac Ts] and won ($1.55) with three of a kind, Eights
Seat 4: DragonGeorge (button) folded before Flop (didn't bet)
Seat 5: dt6913 (small blind) showed [Ad 2d] and won ($1.55) with three of a kind, Eights
Seat 7: jur7777 (big blind) folded before Flop
Seat 8: KingGraf90 folded before Flop (didn't bet)
Seat 9: Minou_un1 folded before Flop (didn't bet)



PokerStars Game #19923538702:  Hold'em No Limit ($0.10/$0.25) - 2008/08/26 - 19:45:08 (ET)
Table 'Klytia II' 9-max Seat #5 is the button
Seat 2: Alameda22 ($24.65 in chips) 
Seat 3: Xelat1k ($11.55 in chips) 
Seat 4: DragonGeorge ($35.10 in chips) 
Seat 5: dt6913 ($27.05 in chips) 
Seat 7: jur7777 ($29 in chips) 
Seat 8: KingGraf90 ($27.30 in chips) 
Seat 9: Minou_un1 ($9.75 in chips) 
rbonesw will be allowed to play after the button
jur7777: posts small blind $0.10
KingGraf90: posts big blind $0.25
PIYMFD: sits out 
*** HOLE CARDS ***
Dealt to Alameda22 [Ts Jd]
Minou_un1: folds 
Alameda22: folds 
Xelat1k: folds 
DragonGeorge: folds 
dt6913: folds 
jur7777: folds 
Uncalled bet ($0.15) returned to KingGraf90
KingGraf90 collected $0.20 from pot
*** SUMMARY ***
Total pot $0.20 | Rake $0 
Seat 2: Alameda22 folded before Flop (didn't bet)
Seat 3: Xelat1k folded before Flop (didn't bet)
Seat 4: DragonGeorge folded before Flop (didn't bet)
Seat 5: dt6913 (button) folded before Flop (didn't bet)
Seat 7: jur7777 (small blind) folded before Flop
Seat 8: KingGraf90 (big blind) collected ($0.20)
Seat 9: Minou_un1 folded before Flop (didn't bet)



PokerStars Game #19923549978:  Hold'em No Limit ($0.10/$0.25) - 2008/08/26 - 19:45:38 (ET)
Table 'Klytia II' 9-max Seat #7 is the button
Seat 2: Alameda22 ($24.65 in chips) 
Seat 3: Xelat1k ($11.55 in chips) 
Seat 4: DragonGeorge ($35.10 in chips) 
Seat 5: dt6913 ($27.05 in chips) 
Seat 6: rbonesw ($15 in chips) 
Seat 7: jur7777 ($28.90 in chips) 
Seat 8: KingGraf90 ($27.40 in chips) 
Seat 9: Minou_un1 ($9.75 in chips) 
KingGraf90: posts small blind $0.10
Minou_un1: posts big blind $0.25
PIYMFD: sits out 
rbonesw: posts big blind $0.25
*** HOLE CARDS ***
Dealt to Alameda22 [7s Qh]
Alameda22: folds 
Xelat1k: folds 
DragonGeorge: raises $0.25 to $0.50
dt6913: folds 
rbonesw: folds 
jur7777: folds 
KingGraf90: folds 
Minou_un1: folds 
Uncalled bet ($0.25) returned to DragonGeorge
DragonGeorge collected $0.85 from pot
DragonGeorge: doesn't show hand 
*** SUMMARY ***
Total pot $0.85 | Rake $0 
Seat 2: Alameda22 folded before Flop (didn't bet)
Seat 3: Xelat1k folded before Flop (didn't bet)
Seat 4: DragonGeorge collected ($0.85)
Seat 5: dt6913 folded before Flop (didn't bet)
Seat 6: rbonesw folded before Flop
Seat 7: jur7777 (button) folded before Flop (didn't bet)
Seat 8: KingGraf90 (small blind) folded before Flop
Seat 9: Minou_un1 (big blind) folded before Flop



PokerStars Game #19923568269:  Hold'em No Limit ($0.10/$0.25) - 2008/08/26 - 19:46:26 (ET)
Table 'Klytia II' 9-max Seat #8 is the button
Seat 1: PIYMFD ($25 in chips) 
Seat 2: Alameda22 ($24.65 in chips) 
Seat 3: Xelat1k ($11.55 in chips) 
Seat 4: DragonGeorge ($35.70 in chips) 
Seat 5: dt6913 ($27.05 in chips) 
Seat 6: rbonesw ($14.75 in chips) 
Seat 7: jur7777 ($28.90 in chips) 
Seat 8: KingGraf90 ($27.30 in chips) 
Seat 9: Minou_un1 ($9.50 in chips) 
Minou_un1: posts small blind $0.10
PIYMFD: posts big blind $0.25
*** HOLE CARDS ***
Dealt to Alameda22 [9h 8h]
Alameda22: folds 
Xelat1k: folds 
DragonGeorge: folds 
dt6913: folds 
rbonesw: folds 
jur7777: folds 
KingGraf90: folds 
Minou_un1: calls $0.15
PIYMFD: checks 
*** FLOP *** [Ah 8s Ks]
Minou_un1: checks 
PIYMFD: checks 
*** TURN *** [Ah 8s Ks] [Js]
Minou_un1: checks 
PIYMFD: checks 
*** RIVER *** [Ah 8s Ks Js] [9s]
Minou_un1: checks 
PIYMFD: checks 
*** SHOW DOWN ***
Minou_un1: shows [2h Ad] (a pair of Aces)
PIYMFD: mucks hand 
Minou_un1 collected $0.50 from pot
*** SUMMARY ***
Total pot $0.50 | Rake $0 
Board [Ah 8s Ks Js 9s]
Seat 1: PIYMFD (big blind) mucked [Tc 5d]
Seat 2: Alameda22 folded before Flop (didn't bet)
Seat 3: Xelat1k folded before Flop (didn't bet)
Seat 4: DragonGeorge folded before Flop (didn't bet)
Seat 5: dt6913 folded before Flop (didn't bet)
Seat 6: rbonesw folded before Flop (didn't bet)
Seat 7: jur7777 folded before Flop (didn't bet)
Seat 8: KingGraf90 (button) folded before Flop (didn't bet)
Seat 9: Minou_un1 (small blind) showed [2h Ad] and won ($0.50) with a pair of Aces



PokerStars Game #19923595318:  Hold'em No Limit ($0.10/$0.25) - 2008/08/26 - 19:47:39 (ET)
Table 'Klytia II' 9-max Seat #9 is the button
Seat 1: PIYMFD ($24.75 in chips) 
Seat 2: Alameda22 ($24.65 in chips) 
Seat 3: Xelat1k ($11.55 in chips) 
Seat 4: DragonGeorge ($35.70 in chips) 
Seat 5: dt6913 ($27.05 in chips) 
Seat 6: rbonesw ($14.75 in chips) 
Seat 7: jur7777 ($28.90 in chips) 
Seat 8: KingGraf90 ($27.30 in chips) 
Seat 9: Minou_un1 ($9.75 in chips) 
PIYMFD: posts small blind $0.10
Alameda22: posts big blind $0.25
*** HOLE CARDS ***
Dealt to Alameda22 [6h 4d]
Xelat1k: folds 
DragonGeorge: folds 
dt6913: folds 
rbonesw: folds 
jur7777: folds 
KingGraf90: calls $0.25
Minou_un1: folds 
PIYMFD: folds 
Alameda22: checks 
*** FLOP *** [5c 6c Qd]
Alameda22: checks 
KingGraf90: checks 
*** TURN *** [5c 6c Qd] [5d]
Alameda22: checks 
KingGraf90: checks 
*** RIVER *** [5c 6c Qd 5d] [Ks]
Alameda22: checks 
KingGraf90: checks 
*** SHOW DOWN ***
Alameda22: shows [6h 4d] (two pair, Sixes and Fives)
KingGraf90: mucks hand 
Alameda22 collected $0.60 from pot
*** SUMMARY ***
Total pot $0.60 | Rake $0 
Board [5c 6c Qd 5d Ks]
Seat 1: PIYMFD (small blind) folded before Flop
Seat 2: Alameda22 (big blind) showed [6h 4d] and won ($0.60) with two pair, Sixes and Fives
Seat 3: Xelat1k folded before Flop (didn't bet)
Seat 4: DragonGeorge folded before Flop (didn't bet)
Seat 5: dt6913 folded before Flop (didn't bet)
Seat 6: rbonesw folded before Flop (didn't bet)
Seat 7: jur7777 folded before Flop (didn't bet)
Seat 8: KingGraf90 mucked [Ah 7h]
Seat 9: Minou_un1 (button) folded before Flop (didn't bet)



PokerStars Game #19923624049:  Hold'em No Limit ($0.10/$0.25) - 2008/08/26 - 19:48:55 (ET)
Table 'Klytia II' 9-max Seat #1 is the button
Seat 1: PIYMFD ($25 in chips) 
Seat 2: Alameda22 ($25 in chips) 
Seat 3: Xelat1k ($11.55 in chips) 
Seat 4: DragonGeorge ($35.70 in chips) 
Seat 5: dt6913 ($27.05 in chips) 
Seat 6: rbonesw ($14.75 in chips) 
Seat 7: jur7777 ($28.90 in chips) 
Seat 8: KingGraf90 ($27.05 in chips) 
Seat 9: Minou_un1 ($9.75 in chips) 
Alameda22: posts small blind $0.10
Xelat1k: posts big blind $0.25
*** HOLE CARDS ***
Dealt to Alameda22 [Qc Jh]
DragonGeorge: raises $0.25 to $0.50
dt6913: folds 
rbonesw: folds 
jur7777: folds 
KingGraf90: folds 
Minou_un1: calls $0.50
PIYMFD: folds 
Alameda22: folds 
Xelat1k: folds 
*** FLOP *** [2s 7c 3c]
DragonGeorge: bets $0.50
Minou_un1: calls $0.50
*** TURN *** [2s 7c 3c] [Td]
DragonGeorge: bets $0.50
Minou_un1: calls $0.50
*** RIVER *** [2s 7c 3c Td] [5s]
DragonGeorge: bets $0.50
Minou_un1: calls $0.50
*** SHOW DOWN ***
DragonGeorge: shows [4s 4h] (a pair of Fours)
Minou_un1: mucks hand 
DragonGeorge collected $4.15 from pot
*** SUMMARY ***
Total pot $4.35 | Rake $0.20 
Board [2s 7c 3c Td 5s]
Seat 1: PIYMFD (button) folded before Flop (didn't bet)
Seat 2: Alameda22 (small blind) folded before Flop
Seat 3: Xelat1k (big blind) folded before Flop
Seat 4: DragonGeorge showed [4s 4h] and won ($4.15) with a pair of Fours
Seat 5: dt6913 folded before Flop (didn't bet)
Seat 6: rbonesw folded before Flop (didn't bet)
Seat 7: jur7777 folded before Flop (didn't bet)
Seat 8: KingGraf90 folded before Flop (didn't bet)
Seat 9: Minou_un1 mucked [Ad 3h]



PokerStars Game #19923651962:  Hold'em No Limit ($0.10/$0.25) - 2008/08/26 - 19:50:10 (ET)
Table 'Klytia II' 9-max Seat #2 is the button
Seat 1: PIYMFD ($25 in chips) 
Seat 2: Alameda22 ($24.90 in chips) 
Seat 3: Xelat1k ($11.30 in chips) 
Seat 4: DragonGeorge ($37.85 in chips) 
Seat 5: dt6913 ($27.05 in chips) 
Seat 6: rbonesw ($14.75 in chips) 
Seat 7: jur7777 ($28.90 in chips) 
Seat 8: KingGraf90 ($27.05 in chips) 
Seat 9: Minou_un1 ($7.75 in chips) 
Xelat1k: posts small blind $0.10
DragonGeorge: posts big blind $0.25
*** HOLE CARDS ***
Dealt to Alameda22 [8h 9c]
dt6913: folds 
rbonesw: folds 
jur7777: folds 
KingGraf90: folds 
Minou_un1: folds 
PIYMFD: folds 
Alameda22: folds 
Xelat1k: calls $0.15
DragonGeorge: checks 
*** FLOP *** [6h Qh Kh]
Xelat1k: checks 
DragonGeorge: bets $0.25
Xelat1k: folds 
Uncalled bet ($0.25) returned to DragonGeorge
DragonGeorge collected $0.50 from pot
DragonGeorge: doesn't show hand 
*** SUMMARY ***
Total pot $0.50 | Rake $0 
Board [6h Qh Kh]
Seat 1: PIYMFD folded before Flop (didn't bet)
Seat 2: Alameda22 (button) folded before Flop (didn't bet)
Seat 3: Xelat1k (small blind) folded on the Flop
Seat 4: DragonGeorge (big blind) collected ($0.50)
Seat 5: dt6913 folded before Flop (didn't bet)
Seat 6: rbonesw folded before Flop (didn't bet)
Seat 7: jur7777 folded before Flop (didn't bet)
Seat 8: KingGraf90 folded before Flop (didn't bet)
Seat 9: Minou_un1 folded before Flop (didn't bet)



PokerStars Game #19923674905:  Hold'em No Limit ($0.10/$0.25) - 2008/08/26 - 19:51:12 (ET)
Table 'Klytia II' 9-max Seat #3 is the button
Seat 1: PIYMFD ($25 in chips) 
Seat 2: Alameda22 ($24.90 in chips) 
Seat 3: Xelat1k ($11.05 in chips) 
Seat 4: DragonGeorge ($38.10 in chips) 
Seat 5: dt6913 ($27.05 in chips) 
Seat 6: rbonesw ($14.75 in chips) 
Seat 7: jur7777 ($28.90 in chips) 
Seat 8: KingGraf90 ($27.05 in chips) 
Seat 9: Minou_un1 ($7.75 in chips) 
DragonGeorge: posts small blind $0.10
dt6913: posts big blind $0.25
*** HOLE CARDS ***
Dealt to Alameda22 [Js 9h]
rbonesw: folds 
jur7777: calls $0.25
KingGraf90: folds 
Minou_un1: folds 
PIYMFD: folds 
Alameda22: folds 
Xelat1k: raises $0.75 to $1
DragonGeorge: calls $0.90
dt6913: folds 
jur7777: folds 
*** FLOP *** [Qd 7h 4c]
DragonGeorge: checks 
Xelat1k: bets $1.25
DragonGeorge: folds 
Uncalled bet ($1.25) returned to Xelat1k
Xelat1k collected $2.40 from pot
*** SUMMARY ***
Total pot $2.50 | Rake $0.10 
Board [Qd 7h 4c]
Seat 1: PIYMFD folded before Flop (didn't bet)
Seat 2: Alameda22 folded before Flop (didn't bet)
Seat 3: Xelat1k (button) collected ($2.40)
Seat 4: DragonGeorge (small blind) folded on the Flop
Seat 5: dt6913 (big blind) folded before Flop
Seat 6: rbonesw folded before Flop (didn't bet)
Seat 7: jur7777 folded before Flop
Seat 8: KingGraf90 folded before Flop (didn't bet)
Seat 9: Minou_un1 folded before Flop (didn't bet)



PokerStars Game #19923697704:  Hold'em No Limit ($0.10/$0.25) - 2008/08/26 - 19:52:13 (ET)
Table 'Klytia II' 9-max Seat #4 is the button
Seat 1: PIYMFD ($25 in chips) 
Seat 2: Alameda22 ($24.90 in chips) 
Seat 3: Xelat1k ($12.45 in chips) 
Seat 4: DragonGeorge ($37.10 in chips) 
Seat 5: dt6913 ($26.80 in chips) 
Seat 6: rbonesw ($14.75 in chips) 
Seat 7: jur7777 ($28.65 in chips) 
Seat 8: KingGraf90 ($27.05 in chips) 
Seat 9: Minou_un1 ($7.75 in chips) 
dt6913: posts small blind $0.10
rbonesw: posts big blind $0.25
*** HOLE CARDS ***
Dealt to Alameda22 [5h 7c]
jur7777: folds 
KingGraf90: folds 
Minou_un1: calls $0.25
PIYMFD: calls $0.25
Alameda22: folds 
Xelat1k: folds 
DragonGeorge: folds 
dt6913: folds 
rbonesw: checks 
*** FLOP *** [5c Kh Qc]
rbonesw: checks 
Minou_un1: checks 
PIYMFD: checks 
*** TURN *** [5c Kh Qc] [Tc]
rbonesw: checks 
Minou_un1: checks 
PIYMFD: checks 
*** RIVER *** [5c Kh Qc Tc] [9s]
rbonesw: bets $0.25
Minou_un1: calls $0.25
PIYMFD: folds 
*** SHOW DOWN ***
rbonesw: shows [2d Ts] (a pair of Tens)
Minou_un1: shows [6s Qs] (a pair of Queens)
Minou_un1 collected $1.30 from pot
*** SUMMARY ***
Total pot $1.35 | Rake $0.05 
Board [5c Kh Qc Tc 9s]
Seat 1: PIYMFD folded on the River
Seat 2: Alameda22 folded before Flop (didn't bet)
Seat 3: Xelat1k folded before Flop (didn't bet)
Seat 4: DragonGeorge (button) folded before Flop (didn't bet)
Seat 5: dt6913 (small blind) folded before Flop
Seat 6: rbonesw (big blind) showed [2d Ts] and lost with a pair of Tens
Seat 7: jur7777 folded before Flop (didn't bet)
Seat 8: KingGraf90 folded before Flop (didn't bet)
Seat 9: Minou_un1 showed [6s Qs] and won ($1.30) with a pair of Queens



PokerStars Game #19923720585:  Hold'em No Limit ($0.10/$0.25) - 2008/08/26 - 19:53:14 (ET)
Table 'Klytia II' 9-max Seat #5 is the button
Seat 1: PIYMFD ($25 in chips) 
Seat 2: Alameda22 ($24.90 in chips) 
Seat 3: Xelat1k ($12.45 in chips) 
Seat 4: DragonGeorge ($37.10 in chips) 
Seat 5: dt6913 ($26.70 in chips) 
Seat 6: rbonesw ($14.25 in chips) 
Seat 7: jur7777 ($28.65 in chips) 
Seat 8: KingGraf90 ($27.05 in chips) 
Seat 9: Minou_un1 ($8.55 in chips) 
rbonesw: posts small blind $0.10
jur7777: posts big blind $0.25
*** HOLE CARDS ***
Dealt to Alameda22 [2s Ad]
KingGraf90: folds 
Minou_un1: folds 
PIYMFD: folds 
Alameda22: folds 
Xelat1k: folds 
DragonGeorge: calls $0.25
dt6913: calls $0.25
rbonesw: calls $0.15
jur7777: checks 
*** FLOP *** [9h Td Jc]
rbonesw: checks 
jur7777: checks 
DragonGeorge: checks 
dt6913: bets $1
rbonesw: folds 
jur7777: folds 
DragonGeorge: folds 
Uncalled bet ($1) returned to dt6913
dt6913 collected $0.95 from pot
dt6913: doesn't show hand 
*** SUMMARY ***
Total pot $1 | Rake $0.05 
Board [9h Td Jc]
Seat 1: PIYMFD folded before Flop (didn't bet)
Seat 2: Alameda22 folded before Flop (didn't bet)
Seat 3: Xelat1k folded before Flop (didn't bet)
Seat 4: DragonGeorge folded on the Flop
Seat 5: dt6913 (button) collected ($0.95)
Seat 6: rbonesw (small blind) folded on the Flop
Seat 7: jur7777 (big blind) folded on the Flop
Seat 8: KingGraf90 folded before Flop (didn't bet)
Seat 9: Minou_un1 folded before Flop (didn't bet)



PokerStars Game #19923746609:  Hold'em No Limit ($0.10/$0.25) - 2008/08/26 - 19:54:24 (ET)
Table 'Klytia II' 9-max Seat #6 is the button
Seat 1: PIYMFD ($25 in chips) 
Seat 2: Alameda22 ($24.90 in chips) 
Seat 3: Xelat1k ($12.45 in chips) 
Seat 4: DragonGeorge ($36.85 in chips) 
Seat 5: dt6913 ($27.40 in chips) 
Seat 6: rbonesw ($14 in chips) 
Seat 7: jur7777 ($28.40 in chips) 
Seat 8: KingGraf90 ($27.05 in chips) 
Seat 9: Minou_un1 ($8.55 in chips) 
jur7777: posts small blind $0.10
KingGraf90: posts big blind $0.25
*** HOLE CARDS ***
Dealt to Alameda22 [Kd 4d]
Minou_un1: folds 
PIYMFD: raises $0.75 to $1
Alameda22: folds 
Xelat1k: folds 
DragonGeorge: calls $1
dt6913: folds 
rbonesw: folds 
jur7777: folds 
KingGraf90: folds 
*** FLOP *** [5c 2c 7c]
PIYMFD: bets $2
DragonGeorge: folds 
Uncalled bet ($2) returned to PIYMFD
PIYMFD collected $2.25 from pot
PIYMFD: doesn't show hand 
*** SUMMARY ***
Total pot $2.35 | Rake $0.10 
Board [5c 2c 7c]
Seat 1: PIYMFD collected ($2.25)
Seat 2: Alameda22 folded before Flop (didn't bet)
Seat 3: Xelat1k folded before Flop (didn't bet)
Seat 4: DragonGeorge folded on the Flop
Seat 5: dt6913 folded before Flop (didn't bet)
Seat 6: rbonesw (button) folded before Flop (didn't bet)
Seat 7: jur7777 (small blind) folded before Flop
Seat 8: KingGraf90 (big blind) folded before Flop
Seat 9: Minou_un1 folded before Flop (didn't bet)



PokerStars Game #19923765149:  Hold'em No Limit ($0.10/$0.25) - 2008/08/26 - 19:55:15 (ET)
Table 'Klytia II' 9-max Seat #7 is the button
Seat 1: PIYMFD ($26.25 in chips) 
Seat 2: Alameda22 ($24.90 in chips) 
Seat 3: Xelat1k ($12.45 in chips) 
Seat 4: DragonGeorge ($35.85 in chips) 
Seat 5: dt6913 ($27.40 in chips) 
Seat 6: rbonesw ($14 in chips) 
Seat 7: jur7777 ($28.30 in chips) 
Seat 8: KingGraf90 ($26.80 in chips) 
Seat 9: Minou_un1 ($8.55 in chips) 
KingGraf90: posts small blind $0.10
Minou_un1: posts big blind $0.25
*** HOLE CARDS ***
Dealt to Alameda22 [5s 4d]
PIYMFD: folds 
Alameda22: folds 
Xelat1k: raises $0.50 to $0.75
DragonGeorge: folds 
dt6913: folds 
rbonesw: folds 
jur7777: folds 
KingGraf90: calls $0.65
Minou_un1: calls $0.50
*** FLOP *** [6c Js 3h]
KingGraf90: checks 
Minou_un1: checks 
Xelat1k: bets $1.50
KingGraf90: raises $24.55 to $26.05 and is all-in
Minou_un1: calls $7.80 and is all-in
Xelat1k: folds 
Uncalled bet ($18.25) returned to KingGraf90
*** TURN *** [6c Js 3h] [9h]
*** RIVER *** [6c Js 3h 9h] [4s]
*** SHOW DOWN ***
KingGraf90: shows [Ah Jh] (a pair of Jacks)
Minou_un1: mucks hand 
Minou_un1 leaves the table
KingGraf90 collected $18.40 from pot
*** SUMMARY ***
Total pot $19.35 | Rake $0.95 
Board [6c Js 3h 9h 4s]
Seat 1: PIYMFD folded before Flop (didn't bet)
Seat 2: Alameda22 folded before Flop (didn't bet)
Seat 3: Xelat1k folded on the Flop
Seat 4: DragonGeorge folded before Flop (didn't bet)
Seat 5: dt6913 folded before Flop (didn't bet)
Seat 6: rbonesw folded before Flop (didn't bet)
Seat 7: jur7777 (button) folded before Flop (didn't bet)
Seat 8: KingGraf90 (small blind) showed [Ah Jh] and won ($18.40) with a pair of Jacks
Seat 9: Minou_un1 (big blind) mucked [5h 4c]



PokerStars Game #19923787743:  Hold'em No Limit ($0.10/$0.25) - 2008/08/26 - 19:56:16 (ET)
Table 'Klytia II' 9-max Seat #8 is the button
Seat 1: PIYMFD ($26.25 in chips) 
Seat 2: Alameda22 ($24.90 in chips) 
Seat 3: Xelat1k ($10.20 in chips) 
Seat 4: DragonGeorge ($35.85 in chips) 
Seat 5: dt6913 ($27.40 in chips) 
Seat 6: rbonesw ($14 in chips) 
Seat 7: jur7777 ($28.30 in chips) 
Seat 8: KingGraf90 ($36.65 in chips) 
PIYMFD: posts small blind $0.10
Alameda22: posts big blind $0.25
*** HOLE CARDS ***
Dealt to Alameda22 [6h Ac]
Xelat1k: folds 
DragonGeorge: folds 
dt6913: folds 
rbonesw: folds 
jur7777: folds 
KingGraf90: folds 
PIYMFD: folds 
Uncalled bet ($0.15) returned to Alameda22
Alameda22 collected $0.20 from pot
Alameda22: doesn't show hand 
*** SUMMARY ***
Total pot $0.20 | Rake $0 
Seat 1: PIYMFD (small blind) folded before Flop
Seat 2: Alameda22 (big blind) collected ($0.20)
Seat 3: Xelat1k folded before Flop (didn't bet)
Seat 4: DragonGeorge folded before Flop (didn't bet)
Seat 5: dt6913 folded before Flop (didn't bet)
Seat 6: rbonesw folded before Flop (didn't bet)
Seat 7: jur7777 folded before Flop (didn't bet)
Seat 8: KingGraf90 (button) folded before Flop (didn't bet)



PokerStars Game #19923798957:  Hold'em No Limit ($0.10/$0.25) - 2008/08/26 - 19:56:46 (ET)
Table 'Klytia II' 9-max Seat #1 is the button
Seat 1: PIYMFD ($26.15 in chips) 
Seat 2: Alameda22 ($25 in chips) 
Seat 3: Xelat1k ($10.20 in chips) 
Seat 4: DragonGeorge ($35.85 in chips) 
Seat 5: dt6913 ($27.40 in chips) 
Seat 6: rbonesw ($14 in chips) 
Seat 7: jur7777 ($28.30 in chips) 
Seat 8: KingGraf90 ($36.65 in chips) 
Alameda22: posts small blind $0.10
Xelat1k: posts big blind $0.25
*** HOLE CARDS ***
Dealt to Alameda22 [Qs 4h]
DragonGeorge: calls $0.25
dt6913: folds 
rbonesw: calls $0.25
jur7777: folds 
KingGraf90: folds 
PIYMFD: folds 
Alameda22: folds 
Xelat1k: checks 
*** FLOP *** [2c 5h 4d]
Xelat1k: checks 
DragonGeorge: checks 
rbonesw: checks 
*** TURN *** [2c 5h 4d] [Qh]
Xelat1k: checks 
DragonGeorge: checks 
rbonesw: bets $0.50
Xelat1k: folds 
DragonGeorge: folds 
Uncalled bet ($0.50) returned to rbonesw
rbonesw collected $0.85 from pot
*** SUMMARY ***
Total pot $0.85 | Rake $0 
Board [2c 5h 4d Qh]
Seat 1: PIYMFD (button) folded before Flop (didn't bet)
Seat 2: Alameda22 (small blind) folded before Flop
Seat 3: Xelat1k (big blind) folded on the Turn
Seat 4: DragonGeorge folded on the Turn
Seat 5: dt6913 folded before Flop (didn't bet)
Seat 6: rbonesw collected ($0.85)
Seat 7: jur7777 folded before Flop (didn't bet)
Seat 8: KingGraf90 folded before Flop (didn't bet)



PokerStars Game #19923831340:  Hold'em No Limit ($0.10/$0.25) - 2008/08/26 - 19:58:14 (ET)
Table 'Klytia II' 9-max Seat #2 is the button
Seat 1: PIYMFD ($26.15 in chips) 
Seat 2: Alameda22 ($24.90 in chips) 
Seat 3: Xelat1k ($9.95 in chips) 
Seat 4: DragonGeorge ($35.60 in chips) 
Seat 5: dt6913 ($27.40 in chips) 
Seat 6: rbonesw ($14.60 in chips) 
Seat 7: jur7777 ($28.30 in chips) 
Seat 8: KingGraf90 ($36.65 in chips) 
Xelat1k: posts small blind $0.10
DragonGeorge: posts big blind $0.25
*** HOLE CARDS ***
Dealt to Alameda22 [3s Qh]
dt6913: folds 
rbonesw: folds 
jur7777: raises $0.75 to $1
KingGraf90: folds 
PIYMFD: folds 
Alameda22: folds 
Xelat1k: folds 
DragonGeorge: folds 
Uncalled bet ($0.75) returned to jur7777
jur7777 collected $0.60 from pot
jur7777: doesn't show hand 
*** SUMMARY ***
Total pot $0.60 | Rake $0 
Seat 1: PIYMFD folded before Flop (didn't bet)
Seat 2: Alameda22 (button) folded before Flop (didn't bet)
Seat 3: Xelat1k (small blind) folded before Flop
Seat 4: DragonGeorge (big blind) folded before Flop
Seat 5: dt6913 folded before Flop (didn't bet)
Seat 6: rbonesw folded before Flop (didn't bet)
Seat 7: jur7777 collected ($0.60)
Seat 8: KingGraf90 folded before Flop (didn't bet)



PokerStars Game #19923851779:  Hold'em No Limit ($0.10/$0.25) - 2008/08/26 - 19:59:09 (ET)
Table 'Klytia II' 9-max Seat #3 is the button
Seat 1: PIYMFD ($26.15 in chips) 
Seat 2: Alameda22 ($24.90 in chips) 
Seat 3: Xelat1k ($9.85 in chips) 
Seat 4: DragonGeorge ($35.35 in chips) 
Seat 5: dt6913 ($27.40 in chips) 
Seat 6: rbonesw ($14.60 in chips) 
Seat 7: jur7777 ($28.65 in chips) 
Seat 8: KingGraf90 ($36.65 in chips) 
DragonGeorge: posts small blind $0.10
dt6913: posts big blind $0.25
*** HOLE CARDS ***
Dealt to Alameda22 [5d 4s]
rbonesw: folds 
jur7777: folds 
KingGraf90: folds 
rbonesw leaves the table
PIYMFD: folds 
Alameda22: folds 
Xelat1k: folds 
DragonGeorge: calls $0.15
dt6913: checks 
*** FLOP *** [8s 8h Qc]
DragonGeorge: bets $0.50
dt6913: folds 
Uncalled bet ($0.50) returned to DragonGeorge
DragonGeorge collected $0.50 from pot
DragonGeorge: doesn't show hand 
*** SUMMARY ***
Total pot $0.50 | Rake $0 
Board [8s 8h Qc]
Seat 1: PIYMFD folded before Flop (didn't bet)
Seat 2: Alameda22 folded before Flop (didn't bet)
Seat 3: Xelat1k (button) folded before Flop (didn't bet)
Seat 4: DragonGeorge (small blind) collected ($0.50)
Seat 5: dt6913 (big blind) folded on the Flop
Seat 6: rbonesw folded before Flop (didn't bet)
Seat 7: jur7777 folded before Flop (didn't bet)
Seat 8: KingGraf90 folded before Flop (didn't bet)



PokerStars Game #19923881765:  Hold'em No Limit ($0.10/$0.25) - 2008/08/26 - 20:00:29 (ET)
Table 'Klytia II' 9-max Seat #4 is the button
Seat 1: PIYMFD ($26.15 in chips) 
Seat 2: Alameda22 ($24.90 in chips) 
Seat 3: Xelat1k ($9.85 in chips) 
Seat 4: DragonGeorge ($35.60 in chips) 
Seat 5: dt6913 ($27.15 in chips) 
Seat 7: jur7777 ($28.65 in chips) 
Seat 8: KingGraf90 ($36.65 in chips) 
dt6913: posts small blind $0.10
jur7777: posts big blind $0.25
*** HOLE CARDS ***
Dealt to Alameda22 [4s Jc]
KingGraf90: folds 
PIYMFD: folds 
Alameda22: folds 
Xelat1k: folds 
DragonGeorge: raises $0.25 to $0.50
dt6913: folds 
jur7777: folds 
Uncalled bet ($0.25) returned to DragonGeorge
DragonGeorge collected $0.60 from pot
DragonGeorge: doesn't show hand 
*** SUMMARY ***
Total pot $0.60 | Rake $0 
Seat 1: PIYMFD folded before Flop (didn't bet)
Seat 2: Alameda22 folded before Flop (didn't bet)
Seat 3: Xelat1k folded before Flop (didn't bet)
Seat 4: DragonGeorge (button) collected ($0.60)
Seat 5: dt6913 (small blind) folded before Flop
Seat 7: jur7777 (big blind) folded before Flop
Seat 8: KingGraf90 folded before Flop (didn't bet)



PokerStars Game #19923904408:  Hold'em No Limit ($0.10/$0.25) - 2008/08/26 - 20:01:29 (ET)
Table 'Klytia II' 9-max Seat #5 is the button
Seat 1: PIYMFD ($26.15 in chips) 
Seat 2: Alameda22 ($24.90 in chips) 
Seat 3: Xelat1k ($9.85 in chips) 
Seat 4: DragonGeorge ($35.95 in chips) 
Seat 5: dt6913 ($27.05 in chips) 
Seat 7: jur7777 ($28.40 in chips) 
Seat 8: KingGraf90 ($36.65 in chips) 
jur7777: posts small blind $0.10
KingGraf90: posts big blind $0.25
*** HOLE CARDS ***
Dealt to Alameda22 [Ks Ac]
PIYMFD: folds 
Alameda22: raises $0.50 to $0.75
Xelat1k: folds 
DragonGeorge: folds 
dt6913: folds 
jur7777: folds 
KingGraf90: folds 
Uncalled bet ($0.50) returned to Alameda22
Alameda22 collected $0.60 from pot
Alameda22: doesn't show hand 
*** SUMMARY ***
Total pot $0.60 | Rake $0 
Seat 1: PIYMFD folded before Flop (didn't bet)
Seat 2: Alameda22 collected ($0.60)
Seat 3: Xelat1k folded before Flop (didn't bet)
Seat 4: DragonGeorge folded before Flop (didn't bet)
Seat 5: dt6913 (button) folded before Flop (didn't bet)
Seat 7: jur7777 (small blind) folded before Flop
Seat 8: KingGraf90 (big blind) folded before Flop



PokerStars Game #19923916586:  Hold'em No Limit ($0.10/$0.25) - 2008/08/26 - 20:02:02 (ET)
Table 'Klytia II' 9-max Seat #7 is the button
Seat 1: PIYMFD ($26.15 in chips) 
Seat 2: Alameda22 ($25.25 in chips) 
Seat 3: Xelat1k ($9.85 in chips) 
Seat 4: DragonGeorge ($35.95 in chips) 
Seat 5: dt6913 ($27.05 in chips) 
Seat 7: jur7777 ($28.30 in chips) 
Seat 8: KingGraf90 ($36.40 in chips) 
KingGraf90: posts small blind $0.10
PIYMFD: posts big blind $0.25
*** HOLE CARDS ***
Dealt to Alameda22 [8h 2s]
Alameda22: folds 
Xelat1k: folds 
DragonGeorge: calls $0.25
dt6913: folds 
jur7777: calls $0.25
KingGraf90: raises $1.75 to $2
PIYMFD: folds 
DragonGeorge: folds 
jur7777: folds 
Uncalled bet ($1.75) returned to KingGraf90
KingGraf90 collected $1 from pot
KingGraf90: doesn't show hand 
*** SUMMARY ***
Total pot $1 | Rake $0 
Seat 1: PIYMFD (big blind) folded before Flop
Seat 2: Alameda22 folded before Flop (didn't bet)
Seat 3: Xelat1k folded before Flop (didn't bet)
Seat 4: DragonGeorge folded before Flop
Seat 5: dt6913 folded before Flop (didn't bet)
Seat 7: jur7777 (button) folded before Flop
Seat 8: KingGraf90 (small blind) collected ($1)



PokerStars Game #19923934127:  Hold'em No Limit ($0.10/$0.25) - 2008/08/26 - 20:02:49 (ET)
Table 'Klytia II' 9-max Seat #8 is the button
Seat 1: PIYMFD ($25.90 in chips) 
Seat 2: Alameda22 ($25.25 in chips) 
Seat 3: Xelat1k ($9.85 in chips) 
Seat 4: DragonGeorge ($35.70 in chips) 
Seat 5: dt6913 ($27.05 in chips) 
Seat 7: jur7777 ($28.05 in chips) 
Seat 8: KingGraf90 ($37.15 in chips) 
PIYMFD: posts small blind $0.10
Alameda22: posts big blind $0.25
*** HOLE CARDS ***
Dealt to Alameda22 [Ac Qd]
Xelat1k: folds 
GIRTHANATOR joins the table at seat #6 
DragonGeorge: folds 
dt6913: folds 
jur7777: folds 
KingGraf90: folds 
PIYMFD: folds 
Uncalled bet ($0.15) returned to Alameda22
Alameda22 collected $0.20 from pot
Alameda22: doesn't show hand 
*** SUMMARY ***
Total pot $0.20 | Rake $0 
Seat 1: PIYMFD (small blind) folded before Flop
Seat 2: Alameda22 (big blind) collected ($0.20)
Seat 3: Xelat1k folded before Flop (didn't bet)
Seat 4: DragonGeorge folded before Flop (didn't bet)
Seat 5: dt6913 folded before Flop (didn't bet)
Seat 7: jur7777 folded before Flop (didn't bet)
Seat 8: KingGraf90 (button) folded before Flop (didn't bet)



PokerStars Game #19923949914:  Hold'em No Limit ($0.10/$0.25) - 2008/08/26 - 20:03:30 (ET)
Table 'Klytia II' 9-max Seat #1 is the button
Seat 1: PIYMFD ($25.80 in chips) 
Seat 2: Alameda22 ($25.35 in chips) 
Seat 3: Xelat1k ($9.85 in chips) 
Seat 4: DragonGeorge ($35.70 in chips) 
Seat 5: dt6913 ($27.05 in chips) 
Seat 6: GIRTHANATOR ($6.45 in chips) 
Seat 7: jur7777 ($28.05 in chips) 
Seat 8: KingGraf90 ($37.15 in chips) 
Alameda22: posts small blind $0.10
Xelat1k: posts big blind $0.25
GIRTHANATOR: posts big blind $0.25
*** HOLE CARDS ***
Dealt to Alameda22 [Qs 4s]
DragonGeorge: folds 
dt6913: folds 
GIRTHANATOR: checks 
jur7777: folds 
KingGraf90: folds 
PIYMFD: folds 
Alameda22: folds 
Xelat1k: raises $0.75 to $1
GIRTHANATOR: calls $0.75
*** FLOP *** [8d 5s Ah]
Xelat1k: bets $0.75
GIRTHANATOR: folds 
Uncalled bet ($0.75) returned to Xelat1k
Xelat1k collected $2 from pot
*** SUMMARY ***
Total pot $2.10 | Rake $0.10 
Board [8d 5s Ah]
Seat 1: PIYMFD (button) folded before Flop (didn't bet)
Seat 2: Alameda22 (small blind) folded before Flop
Seat 3: Xelat1k (big blind) collected ($2)
Seat 4: DragonGeorge folded before Flop (didn't bet)
Seat 5: dt6913 folded before Flop (didn't bet)
Seat 6: GIRTHANATOR folded on the Flop
Seat 7: jur7777 folded before Flop (didn't bet)
Seat 8: KingGraf90 folded before Flop (didn't bet)



PokerStars Game #19923970641:  Hold'em No Limit ($0.10/$0.25) - 2008/08/26 - 20:04:26 (ET)
Table 'Klytia II' 9-max Seat #2 is the button
Seat 1: PIYMFD ($25.80 in chips) 
Seat 2: Alameda22 ($25.25 in chips) 
Seat 3: Xelat1k ($10.85 in chips) 
Seat 4: DragonGeorge ($35.70 in chips) 
Seat 5: dt6913 ($27.05 in chips) 
Seat 6: GIRTHANATOR ($5.45 in chips) 
Seat 7: jur7777 ($28.05 in chips) 
Seat 8: KingGraf90 ($37.15 in chips) 
Xelat1k: posts small blind $0.10
DragonGeorge: posts big blind $0.25
*** HOLE CARDS ***
Dealt to Alameda22 [As Qc]
dt6913: calls $0.25
GIRTHANATOR: folds 
jur7777: folds 
KingGraf90: folds 
PIYMFD: folds 
Alameda22: raises $0.75 to $1
Xelat1k: folds 
DragonGeorge: folds 
dt6913: calls $0.75
*** FLOP *** [8d 3c 6d]
dt6913: bets $1.25
Alameda22: folds 
Uncalled bet ($1.25) returned to dt6913
dt6913 collected $2.25 from pot
dt6913: doesn't show hand 
KingGraf90 is connected 
*** SUMMARY ***
Total pot $2.35 | Rake $0.10 
Board [8d 3c 6d]
Seat 1: PIYMFD folded before Flop (didn't bet)
Seat 2: Alameda22 (button) folded on the Flop
Seat 3: Xelat1k (small blind) folded before Flop
Seat 4: DragonGeorge (big blind) folded before Flop
Seat 5: dt6913 collected ($2.25)
Seat 6: GIRTHANATOR folded before Flop (didn't bet)
Seat 7: jur7777 folded before Flop (didn't bet)
Seat 8: KingGraf90 folded before Flop (didn't bet)



PokerStars Game #19923993687:  Hold'em No Limit ($0.10/$0.25) - 2008/08/26 - 20:05:28 (ET)
Table 'Klytia II' 9-max Seat #3 is the button
Seat 1: PIYMFD ($25.80 in chips) 
Seat 2: Alameda22 ($24.25 in chips) 
Seat 3: Xelat1k ($10.75 in chips) 
Seat 4: DragonGeorge ($35.45 in chips) 
Seat 5: dt6913 ($28.30 in chips) 
Seat 6: GIRTHANATOR ($5.45 in chips) 
Seat 7: jur7777 ($28.05 in chips) 
Seat 8: KingGraf90 ($37.15 in chips) 
DragonGeorge: posts small blind $0.10
dt6913: posts big blind $0.25
*** HOLE CARDS ***
Dealt to Alameda22 [Td Kh]
GIRTHANATOR: folds 
GIRTHANATOR leaves the table
jur7777: calls $0.25
KingGraf90: folds 
PIYMFD: folds 
KingGraf90 leaves the table
Alameda22: folds 
Xelat1k: folds 
DragonGeorge: calls $0.15
dt6913: checks 
*** FLOP *** [9c 2c Qs]
DragonGeorge: checks 
dt6913: bets $0.75
jur7777: folds 
DragonGeorge: folds 
Uncalled bet ($0.75) returned to dt6913
dt6913 collected $0.75 from pot
dt6913: doesn't show hand 
DragonGeorge leaves the table
*** SUMMARY ***
Total pot $0.75 | Rake $0 
Board [9c 2c Qs]
Seat 1: PIYMFD folded before Flop (didn't bet)
Seat 2: Alameda22 folded before Flop (didn't bet)
Seat 3: Xelat1k (button) folded before Flop (didn't bet)
Seat 4: DragonGeorge (small blind) folded on the Flop
Seat 5: dt6913 (big blind) collected ($0.75)
Seat 6: GIRTHANATOR folded before Flop (didn't bet)
Seat 7: jur7777 folded on the Flop
Seat 8: KingGraf90 folded before Flop (didn't bet)



PokerStars Game #19924022238:  Hold'em No Limit ($0.10/$0.25) - 2008/08/26 - 20:06:44 (ET)
Table 'Klytia II' 9-max Seat #5 is the button
Seat 1: PIYMFD ($25.80 in chips) 
Seat 2: Alameda22 ($24.25 in chips) 
Seat 3: Xelat1k ($10.75 in chips) 
Seat 5: dt6913 ($28.80 in chips) 
Seat 7: jur7777 ($27.80 in chips) 
jur7777: posts small blind $0.10
PIYMFD: posts big blind $0.25
*** HOLE CARDS ***
Dealt to Alameda22 [2h Ac]
Alameda22: folds 
Xelat1k: folds 
dt6913: folds 
jur7777: folds 
Uncalled bet ($0.15) returned to PIYMFD
PIYMFD collected $0.20 from pot
PIYMFD: doesn't show hand 
*** SUMMARY ***
Total pot $0.20 | Rake $0 
Seat 1: PIYMFD (big blind) collected ($0.20)
Seat 2: Alameda22 folded before Flop (didn't bet)
Seat 3: Xelat1k folded before Flop (didn't bet)
Seat 5: dt6913 (button) folded before Flop (didn't bet)
Seat 7: jur7777 (small blind) folded before Flop



PokerStars Game #19924035696:  Hold'em No Limit ($0.10/$0.25) - 2008/08/26 - 20:07:20 (ET)
Table 'Klytia II' 9-max Seat #7 is the button
Seat 1: PIYMFD ($25.90 in chips) 
Seat 2: Alameda22 ($24.25 in chips) 
Seat 3: Xelat1k ($10.75 in chips) 
Seat 5: dt6913 ($28.80 in chips) 
Seat 7: jur7777 ($27.70 in chips) 
PIYMFD: posts small blind $0.10
Alameda22: posts big blind $0.25
*** HOLE CARDS ***
Dealt to Alameda22 [8h 8d]
OpokpokerO joins the table at seat #6 
Xelat1k has timed out
Xelat1k: folds 
Xelat1k is sitting out
dt6913: calls $0.25
jur7777: folds 
PIYMFD: calls $0.15
Alameda22: checks 
*** FLOP *** [Kd Jd Kh]
PIYMFD: checks 
Xelat1k has returned
Alameda22: checks 
dt6913: checks 
*** TURN *** [Kd Jd Kh] [4d]
PIYMFD: checks 
Alameda22: checks 
dt6913: bets $0.75
PIYMFD: folds 
PIYMFD is sitting out
PIYMFD leaves the table
Alameda22: folds 
Uncalled bet ($0.75) returned to dt6913
dt6913 collected $0.75 from pot
dt6913: doesn't show hand 
*** SUMMARY ***
Total pot $0.75 | Rake $0 
Board [Kd Jd Kh 4d]
Seat 1: PIYMFD (small blind) folded on the Turn
Seat 2: Alameda22 (big blind) folded on the Turn
Seat 3: Xelat1k folded before Flop (didn't bet)
Seat 5: dt6913 collected ($0.75)
Seat 7: jur7777 (button) folded before Flop (didn't bet)



PokerStars Game #19924067554:  Hold'em No Limit ($0.10/$0.25) - 2008/08/26 - 20:08:46 (ET)
Table 'Klytia II' 9-max Seat #2 is the button
Seat 2: Alameda22 ($24 in chips) 
Seat 3: Xelat1k ($10.75 in chips) 
Seat 5: dt6913 ($29.30 in chips) 
Seat 6: OpokpokerO ($15 in chips) 
Seat 7: jur7777 ($27.70 in chips) 
Xelat1k: posts small blind $0.10
dt6913: posts big blind $0.25
OpokpokerO: posts big blind $0.25
*** HOLE CARDS ***
Dealt to Alameda22 [7s 3s]
OpokpokerO: checks 
jur7777: folds 
Alameda22: folds 
Xelat1k: calls $0.15
dt6913: checks 
*** FLOP *** [Jd 7d Js]
Xelat1k: checks 
dt6913: checks 
OpokpokerO: bets $0.25
Xelat1k: folds 
dt6913: folds 
Uncalled bet ($0.25) returned to OpokpokerO
OpokpokerO collected $0.75 from pot
OpokpokerO: doesn't show hand 
*** SUMMARY ***
Total pot $0.75 | Rake $0 
Board [Jd 7d Js]
Seat 2: Alameda22 (button) folded before Flop (didn't bet)
Seat 3: Xelat1k (small blind) folded on the Flop
Seat 5: dt6913 (big blind) folded on the Flop
Seat 6: OpokpokerO collected ($0.75)
Seat 7: jur7777 folded before Flop (didn't bet)



PokerStars Game #19924098056:  Hold'em No Limit ($0.10/$0.25) - 2008/08/26 - 20:10:07 (ET)
Table 'Klytia II' 9-max Seat #3 is the button
Seat 2: Alameda22 ($24 in chips) 
Seat 3: Xelat1k ($10.50 in chips) 
Seat 5: dt6913 ($29.05 in chips) 
Seat 6: OpokpokerO ($15.50 in chips) 
Seat 7: jur7777 ($27.70 in chips) 
dt6913: posts small blind $0.10
OpokpokerO: posts big blind $0.25
*** HOLE CARDS ***
Dealt to Alameda22 [4s 8s]
jur7777: folds 
Alameda22: folds 
Xelat1k: folds 
dt6913: raises $0.75 to $1
OpokpokerO: calls $0.75
*** FLOP *** [Tc 5d 4c]
dt6913: checks 
OpokpokerO: bets $0.25
dt6913: calls $0.25
*** TURN *** [Tc 5d 4c] [7d]
dt6913: checks 
OpokpokerO: bets $0.50
dt6913: folds 
Uncalled bet ($0.50) returned to OpokpokerO
OpokpokerO collected $2.40 from pot
OpokpokerO: doesn't show hand 
*** SUMMARY ***
Total pot $2.50 | Rake $0.10 
Board [Tc 5d 4c 7d]
Seat 2: Alameda22 folded before Flop (didn't bet)
Seat 3: Xelat1k (button) folded before Flop (didn't bet)
Seat 5: dt6913 (small blind) folded on the Turn
Seat 6: OpokpokerO (big blind) collected ($2.40)
Seat 7: jur7777 folded before Flop (didn't bet)



PokerStars Game #19924132819:  Hold'em No Limit ($0.10/$0.25) - 2008/08/26 - 20:11:41 (ET)
Table 'Klytia II' 9-max Seat #5 is the button
Seat 2: Alameda22 ($24 in chips) 
Seat 3: Xelat1k ($10.50 in chips) 
Seat 5: dt6913 ($27.80 in chips) 
Seat 6: OpokpokerO ($16.65 in chips) 
Seat 7: jur7777 ($27.70 in chips) 
OpokpokerO: posts small blind $0.10
jur7777: posts big blind $0.25
*** HOLE CARDS ***
Dealt to Alameda22 [5c 9h]
Alameda22: folds 
Xelat1k: folds 
dt6913: calls $0.25
OpokpokerO: calls $0.15
jur7777: checks 
*** FLOP *** [Js 3c Jd]
OpokpokerO: checks 
jur7777: checks 
dt6913: checks 
*** TURN *** [Js 3c Jd] [3s]
OpokpokerO: bets $0.50
jur7777: folds 
dt6913: folds 
Uncalled bet ($0.50) returned to OpokpokerO
OpokpokerO collected $0.75 from pot
OpokpokerO: doesn't show hand 
*** SUMMARY ***
Total pot $0.75 | Rake $0 
Board [Js 3c Jd 3s]
Seat 2: Alameda22 folded before Flop (didn't bet)
Seat 3: Xelat1k folded before Flop (didn't bet)
Seat 5: dt6913 (button) folded on the Turn
Seat 6: OpokpokerO (small blind) collected ($0.75)
Seat 7: jur7777 (big blind) folded on the Turn



