PokerStars Game #20142272040:  Hold'em No Limit ($0.10/$0.25) - 2008/09/04 13:48:40 ET
Table 'Sponde II' 9-max Seat #7 is the button
Seat 2: kernez ($27.15 in chips) 
Seat 4: Theodor109 ($25.85 in chips) 
Seat 5: aquama ($15.70 in chips) 
Seat 6: pcboi ($38.85 in chips) 
Seat 7: Wiatr ($24.30 in chips) 
Seat 8: TecateJack ($38.90 in chips) 
Seat 9: Alameda22 ($25 in chips) 
TecateJack: posts small blind $0.10
Alameda22: posts big blind $0.25
MAD-522: sits out 
*** HOLE CARDS ***
Dealt to Alameda22 [5d Qs]
kernez: folds 
Theodor109: folds 
aquama: folds 
pcboi: folds 
Wiatr: folds 
TecateJack: folds 
Uncalled bet ($0.15) returned to Alameda22
Alameda22 collected $0.20 from pot
Alameda22: doesn't show hand 
*** SUMMARY ***
Total pot $0.20 | Rake $0 
Seat 2: kernez folded before Flop (didn't bet)
Seat 4: Theodor109 folded before Flop (didn't bet)
Seat 5: aquama folded before Flop (didn't bet)
Seat 6: pcboi folded before Flop (didn't bet)
Seat 7: Wiatr (button) folded before Flop (didn't bet)
Seat 8: TecateJack (small blind) folded before Flop
Seat 9: Alameda22 (big blind) collected ($0.20)



PokerStars Game #20142285236:  Hold'em No Limit ($0.10/$0.25) - 2008/09/04 13:49:12 ET
Table 'Sponde II' 9-max Seat #8 is the button
Seat 3: MAD-522 ($25 in chips) 
Seat 4: Theodor109 ($25.85 in chips) 
Seat 5: aquama ($15.70 in chips) 
Seat 6: pcboi ($38.85 in chips) 
Seat 7: Wiatr ($24.30 in chips) 
Seat 8: TecateJack ($38.80 in chips) 
Seat 9: Alameda22 ($25.10 in chips) 
Alameda22: posts small blind $0.10
kernez: is sitting out 
kernez leaves the table
MAD-522: posts big blind $0.25
*** HOLE CARDS ***
Dealt to Alameda22 [Ah Td]
Theodor109: folds 
aquama: folds 
pcboi: folds 
Wiatr: raises $0.75 to $1
TecateJack: folds 
Alameda22: folds 
MAD-522: folds 
Uncalled bet ($0.75) returned to Wiatr
Wiatr collected $0.60 from pot
Wiatr: doesn't show hand 
*** SUMMARY ***
Total pot $0.60 | Rake $0 
Seat 3: MAD-522 (big blind) folded before Flop
Seat 4: Theodor109 folded before Flop (didn't bet)
Seat 5: aquama folded before Flop (didn't bet)
Seat 6: pcboi folded before Flop (didn't bet)
Seat 7: Wiatr collected ($0.60)
Seat 8: TecateJack (button) folded before Flop (didn't bet)
Seat 9: Alameda22 (small blind) folded before Flop



PokerStars Game #20142302266:  Hold'em No Limit ($0.10/$0.25) - 2008/09/04 13:49:54 ET
Table 'Sponde II' 9-max Seat #9 is the button
Seat 3: MAD-522 ($24.75 in chips) 
Seat 4: Theodor109 ($25.85 in chips) 
Seat 5: aquama ($15.70 in chips) 
Seat 6: pcboi ($38.85 in chips) 
Seat 7: Wiatr ($24.65 in chips) 
Seat 8: TecateJack ($38.80 in chips) 
Seat 9: Alameda22 ($25 in chips) 
MAD-522: posts small blind $0.10
Theodor109: posts big blind $0.25
*** HOLE CARDS ***
Dealt to Alameda22 [Kc 4h]
aquama: folds 
pcboi: folds 
AtrY joins the table at seat #2 
Wiatr: folds 
TecateJack: raises $0.50 to $0.75
Alameda22: folds 
MAD-522: folds 
Theodor109: folds 
Uncalled bet ($0.50) returned to TecateJack
TecateJack collected $0.60 from pot
TecateJack: doesn't show hand 
*** SUMMARY ***
Total pot $0.60 | Rake $0 
Seat 3: MAD-522 (small blind) folded before Flop
Seat 4: Theodor109 (big blind) folded before Flop
Seat 5: aquama folded before Flop (didn't bet)
Seat 6: pcboi folded before Flop (didn't bet)
Seat 7: Wiatr folded before Flop (didn't bet)
Seat 8: TecateJack collected ($0.60)
Seat 9: Alameda22 (button) folded before Flop (didn't bet)



PokerStars Game #20142322059:  Hold'em No Limit ($0.10/$0.25) - 2008/09/04 13:50:43 ET
Table 'Sponde II' 9-max Seat #3 is the button
Seat 3: MAD-522 ($24.65 in chips) 
Seat 4: Theodor109 ($25.60 in chips) 
Seat 5: aquama ($15.70 in chips) 
Seat 6: pcboi ($38.85 in chips) 
Seat 7: Wiatr ($24.65 in chips) 
Seat 8: TecateJack ($39.15 in chips) 
Seat 9: Alameda22 ($25 in chips) 
Theodor109: posts small blind $0.10
aquama: posts big blind $0.25
AtrY: sits out 
*** HOLE CARDS ***
Dealt to Alameda22 [Js 2h]
pcboi: folds 
Wiatr: folds 
TecateJack: folds 
Alameda22: folds 
MAD-522: folds 
Theodor109: folds 
Uncalled bet ($0.15) returned to aquama
aquama collected $0.20 from pot
aquama: doesn't show hand 
*** SUMMARY ***
Total pot $0.20 | Rake $0 
Seat 3: MAD-522 (button) folded before Flop (didn't bet)
Seat 4: Theodor109 (small blind) folded before Flop
Seat 5: aquama (big blind) collected ($0.20)
Seat 6: pcboi folded before Flop (didn't bet)
Seat 7: Wiatr folded before Flop (didn't bet)
Seat 8: TecateJack folded before Flop (didn't bet)
Seat 9: Alameda22 folded before Flop (didn't bet)



PokerStars Game #20142337436:  Hold'em No Limit ($0.10/$0.25) - 2008/09/04 13:51:21 ET
Table 'Sponde II' 9-max Seat #4 is the button
Seat 3: MAD-522 ($24.65 in chips) 
Seat 4: Theodor109 ($25.50 in chips) 
Seat 5: aquama ($15.80 in chips) 
Seat 6: pcboi ($38.85 in chips) 
Seat 7: Wiatr ($24.65 in chips) 
Seat 8: TecateJack ($39.15 in chips) 
Seat 9: Alameda22 ($25 in chips) 
aquama: posts small blind $0.10
pcboi: posts big blind $0.25
AtrY: sits out 
*** HOLE CARDS ***
Dealt to Alameda22 [Jd 8c]
Wiatr: folds 
TecateJack: folds 
Alameda22: folds 
MAD-522: folds 
Theodor109: folds 
aquama: folds 
Uncalled bet ($0.15) returned to pcboi
pcboi collected $0.20 from pot
pcboi: doesn't show hand 
*** SUMMARY ***
Total pot $0.20 | Rake $0 
Seat 3: MAD-522 folded before Flop (didn't bet)
Seat 4: Theodor109 (button) folded before Flop (didn't bet)
Seat 5: aquama (small blind) folded before Flop
Seat 6: pcboi (big blind) collected ($0.20)
Seat 7: Wiatr folded before Flop (didn't bet)
Seat 8: TecateJack folded before Flop (didn't bet)
Seat 9: Alameda22 folded before Flop (didn't bet)



PokerStars Game #20142347703:  Hold'em No Limit ($0.10/$0.25) - 2008/09/04 13:51:46 ET
Table 'Sponde II' 9-max Seat #5 is the button
Seat 3: MAD-522 ($24.65 in chips) 
Seat 4: Theodor109 ($25.50 in chips) 
Seat 5: aquama ($15.70 in chips) 
Seat 6: pcboi ($38.95 in chips) 
Seat 7: Wiatr ($24.65 in chips) 
Seat 8: TecateJack ($39.15 in chips) 
Seat 9: Alameda22 ($25 in chips) 
pcboi: posts small blind $0.10
Wiatr: posts big blind $0.25
AtrY: sits out 
*** HOLE CARDS ***
Dealt to Alameda22 [5s 7h]
TecateJack: folds 
Alameda22: folds 
MAD-522: folds 
Theodor109: raises $0.75 to $1
aquama: calls $1
pcboi: folds 
Wiatr: folds 
*** FLOP *** [Kh 9s 7d]
Theodor109: checks 
aquama: bets $1.50
koba|nrw has returned
Theodor109: folds 
Uncalled bet ($1.50) returned to aquama
aquama collected $2.25 from pot
aquama: doesn't show hand 
*** SUMMARY ***
Total pot $2.35 | Rake $0.10 
Board [Kh 9s 7d]
Seat 3: MAD-522 folded before Flop (didn't bet)
Seat 4: Theodor109 folded on the Flop
Seat 5: aquama (button) collected ($2.25)
Seat 6: pcboi (small blind) folded before Flop
Seat 7: Wiatr (big blind) folded before Flop
Seat 8: TecateJack folded before Flop (didn't bet)
Seat 9: Alameda22 folded before Flop (didn't bet)



PokerStars Game #20142372846:  Hold'em No Limit ($0.10/$0.25) - 2008/09/04 13:52:48 ET
Table 'Sponde II' 9-max Seat #6 is the button
Seat 3: MAD-522 ($24.65 in chips) 
Seat 4: Theodor109 ($25 in chips) 
Seat 5: aquama ($16.95 in chips) 
Seat 6: pcboi ($38.85 in chips) 
Seat 7: Wiatr ($24.40 in chips) 
Seat 8: TecateJack ($39.15 in chips) 
Seat 9: Alameda22 ($25 in chips) 
Wiatr: posts small blind $0.10
TecateJack: posts big blind $0.25
koba|nrw has timed out
koba|nrw: is sitting out 
AtrY: sits out 
*** HOLE CARDS ***
Dealt to Alameda22 [8c Ah]
Alameda22: folds 
MAD-522: folds 
Theodor109: folds 
aquama: folds 
pcboi: folds 
Wiatr: folds 
Uncalled bet ($0.15) returned to TecateJack
TecateJack collected $0.20 from pot
TecateJack: doesn't show hand 
*** SUMMARY ***
Total pot $0.20 | Rake $0 
Seat 3: MAD-522 folded before Flop (didn't bet)
Seat 4: Theodor109 folded before Flop (didn't bet)
Seat 5: aquama folded before Flop (didn't bet)
Seat 6: pcboi (button) folded before Flop (didn't bet)
Seat 7: Wiatr (small blind) folded before Flop
Seat 8: TecateJack (big blind) collected ($0.20)
Seat 9: Alameda22 folded before Flop (didn't bet)



PokerStars Game #20142399040:  Hold'em No Limit ($0.10/$0.25) - 2008/09/04 13:53:54 ET
Table 'Sponde II' 9-max Seat #7 is the button
Seat 3: MAD-522 ($24.65 in chips) 
Seat 4: Theodor109 ($25 in chips) 
Seat 5: aquama ($16.95 in chips) 
Seat 6: pcboi ($38.85 in chips) 
Seat 7: Wiatr ($24.30 in chips) 
Seat 8: TecateJack ($39.25 in chips) 
Seat 9: Alameda22 ($25 in chips) 
TecateJack: posts small blind $0.10
Alameda22: posts big blind $0.25
AtrY: sits out 
*** HOLE CARDS ***
Dealt to Alameda22 [3d Ad]
koba|nrw leaves the table
MAD-522: folds 
Theodor109: folds 
aquama: folds 
pcboi: folds 
Wiatr: folds 
TecateJack: folds 
Uncalled bet ($0.15) returned to Alameda22
Alameda22 collected $0.20 from pot
Alameda22: doesn't show hand 
*** SUMMARY ***
Total pot $0.20 | Rake $0 
Seat 3: MAD-522 folded before Flop (didn't bet)
Seat 4: Theodor109 folded before Flop (didn't bet)
Seat 5: aquama folded before Flop (didn't bet)
Seat 6: pcboi folded before Flop (didn't bet)
Seat 7: Wiatr (button) folded before Flop (didn't bet)
Seat 8: TecateJack (small blind) folded before Flop
Seat 9: Alameda22 (big blind) collected ($0.20)



PokerStars Game #20142419092:  Hold'em No Limit ($0.10/$0.25) - 2008/09/04 13:54:44 ET
Table 'Sponde II' 9-max Seat #8 is the button
Seat 2: AtrY ($25 in chips) 
Seat 3: MAD-522 ($24.65 in chips) 
Seat 4: Theodor109 ($25 in chips) 
Seat 5: aquama ($16.95 in chips) 
Seat 6: pcboi ($38.85 in chips) 
Seat 7: Wiatr ($24.30 in chips) 
Seat 8: TecateJack ($39.15 in chips) 
Seat 9: Alameda22 ($25.10 in chips) 
Alameda22: posts small blind $0.10
AtrY: posts big blind $0.25
*** HOLE CARDS ***
Dealt to Alameda22 [4c 2c]
MAD-522: folds 
Theodor109: folds 
aquama: calls $0.25
pcboi: folds 
Wiatr: folds 
TecateJack: folds 
Alameda22: folds 
AtrY: checks 
*** FLOP *** [Kd Td Th]
AtrY: checks 
aquama: bets $0.50
AtrY: folds 
Uncalled bet ($0.50) returned to aquama
aquama collected $0.60 from pot
aquama: doesn't show hand 
*** SUMMARY ***
Total pot $0.60 | Rake $0 
Board [Kd Td Th]
Seat 2: AtrY (big blind) folded on the Flop
Seat 3: MAD-522 folded before Flop (didn't bet)
Seat 4: Theodor109 folded before Flop (didn't bet)
Seat 5: aquama collected ($0.60)
Seat 6: pcboi folded before Flop (didn't bet)
Seat 7: Wiatr folded before Flop (didn't bet)
Seat 8: TecateJack (button) folded before Flop (didn't bet)
Seat 9: Alameda22 (small blind) folded before Flop



PokerStars Game #20142448602:  Hold'em No Limit ($0.10/$0.25) - 2008/09/04 13:56:02 ET
Table 'Sponde II' 9-max Seat #9 is the button
Seat 2: AtrY ($24.75 in chips) 
Seat 3: MAD-522 ($24.65 in chips) 
Seat 4: Theodor109 ($25 in chips) 
Seat 5: aquama ($17.30 in chips) 
Seat 6: pcboi ($38.85 in chips) 
Seat 7: Wiatr ($24.30 in chips) 
Seat 8: TecateJack ($39.15 in chips) 
Seat 9: Alameda22 ($25 in chips) 
AtrY: posts small blind $0.10
MAD-522: posts big blind $0.25
*** HOLE CARDS ***
Dealt to Alameda22 [9c 8s]
Theodor109: folds 
aquama: calls $0.25
pcboi: folds 
Wiatr: folds 
TecateJack: folds 
Alameda22: folds 
AtrY: folds 
MAD-522: checks 
*** FLOP *** [7d 5h 3d]
MAD-522: checks 
aquama: checks 
*** TURN *** [7d 5h 3d] [4d]
MAD-522: bets $0.50
aquama: folds 
Uncalled bet ($0.50) returned to MAD-522
MAD-522 collected $0.60 from pot
MAD-522: doesn't show hand 
*** SUMMARY ***
Total pot $0.60 | Rake $0 
Board [7d 5h 3d 4d]
Seat 2: AtrY (small blind) folded before Flop
Seat 3: MAD-522 (big blind) collected ($0.60)
Seat 4: Theodor109 folded before Flop (didn't bet)
Seat 5: aquama folded on the Turn
Seat 6: pcboi folded before Flop (didn't bet)
Seat 7: Wiatr folded before Flop (didn't bet)
Seat 8: TecateJack folded before Flop (didn't bet)
Seat 9: Alameda22 (button) folded before Flop (didn't bet)



PokerStars Game #20142469000:  Hold'em No Limit ($0.10/$0.25) - 2008/09/04 13:56:54 ET
Table 'Sponde II' 9-max Seat #2 is the button
Seat 2: AtrY ($24.65 in chips) 
Seat 3: MAD-522 ($25 in chips) 
Seat 4: Theodor109 ($25 in chips) 
Seat 5: aquama ($17.05 in chips) 
Seat 6: pcboi ($38.85 in chips) 
Seat 7: Wiatr ($24.30 in chips) 
Seat 8: TecateJack ($39.15 in chips) 
Seat 9: Alameda22 ($25 in chips) 
MAD-522: posts small blind $0.10
Theodor109: posts big blind $0.25
*** HOLE CARDS ***
Dealt to Alameda22 [Ah 9s]
aquama: folds 
pcboi: folds 
Wiatr: folds 
TecateJack: folds 
Alameda22: folds 
AtrY: raises $0.75 to $1
MAD-522: folds 
Theodor109: raises $2.50 to $3.50
AtrY: folds 
Uncalled bet ($2.50) returned to Theodor109
Theodor109 collected $2.10 from pot
Theodor109: doesn't show hand 
*** SUMMARY ***
Total pot $2.10 | Rake $0 
Seat 2: AtrY (button) folded before Flop
Seat 3: MAD-522 (small blind) folded before Flop
Seat 4: Theodor109 (big blind) collected ($2.10)
Seat 5: aquama folded before Flop (didn't bet)
Seat 6: pcboi folded before Flop (didn't bet)
Seat 7: Wiatr folded before Flop (didn't bet)
Seat 8: TecateJack folded before Flop (didn't bet)
Seat 9: Alameda22 folded before Flop (didn't bet)



PokerStars Game #20142494533:  Hold'em No Limit ($0.10/$0.25) - 2008/09/04 13:57:58 ET
Table 'Sponde II' 9-max Seat #3 is the button
Seat 2: AtrY ($23.65 in chips) 
Seat 3: MAD-522 ($24.90 in chips) 
Seat 4: Theodor109 ($26.10 in chips) 
Seat 5: aquama ($17.05 in chips) 
Seat 6: pcboi ($38.85 in chips) 
Seat 7: Wiatr ($24.30 in chips) 
Seat 8: TecateJack ($39.15 in chips) 
Seat 9: Alameda22 ($25 in chips) 
Theodor109: posts small blind $0.10
aquama: posts big blind $0.25
*** HOLE CARDS ***
Dealt to Alameda22 [Ad Td]
pcboi: folds 
Wiatr: folds 
TecateJack: folds 
Alameda22: folds 
AtrY: folds 
MAD-522: raises $0.50 to $0.75
Theodor109: folds 
aquama: folds 
Uncalled bet ($0.50) returned to MAD-522
MAD-522 collected $0.60 from pot
MAD-522: doesn't show hand 
*** SUMMARY ***
Total pot $0.60 | Rake $0 
Seat 2: AtrY folded before Flop (didn't bet)
Seat 3: MAD-522 (button) collected ($0.60)
Seat 4: Theodor109 (small blind) folded before Flop
Seat 5: aquama (big blind) folded before Flop
Seat 6: pcboi folded before Flop (didn't bet)
Seat 7: Wiatr folded before Flop (didn't bet)
Seat 8: TecateJack folded before Flop (didn't bet)
Seat 9: Alameda22 folded before Flop (didn't bet)



PokerStars Game #20142514498:  Hold'em No Limit ($0.10/$0.25) - 2008/09/04 13:58:49 ET
Table 'Sponde II' 9-max Seat #4 is the button
Seat 2: AtrY ($23.65 in chips) 
Seat 3: MAD-522 ($25.25 in chips) 
Seat 4: Theodor109 ($26 in chips) 
Seat 5: aquama ($16.80 in chips) 
Seat 6: pcboi ($38.85 in chips) 
Seat 7: Wiatr ($24.30 in chips) 
Seat 8: TecateJack ($39.15 in chips) 
Seat 9: Alameda22 ($25 in chips) 
aquama: posts small blind $0.10
pcboi: posts big blind $0.25
*** HOLE CARDS ***
Dealt to Alameda22 [4d Ks]
Wiatr: folds 
TecateJack: folds 
Alameda22: folds 
AtrY: folds 
MAD-522: folds 
Theodor109: folds 
aquama: calls $0.15
pcboi: checks 
*** FLOP *** [Td 4c Qs]
aquama: bets $0.25
pcboi: folds 
Uncalled bet ($0.25) returned to aquama
aquama collected $0.50 from pot
aquama: doesn't show hand 
*** SUMMARY ***
Total pot $0.50 | Rake $0 
Board [Td 4c Qs]
Seat 2: AtrY folded before Flop (didn't bet)
Seat 3: MAD-522 folded before Flop (didn't bet)
Seat 4: Theodor109 (button) folded before Flop (didn't bet)
Seat 5: aquama (small blind) collected ($0.50)
Seat 6: pcboi (big blind) folded on the Flop
Seat 7: Wiatr folded before Flop (didn't bet)
Seat 8: TecateJack folded before Flop (didn't bet)
Seat 9: Alameda22 folded before Flop (didn't bet)



PokerStars Game #20142533696:  Hold'em No Limit ($0.10/$0.25) - 2008/09/04 13:59:38 ET
Table 'Sponde II' 9-max Seat #5 is the button
Seat 2: AtrY ($23.65 in chips) 
Seat 3: MAD-522 ($25.25 in chips) 
Seat 4: Theodor109 ($26 in chips) 
Seat 5: aquama ($17.05 in chips) 
Seat 6: pcboi ($38.60 in chips) 
Seat 7: Wiatr ($24.30 in chips) 
Seat 8: TecateJack ($39.15 in chips) 
Seat 9: Alameda22 ($25 in chips) 
pcboi: posts small blind $0.10
Wiatr: posts big blind $0.25
*** HOLE CARDS ***
Dealt to Alameda22 [Qc 7h]
TecateJack: folds 
Alameda22: folds 
AtrY: raises $0.75 to $1
MAD-522: folds 
Theodor109: raises $2.50 to $3.50
aquama: folds 
Taco100 joins the table at seat #1 
pcboi: folds 
Wiatr: folds 
AtrY: folds 
Uncalled bet ($2.50) returned to Theodor109
Theodor109 collected $2.35 from pot
Theodor109: doesn't show hand 
*** SUMMARY ***
Total pot $2.35 | Rake $0 
Seat 2: AtrY folded before Flop
Seat 3: MAD-522 folded before Flop (didn't bet)
Seat 4: Theodor109 collected ($2.35)
Seat 5: aquama (button) folded before Flop (didn't bet)
Seat 6: pcboi (small blind) folded before Flop
Seat 7: Wiatr (big blind) folded before Flop
Seat 8: TecateJack folded before Flop (didn't bet)
Seat 9: Alameda22 folded before Flop (didn't bet)



PokerStars Game #20142560379:  Hold'em No Limit ($0.10/$0.25) - 2008/09/04 14:00:43 ET
Table 'Sponde II' 9-max Seat #6 is the button
Seat 1: Taco100 ($25 in chips) 
Seat 2: AtrY ($25 in chips) 
Seat 3: MAD-522 ($25.25 in chips) 
Seat 4: Theodor109 ($27.35 in chips) 
Seat 5: aquama ($17.05 in chips) 
Seat 6: pcboi ($38.50 in chips) 
Seat 7: Wiatr ($24.05 in chips) 
Seat 8: TecateJack ($39.15 in chips) 
Seat 9: Alameda22 ($25 in chips) 
Wiatr: posts small blind $0.10
TecateJack: posts big blind $0.25
Taco100: posts big blind $0.25
*** HOLE CARDS ***
Dealt to Alameda22 [Tc Jd]
Alameda22: folds 
Taco100: checks 
AtrY: raises $1 to $1.25
MAD-522: raises $2.75 to $4
Theodor109: folds 
aquama: folds 
pcboi: folds 
pcboi is sitting out
Wiatr: folds 
TecateJack: folds 
Taco100: folds 
AtrY: calls $2.75
*** FLOP *** [Jc 6s Js]
AtrY: checks 
MAD-522: bets $5
AtrY: folds 
Uncalled bet ($5) returned to MAD-522
MAD-522 collected $8.20 from pot
MAD-522: doesn't show hand 
*** SUMMARY ***
Total pot $8.60 | Rake $0.40 
Board [Jc 6s Js]
Seat 1: Taco100 folded before Flop
Seat 2: AtrY folded on the Flop
Seat 3: MAD-522 collected ($8.20)
Seat 4: Theodor109 folded before Flop (didn't bet)
Seat 5: aquama folded before Flop (didn't bet)
Seat 6: pcboi (button) folded before Flop (didn't bet)
Seat 7: Wiatr (small blind) folded before Flop
Seat 8: TecateJack (big blind) folded before Flop
Seat 9: Alameda22 folded before Flop (didn't bet)



PokerStars Game #20142602330:  Hold'em No Limit ($0.10/$0.25) - 2008/09/04 14:02:26 ET
Table 'Sponde II' 9-max Seat #7 is the button
Seat 1: Taco100 ($24.75 in chips) 
Seat 2: AtrY ($25 in chips) 
Seat 3: MAD-522 ($29.45 in chips) 
Seat 4: Theodor109 ($27.35 in chips) 
Seat 5: aquama ($17.05 in chips) 
Seat 7: Wiatr ($23.95 in chips) 
Seat 8: TecateJack ($38.90 in chips) 
Seat 9: Alameda22 ($25 in chips) 
TecateJack: posts small blind $0.10
Alameda22: posts big blind $0.25
*** HOLE CARDS ***
Dealt to Alameda22 [3s Kd]
Taco100: folds 
AtrY: folds 
MAD-522: folds 
Theodor109: folds 
aquama: folds 
Wiatr: raises $0.50 to $0.75
TecateJack: folds 
Alameda22: folds 
Uncalled bet ($0.50) returned to Wiatr
Wiatr collected $0.60 from pot
Wiatr: doesn't show hand 
*** SUMMARY ***
Total pot $0.60 | Rake $0 
Seat 1: Taco100 folded before Flop (didn't bet)
Seat 2: AtrY folded before Flop (didn't bet)
Seat 3: MAD-522 folded before Flop (didn't bet)
Seat 4: Theodor109 folded before Flop (didn't bet)
Seat 5: aquama folded before Flop (didn't bet)
Seat 7: Wiatr (button) collected ($0.60)
Seat 8: TecateJack (small blind) folded before Flop
Seat 9: Alameda22 (big blind) folded before Flop



PokerStars Game #20142621850:  Hold'em No Limit ($0.10/$0.25) - 2008/09/04 14:03:14 ET
Table 'Sponde II' 9-max Seat #8 is the button
Seat 1: Taco100 ($24.75 in chips) 
Seat 2: AtrY ($25 in chips) 
Seat 3: MAD-522 ($29.45 in chips) 
Seat 4: Theodor109 ($27.35 in chips) 
Seat 5: aquama ($17.05 in chips) 
Seat 7: Wiatr ($24.30 in chips) 
Seat 8: TecateJack ($38.80 in chips) 
Seat 9: Alameda22 ($24.75 in chips) 
Alameda22: posts small blind $0.10
Taco100: posts big blind $0.25
*** HOLE CARDS ***
Dealt to Alameda22 [7d Qs]
AtrY: folds 
MAD-522: folds 
Theodor109: folds 
aquama: calls $0.25
Wiatr: raises $0.95 to $1.20
TecateJack: folds 
Alameda22: folds 
Taco100: folds 
aquama: folds 
Uncalled bet ($0.95) returned to Wiatr
Wiatr collected $0.85 from pot
Wiatr: doesn't show hand 
*** SUMMARY ***
Total pot $0.85 | Rake $0 
Seat 1: Taco100 (big blind) folded before Flop
Seat 2: AtrY folded before Flop (didn't bet)
Seat 3: MAD-522 folded before Flop (didn't bet)
Seat 4: Theodor109 folded before Flop (didn't bet)
Seat 5: aquama folded before Flop
Seat 7: Wiatr collected ($0.85)
Seat 8: TecateJack (button) folded before Flop (didn't bet)
Seat 9: Alameda22 (small blind) folded before Flop



PokerStars Game #20142654698:  Hold'em No Limit ($0.10/$0.25) - 2008/09/04 14:04:34 ET
Table 'Sponde II' 9-max Seat #9 is the button
Seat 1: Taco100 ($24.50 in chips) 
Seat 2: AtrY ($25 in chips) 
Seat 3: MAD-522 ($29.45 in chips) 
Seat 4: Theodor109 ($27.35 in chips) 
Seat 5: aquama ($16.80 in chips) 
Seat 7: Wiatr ($24.90 in chips) 
Seat 8: TecateJack ($38.80 in chips) 
Seat 9: Alameda22 ($24.65 in chips) 
Taco100: posts small blind $0.10
AtrY: posts big blind $0.25
*** HOLE CARDS ***
Dealt to Alameda22 [4c 9c]
MAD-522: folds 
Theodor109: folds 
aquama: calls $0.25
Wiatr: folds 
TecateJack: folds 
Alameda22: folds 
Taco100: calls $0.15
AtrY: checks 
*** FLOP *** [2h 6c 5c]
Taco100: checks 
AtrY: checks 
aquama: bets $0.50
Taco100: folds 
AtrY: folds 
Uncalled bet ($0.50) returned to aquama
aquama collected $0.75 from pot
aquama: doesn't show hand 
*** SUMMARY ***
Total pot $0.75 | Rake $0 
Board [2h 6c 5c]
Seat 1: Taco100 (small blind) folded on the Flop
Seat 2: AtrY (big blind) folded on the Flop
Seat 3: MAD-522 folded before Flop (didn't bet)
Seat 4: Theodor109 folded before Flop (didn't bet)
Seat 5: aquama collected ($0.75)
Seat 7: Wiatr folded before Flop (didn't bet)
Seat 8: TecateJack folded before Flop (didn't bet)
Seat 9: Alameda22 (button) folded before Flop (didn't bet)



PokerStars Game #20142690963:  Hold'em No Limit ($0.10/$0.25) - 2008/09/04 14:06:02 ET
Table 'Sponde II' 9-max Seat #1 is the button
Seat 1: Taco100 ($24.25 in chips) 
Seat 2: AtrY ($24.75 in chips) 
Seat 3: MAD-522 ($29.45 in chips) 
Seat 4: Theodor109 ($27.35 in chips) 
Seat 5: aquama ($17.30 in chips) 
Seat 7: Wiatr ($24.90 in chips) 
Seat 8: TecateJack ($38.80 in chips) 
Seat 9: Alameda22 ($24.65 in chips) 
AtrY: posts small blind $0.10
MAD-522: posts big blind $0.25
*** HOLE CARDS ***
Dealt to Alameda22 [2d Jc]
Theodor109: folds 
aquama: folds 
Wiatr: folds 
TecateJack: folds 
Alameda22: folds 
Taco100: folds 
AtrY: folds 
Uncalled bet ($0.15) returned to MAD-522
MAD-522 collected $0.20 from pot
MAD-522: doesn't show hand 
*** SUMMARY ***
Total pot $0.20 | Rake $0 
Seat 1: Taco100 (button) folded before Flop (didn't bet)
Seat 2: AtrY (small blind) folded before Flop
Seat 3: MAD-522 (big blind) collected ($0.20)
Seat 4: Theodor109 folded before Flop (didn't bet)
Seat 5: aquama folded before Flop (didn't bet)
Seat 7: Wiatr folded before Flop (didn't bet)
Seat 8: TecateJack folded before Flop (didn't bet)
Seat 9: Alameda22 folded before Flop (didn't bet)



PokerStars Game #20142707603:  Hold'em No Limit ($0.10/$0.25) - 2008/09/04 14:06:42 ET
Table 'Sponde II' 9-max Seat #2 is the button
Seat 1: Taco100 ($24.25 in chips) 
Seat 2: AtrY ($24.65 in chips) 
Seat 3: MAD-522 ($29.55 in chips) 
Seat 4: Theodor109 ($27.35 in chips) 
Seat 5: aquama ($17.30 in chips) 
Seat 7: Wiatr ($24.90 in chips) 
Seat 8: TecateJack ($38.80 in chips) 
Seat 9: Alameda22 ($24.65 in chips) 
MAD-522: posts small blind $0.10
Theodor109: posts big blind $0.25
*** HOLE CARDS ***
Dealt to Alameda22 [Jc Ah]
aquama: folds 
Wiatr: folds 
TecateJack: folds 
Alameda22: folds 
Taco100: raises $0.50 to $0.75
AtrY: folds 
MAD-522: folds 
Theodor109: folds 
Uncalled bet ($0.50) returned to Taco100
Taco100 collected $0.60 from pot
*** SUMMARY ***
Total pot $0.60 | Rake $0 
Seat 1: Taco100 collected ($0.60)
Seat 2: AtrY (button) folded before Flop (didn't bet)
Seat 3: MAD-522 (small blind) folded before Flop
Seat 4: Theodor109 (big blind) folded before Flop
Seat 5: aquama folded before Flop (didn't bet)
Seat 7: Wiatr folded before Flop (didn't bet)
Seat 8: TecateJack folded before Flop (didn't bet)
Seat 9: Alameda22 folded before Flop (didn't bet)



PokerStars Game #20142721145:  Hold'em No Limit ($0.10/$0.25) - 2008/09/04 14:07:15 ET
Table 'Sponde II' 9-max Seat #3 is the button
Seat 1: Taco100 ($24.60 in chips) 
Seat 2: AtrY ($24.65 in chips) 
Seat 3: MAD-522 ($29.45 in chips) 
Seat 4: Theodor109 ($27.10 in chips) 
Seat 5: aquama ($17.30 in chips) 
Seat 7: Wiatr ($24.90 in chips) 
Seat 8: TecateJack ($38.80 in chips) 
Seat 9: Alameda22 ($24.65 in chips) 
Theodor109: posts small blind $0.10
aquama: posts big blind $0.25
*** HOLE CARDS ***
Dealt to Alameda22 [6h 8h]
Wiatr: folds 
TecateJack: folds 
Alameda22: folds 
Taco100: folds 
AtrY: folds 
MAD-522: folds 
Theodor109: raises $0.50 to $0.75
aquama: raises $0.75 to $1.50
Theodor109: calls $0.75
*** FLOP *** [Jh 5c Td]
Theodor109: checks 
aquama: bets $1.75
Theodor109: folds 
Uncalled bet ($1.75) returned to aquama
aquama collected $2.85 from pot
aquama: doesn't show hand 
*** SUMMARY ***
Total pot $3 | Rake $0.15 
Board [Jh 5c Td]
Seat 1: Taco100 folded before Flop (didn't bet)
Seat 2: AtrY folded before Flop (didn't bet)
Seat 3: MAD-522 (button) folded before Flop (didn't bet)
Seat 4: Theodor109 (small blind) folded on the Flop
Seat 5: aquama (big blind) collected ($2.85)
Seat 7: Wiatr folded before Flop (didn't bet)
Seat 8: TecateJack folded before Flop (didn't bet)
Seat 9: Alameda22 folded before Flop (didn't bet)



PokerStars Game #20142742058:  Hold'em No Limit ($0.10/$0.25) - 2008/09/04 14:08:06 ET
Table 'Sponde II' 9-max Seat #4 is the button
Seat 1: Taco100 ($24.60 in chips) 
Seat 2: AtrY ($24.65 in chips) 
Seat 3: MAD-522 ($29.45 in chips) 
Seat 4: Theodor109 ($25.60 in chips) 
Seat 5: aquama ($18.65 in chips) 
Seat 7: Wiatr ($24.90 in chips) 
Seat 8: TecateJack ($38.80 in chips) 
Seat 9: Alameda22 ($24.65 in chips) 
aquama: posts small blind $0.10
Wiatr: posts big blind $0.25
*** HOLE CARDS ***
Dealt to Alameda22 [Qh 4h]
TecateJack: folds 
Alameda22: folds 
Taco100: folds 
AtrY: folds 
MAD-522: raises $0.50 to $0.75
Theodor109: folds 
aquama: folds 
Wiatr: folds 
Uncalled bet ($0.50) returned to MAD-522
TecateJack is sitting out
MAD-522 collected $0.60 from pot
MAD-522: doesn't show hand 
*** SUMMARY ***
Total pot $0.60 | Rake $0 
Seat 1: Taco100 folded before Flop (didn't bet)
Seat 2: AtrY folded before Flop (didn't bet)
Seat 3: MAD-522 collected ($0.60)
Seat 4: Theodor109 (button) folded before Flop (didn't bet)
Seat 5: aquama (small blind) folded before Flop
Seat 7: Wiatr (big blind) folded before Flop
Seat 8: TecateJack folded before Flop (didn't bet)
Seat 9: Alameda22 folded before Flop (didn't bet)



PokerStars Game #20142755847:  Hold'em No Limit ($0.10/$0.25) - 2008/09/04 14:08:39 ET
Table 'Sponde II' 9-max Seat #5 is the button
Seat 1: Taco100 ($24.60 in chips) 
Seat 2: AtrY ($24.65 in chips) 
Seat 3: MAD-522 ($29.80 in chips) 
Seat 4: Theodor109 ($25.60 in chips) 
Seat 5: aquama ($18.55 in chips) 
Seat 7: Wiatr ($24.65 in chips) 
Seat 9: Alameda22 ($24.65 in chips) 
Wiatr: posts small blind $0.10
Alameda22: posts big blind $0.25
*** HOLE CARDS ***
Dealt to Alameda22 [7d 8h]
Taco100: calls $0.25
AtrY: folds 
MAD-522: folds 
Theodor109: calls $0.25
aquama: folds 
Wiatr: folds 
Alameda22: checks 
*** FLOP *** [Qd 5s 4d]
TecateJack leaves the table
Alameda22: checks 
Taco100: checks 
Theodor109: bets $0.75
Alameda22: folds 
Taco100: folds 
Uncalled bet ($0.75) returned to Theodor109
Theodor109 collected $0.85 from pot
Theodor109: doesn't show hand 
*** SUMMARY ***
Total pot $0.85 | Rake $0 
Board [Qd 5s 4d]
Seat 1: Taco100 folded on the Flop
Seat 2: AtrY folded before Flop (didn't bet)
Seat 3: MAD-522 folded before Flop (didn't bet)
Seat 4: Theodor109 collected ($0.85)
Seat 5: aquama (button) folded before Flop (didn't bet)
Seat 7: Wiatr (small blind) folded before Flop
Seat 9: Alameda22 (big blind) folded on the Flop



PokerStars Game #20142779552:  Hold'em No Limit ($0.10/$0.25) - 2008/09/04 14:09:36 ET
Table 'Sponde II' 9-max Seat #7 is the button
Seat 1: Taco100 ($24.35 in chips) 
Seat 2: AtrY ($24.65 in chips) 
Seat 3: MAD-522 ($29.80 in chips) 
Seat 4: Theodor109 ($26.20 in chips) 
Seat 5: aquama ($18.55 in chips) 
Seat 7: Wiatr ($24.55 in chips) 
Seat 9: Alameda22 ($24.40 in chips) 
Alameda22: posts small blind $0.10
Taco100: posts big blind $0.25
*** HOLE CARDS ***
Dealt to Alameda22 [As 8c]
AtrY: folds 
MAD-522: folds 
Theodor109: folds 
aquama: folds 
Wiatr: folds 
Alameda22: folds 
Uncalled bet ($0.15) returned to Taco100
Taco100 collected $0.20 from pot
*** SUMMARY ***
Total pot $0.20 | Rake $0 
Seat 1: Taco100 (big blind) collected ($0.20)
Seat 2: AtrY folded before Flop (didn't bet)
Seat 3: MAD-522 folded before Flop (didn't bet)
Seat 4: Theodor109 folded before Flop (didn't bet)
Seat 5: aquama folded before Flop (didn't bet)
Seat 7: Wiatr (button) folded before Flop (didn't bet)
Seat 9: Alameda22 (small blind) folded before Flop



PokerStars Game #20142792739:  Hold'em No Limit ($0.10/$0.25) - 2008/09/04 14:10:06 ET
Table 'Sponde II' 9-max Seat #9 is the button
Seat 1: Taco100 ($24.45 in chips) 
Seat 2: AtrY ($24.65 in chips) 
Seat 3: MAD-522 ($29.80 in chips) 
Seat 4: Theodor109 ($26.20 in chips) 
Seat 5: aquama ($18.55 in chips) 
Seat 7: Wiatr ($24.55 in chips) 
Seat 9: Alameda22 ($24.30 in chips) 
Taco100: posts small blind $0.10
AtrY: posts big blind $0.25
*** HOLE CARDS ***
Dealt to Alameda22 [6c Ts]
MAD-522: folds 
Theodor109: folds 
aquama: calls $0.25
Wiatr: folds 
Alameda22: folds 
Taco100: calls $0.15
AtrY: checks 
*** FLOP *** [7h 2s Js]
Taco100: bets $0.75
AtrY: calls $0.75
aquama: calls $0.75
*** TURN *** [7h 2s Js] [4c]
Taco100: checks 
AtrY: checks 
forzagrifo joins the table at seat #8 
aquama: bets $1.25
Taco100: calls $1.25
AtrY: folds 
*** RIVER *** [7h 2s Js 4c] [Ks]
Taco100: checks 
aquama: checks 
*** SHOW DOWN ***
Taco100: shows [8s 9s] (a flush, King high)
aquama: mucks hand 
Taco100 collected $5.25 from pot
*** SUMMARY ***
Total pot $5.50 | Rake $0.25 
Board [7h 2s Js 4c Ks]
Seat 1: Taco100 (small blind) showed [8s 9s] and won ($5.25) with a flush, King high
Seat 2: AtrY (big blind) folded on the Turn
Seat 3: MAD-522 folded before Flop (didn't bet)
Seat 4: Theodor109 folded before Flop (didn't bet)
Seat 5: aquama mucked [Jd Td]
Seat 7: Wiatr folded before Flop (didn't bet)
Seat 9: Alameda22 (button) folded before Flop (didn't bet)



PokerStars Game #20142822721:  Hold'em No Limit ($0.10/$0.25) - 2008/09/04 14:11:18 ET
Table 'Sponde II' 9-max Seat #1 is the button
Seat 1: Taco100 ($27.45 in chips) 
Seat 2: AtrY ($25 in chips) 
Seat 3: MAD-522 ($29.80 in chips) 
Seat 4: Theodor109 ($26.20 in chips) 
Seat 5: aquama ($16.30 in chips) 
Seat 7: Wiatr ($24.55 in chips) 
Seat 8: forzagrifo ($5 in chips) 
Seat 9: Alameda22 ($24.30 in chips) 
AtrY: posts small blind $0.10
MAD-522: posts big blind $0.25
forzagrifo: posts big blind $0.25
*** HOLE CARDS ***
Dealt to Alameda22 [2c Qd]
Theodor109: folds 
aquama: folds 
Wiatr: folds 
forzagrifo: checks 
Alameda22: folds 
Taco100: folds 
AtrY: folds 
MAD-522: checks 
*** FLOP *** [Kd As Qs]
MAD-522: checks 
forzagrifo: checks 
*** TURN *** [Kd As Qs] [Jc]
MAD-522: checks 
forzagrifo: checks 
*** RIVER *** [Kd As Qs Jc] [9d]
MAD-522: bets $0.50
forzagrifo: folds 
Uncalled bet ($0.50) returned to MAD-522
MAD-522 collected $0.60 from pot
MAD-522: doesn't show hand 
*** SUMMARY ***
Total pot $0.60 | Rake $0 
Board [Kd As Qs Jc 9d]
Seat 1: Taco100 (button) folded before Flop (didn't bet)
Seat 2: AtrY (small blind) folded before Flop
Seat 3: MAD-522 (big blind) collected ($0.60)
Seat 4: Theodor109 folded before Flop (didn't bet)
Seat 5: aquama folded before Flop (didn't bet)
Seat 7: Wiatr folded before Flop (didn't bet)
Seat 8: forzagrifo folded on the River
Seat 9: Alameda22 folded before Flop (didn't bet)



PokerStars Game #20142854614:  Hold'em No Limit ($0.10/$0.25) - 2008/09/04 14:12:34 ET
Table 'Sponde II' 9-max Seat #2 is the button
Seat 1: Taco100 ($27.45 in chips) 
Seat 2: AtrY ($24.90 in chips) 
Seat 3: MAD-522 ($30.15 in chips) 
Seat 4: Theodor109 ($26.20 in chips) 
Seat 5: aquama ($16.30 in chips) 
Seat 7: Wiatr ($24.55 in chips) 
Seat 8: forzagrifo ($4.75 in chips) 
Seat 9: Alameda22 ($24.30 in chips) 
MAD-522: posts small blind $0.10
Theodor109: posts big blind $0.25
*** HOLE CARDS ***
Dealt to Alameda22 [Qd Ah]
aquama: folds 
Wiatr: folds 
forzagrifo: raises $0.75 to $1
Alameda22: folds 
Taco100: folds 
AtrY: folds 
MAD-522: folds 
Theodor109: folds 
Uncalled bet ($0.75) returned to forzagrifo
forzagrifo collected $0.60 from pot
forzagrifo: doesn't show hand 
*** SUMMARY ***
Total pot $0.60 | Rake $0 
Seat 1: Taco100 folded before Flop (didn't bet)
Seat 2: AtrY (button) folded before Flop (didn't bet)
Seat 3: MAD-522 (small blind) folded before Flop
Seat 4: Theodor109 (big blind) folded before Flop
Seat 5: aquama folded before Flop (didn't bet)
Seat 7: Wiatr folded before Flop (didn't bet)
Seat 8: forzagrifo collected ($0.60)
Seat 9: Alameda22 folded before Flop (didn't bet)



PokerStars Game #20142867964:  Hold'em No Limit ($0.10/$0.25) - 2008/09/04 14:13:06 ET
Table 'Sponde II' 9-max Seat #3 is the button
Seat 1: Taco100 ($27.45 in chips) 
Seat 2: AtrY ($24.90 in chips) 
Seat 3: MAD-522 ($30.05 in chips) 
Seat 4: Theodor109 ($25.95 in chips) 
Seat 5: aquama ($16.30 in chips) 
Seat 7: Wiatr ($24.55 in chips) 
Seat 8: forzagrifo ($5.10 in chips) 
Seat 9: Alameda22 ($24.30 in chips) 
Theodor109: posts small blind $0.10
aquama: posts big blind $0.25
*** HOLE CARDS ***
Dealt to Alameda22 [5s 7c]
Wiatr: folds 
forzagrifo: raises $1.25 to $1.50
Alameda22: folds 
Taco100: folds 
AtrY: folds 
MAD-522: folds 
Theodor109: folds 
pcboi is disconnected 
aquama: folds 
Uncalled bet ($1.25) returned to forzagrifo
forzagrifo collected $0.60 from pot
forzagrifo: doesn't show hand 
*** SUMMARY ***
Total pot $0.60 | Rake $0 
Seat 1: Taco100 folded before Flop (didn't bet)
Seat 2: AtrY folded before Flop (didn't bet)
Seat 3: MAD-522 (button) folded before Flop (didn't bet)
Seat 4: Theodor109 (small blind) folded before Flop
Seat 5: aquama (big blind) folded before Flop
Seat 7: Wiatr folded before Flop (didn't bet)
Seat 8: forzagrifo collected ($0.60)
Seat 9: Alameda22 folded before Flop (didn't bet)



PokerStars Game #20142886042:  Hold'em No Limit ($0.10/$0.25) - 2008/09/04 14:13:50 ET
Table 'Sponde II' 9-max Seat #4 is the button
Seat 1: Taco100 ($27.45 in chips) 
Seat 2: AtrY ($24.90 in chips) 
Seat 3: MAD-522 ($30.05 in chips) 
Seat 4: Theodor109 ($25.85 in chips) 
Seat 5: aquama ($16.05 in chips) 
Seat 7: Wiatr ($24.55 in chips) 
Seat 8: forzagrifo ($5.45 in chips) 
Seat 9: Alameda22 ($24.30 in chips) 
aquama: posts small blind $0.10
Wiatr: posts big blind $0.25
*** HOLE CARDS ***
Dealt to Alameda22 [2s 2d]
forzagrifo: folds 
Alameda22: folds 
Taco100: folds 
AtrY: folds 
MAD-522: folds 
Theodor109: folds 
aquama: calls $0.15
Wiatr: raises $0.85 to $1.10
aquama: folds 
Uncalled bet ($0.85) returned to Wiatr
Wiatr collected $0.50 from pot
Wiatr: doesn't show hand 
*** SUMMARY ***
Total pot $0.50 | Rake $0 
Seat 1: Taco100 folded before Flop (didn't bet)
Seat 2: AtrY folded before Flop (didn't bet)
Seat 3: MAD-522 folded before Flop (didn't bet)
Seat 4: Theodor109 (button) folded before Flop (didn't bet)
Seat 5: aquama (small blind) folded before Flop
Seat 7: Wiatr (big blind) collected ($0.50)
Seat 8: forzagrifo folded before Flop (didn't bet)
Seat 9: Alameda22 folded before Flop (didn't bet)



PokerStars Game #20142900899:  Hold'em No Limit ($0.10/$0.25) - 2008/09/04 14:14:26 ET
Table 'Sponde II' 9-max Seat #5 is the button
Seat 1: Taco100 ($27.45 in chips) 
Seat 2: AtrY ($24.90 in chips) 
Seat 3: MAD-522 ($30.05 in chips) 
Seat 4: Theodor109 ($25.85 in chips) 
Seat 5: aquama ($15.80 in chips) 
Seat 7: Wiatr ($24.80 in chips) 
Seat 8: forzagrifo ($5.45 in chips) 
Seat 9: Alameda22 ($24.30 in chips) 
Wiatr: posts small blind $0.10
forzagrifo: posts big blind $0.25
*** HOLE CARDS ***
Dealt to Alameda22 [7s As]
Alameda22: folds 
Taco100: folds 
AtrY: folds 
MAD-522: calls $0.25
Theodor109: folds 
aquama: folds 
Wiatr: folds 
forzagrifo: raises $1.50 to $1.75
MAD-522: folds 
Uncalled bet ($1.50) returned to forzagrifo
forzagrifo collected $0.60 from pot
forzagrifo: doesn't show hand 
*** SUMMARY ***
Total pot $0.60 | Rake $0 
Seat 1: Taco100 folded before Flop (didn't bet)
Seat 2: AtrY folded before Flop (didn't bet)
Seat 3: MAD-522 folded before Flop
Seat 4: Theodor109 folded before Flop (didn't bet)
Seat 5: aquama (button) folded before Flop (didn't bet)
Seat 7: Wiatr (small blind) folded before Flop
Seat 8: forzagrifo (big blind) collected ($0.60)
Seat 9: Alameda22 folded before Flop (didn't bet)



PokerStars Game #20142926461:  Hold'em No Limit ($0.10/$0.25) - 2008/09/04 14:15:27 ET
Table 'Sponde II' 9-max Seat #7 is the button
Seat 1: Taco100 ($27.45 in chips) 
Seat 2: AtrY ($24.90 in chips) 
Seat 3: MAD-522 ($29.80 in chips) 
Seat 4: Theodor109 ($25.85 in chips) 
Seat 5: aquama ($15.80 in chips) 
Seat 7: Wiatr ($24.70 in chips) 
Seat 8: forzagrifo ($5.80 in chips) 
Seat 9: Alameda22 ($24.30 in chips) 
forzagrifo: posts small blind $0.10
Alameda22: posts big blind $0.25
*** HOLE CARDS ***
Dealt to Alameda22 [Ts 8d]
Taco100: folds 
AtrY: folds 
MAD-522: folds 
Theodor109: folds 
aquama: folds 
Wiatr: folds 
forzagrifo: calls $0.15
Alameda22: checks 
*** FLOP *** [2d Jc 3s]
forzagrifo: checks 
Alameda22: checks 
*** TURN *** [2d Jc 3s] [8c]
forzagrifo: checks 
Alameda22: checks 
*** RIVER *** [2d Jc 3s 8c] [Jd]
forzagrifo: checks 
Alameda22: bets $0.25
forzagrifo: folds 
Uncalled bet ($0.25) returned to Alameda22
Alameda22 collected $0.50 from pot
Alameda22: doesn't show hand 
*** SUMMARY ***
Total pot $0.50 | Rake $0 
Board [2d Jc 3s 8c Jd]
Seat 1: Taco100 folded before Flop (didn't bet)
Seat 2: AtrY folded before Flop (didn't bet)
Seat 3: MAD-522 folded before Flop (didn't bet)
Seat 4: Theodor109 folded before Flop (didn't bet)
Seat 5: aquama folded before Flop (didn't bet)
Seat 7: Wiatr (button) folded before Flop (didn't bet)
Seat 8: forzagrifo (small blind) folded on the River
Seat 9: Alameda22 (big blind) collected ($0.50)



PokerStars Game #20142954643:  Hold'em No Limit ($0.10/$0.25) - 2008/09/04 14:16:34 ET
Table 'Sponde II' 9-max Seat #8 is the button
Seat 1: Taco100 ($27.45 in chips) 
Seat 2: AtrY ($24.90 in chips) 
Seat 3: MAD-522 ($29.80 in chips) 
Seat 4: Theodor109 ($25.85 in chips) 
Seat 5: aquama ($15.80 in chips) 
Seat 7: Wiatr ($24.70 in chips) 
Seat 8: forzagrifo ($5.55 in chips) 
Seat 9: Alameda22 ($24.55 in chips) 
Alameda22: posts small blind $0.10
Taco100: posts big blind $0.25
*** HOLE CARDS ***
Dealt to Alameda22 [5c Ah]
AtrY: folds 
MAD-522: raises $0.50 to $0.75
Theodor109: folds 
aquama: folds 
Wiatr: folds 
forzagrifo: raises $4.80 to $5.55 and is all-in
Alameda22: folds 
Taco100: folds 
MAD-522: folds 
Uncalled bet ($4.80) returned to forzagrifo
forzagrifo collected $1.85 from pot
forzagrifo: doesn't show hand 
*** SUMMARY ***
Total pot $1.85 | Rake $0 
Seat 1: Taco100 (big blind) folded before Flop
Seat 2: AtrY folded before Flop (didn't bet)
Seat 3: MAD-522 folded before Flop
Seat 4: Theodor109 folded before Flop (didn't bet)
Seat 5: aquama folded before Flop (didn't bet)
Seat 7: Wiatr folded before Flop (didn't bet)
Seat 8: forzagrifo (button) collected ($1.85)
Seat 9: Alameda22 (small blind) folded before Flop



PokerStars Game #20142969318:  Hold'em No Limit ($0.10/$0.25) - 2008/09/04 14:17:10 ET
Table 'Sponde II' 9-max Seat #9 is the button
Seat 1: Taco100 ($27.20 in chips) 
Seat 2: AtrY ($24.90 in chips) 
Seat 3: MAD-522 ($29.05 in chips) 
Seat 4: Theodor109 ($25.85 in chips) 
Seat 5: aquama ($15.80 in chips) 
Seat 7: Wiatr ($24.70 in chips) 
Seat 8: forzagrifo ($6.65 in chips) 
Seat 9: Alameda22 ($24.45 in chips) 
Taco100: posts small blind $0.10
AtrY: posts big blind $0.25
*** HOLE CARDS ***
Dealt to Alameda22 [3s 4d]
MAD-522: folds 
Theodor109: folds 
aquama: folds 
Wiatr: folds 
forzagrifo: calls $0.25
Alameda22: folds 
Taco100: folds 
AtrY: checks 
*** FLOP *** [Ad Tc Ts]
AtrY: checks 
forzagrifo: checks 
*** TURN *** [Ad Tc Ts] [Th]
AtrY: checks 
forzagrifo: bets $0.25
AtrY: folds 
Uncalled bet ($0.25) returned to forzagrifo
forzagrifo collected $0.60 from pot
forzagrifo: doesn't show hand 
*** SUMMARY ***
Total pot $0.60 | Rake $0 
Board [Ad Tc Ts Th]
Seat 1: Taco100 (small blind) folded before Flop
Seat 2: AtrY (big blind) folded on the Turn
Seat 3: MAD-522 folded before Flop (didn't bet)
Seat 4: Theodor109 folded before Flop (didn't bet)
Seat 5: aquama folded before Flop (didn't bet)
Seat 7: Wiatr folded before Flop (didn't bet)
Seat 8: forzagrifo collected ($0.60)
Seat 9: Alameda22 (button) folded before Flop (didn't bet)



PokerStars Game #20142989160:  Hold'em No Limit ($0.10/$0.25) - 2008/09/04 14:17:58 ET
Table 'Sponde II' 9-max Seat #1 is the button
Seat 1: Taco100 ($27.10 in chips) 
Seat 2: AtrY ($24.65 in chips) 
Seat 3: MAD-522 ($29.05 in chips) 
Seat 4: Theodor109 ($25.85 in chips) 
Seat 5: aquama ($15.80 in chips) 
Seat 7: Wiatr ($24.70 in chips) 
Seat 8: forzagrifo ($7 in chips) 
Seat 9: Alameda22 ($24.45 in chips) 
AtrY: posts small blind $0.10
MAD-522: posts big blind $0.25
*** HOLE CARDS ***
Dealt to Alameda22 [Kh 5c]
Theodor109: folds 
aquama: folds 
Wiatr: folds 
forzagrifo: raises $1.75 to $2
Alameda22: folds 
Taco100: folds 
AtrY: folds 
MAD-522: folds 
Uncalled bet ($1.75) returned to forzagrifo
forzagrifo collected $0.60 from pot
forzagrifo: doesn't show hand 
*** SUMMARY ***
Total pot $0.60 | Rake $0 
Seat 1: Taco100 (button) folded before Flop (didn't bet)
Seat 2: AtrY (small blind) folded before Flop
Seat 3: MAD-522 (big blind) folded before Flop
Seat 4: Theodor109 folded before Flop (didn't bet)
Seat 5: aquama folded before Flop (didn't bet)
Seat 7: Wiatr folded before Flop (didn't bet)
Seat 8: forzagrifo collected ($0.60)
Seat 9: Alameda22 folded before Flop (didn't bet)



PokerStars Game #20143005724:  Hold'em No Limit ($0.10/$0.25) - 2008/09/04 14:18:38 ET
Table 'Sponde II' 9-max Seat #2 is the button
Seat 1: Taco100 ($27.10 in chips) 
Seat 2: AtrY ($24.55 in chips) 
Seat 3: MAD-522 ($28.80 in chips) 
Seat 4: Theodor109 ($25.85 in chips) 
Seat 5: aquama ($15.80 in chips) 
Seat 7: Wiatr ($24.70 in chips) 
Seat 8: forzagrifo ($7.35 in chips) 
Seat 9: Alameda22 ($24.45 in chips) 
MAD-522: posts small blind $0.10
Theodor109: posts big blind $0.25
*** HOLE CARDS ***
Dealt to Alameda22 [3h 6d]
aquama: folds 
Wiatr: raises $0.75 to $1
forzagrifo: folds 
Alameda22: folds 
Taco100: folds 
AtrY: folds 
MAD-522: folds 
Theodor109: folds 
Uncalled bet ($0.75) returned to Wiatr
Wiatr collected $0.60 from pot
Wiatr: doesn't show hand 
*** SUMMARY ***
Total pot $0.60 | Rake $0 
Seat 1: Taco100 folded before Flop (didn't bet)
Seat 2: AtrY (button) folded before Flop (didn't bet)
Seat 3: MAD-522 (small blind) folded before Flop
Seat 4: Theodor109 (big blind) folded before Flop
Seat 5: aquama folded before Flop (didn't bet)
Seat 7: Wiatr collected ($0.60)
Seat 8: forzagrifo folded before Flop (didn't bet)
Seat 9: Alameda22 folded before Flop (didn't bet)



PokerStars Game #20143032344:  Hold'em No Limit ($0.10/$0.25) - 2008/09/04 14:19:42 ET
Table 'Sponde II' 9-max Seat #3 is the button
Seat 1: Taco100 ($27.10 in chips) 
Seat 2: AtrY ($24.55 in chips) 
Seat 3: MAD-522 ($28.70 in chips) 
Seat 4: Theodor109 ($25.60 in chips) 
Seat 5: aquama ($15.80 in chips) 
Seat 7: Wiatr ($25.05 in chips) 
Seat 8: forzagrifo ($7.35 in chips) 
Seat 9: Alameda22 ($24.45 in chips) 
Theodor109: posts small blind $0.10
aquama: posts big blind $0.25
*** HOLE CARDS ***
Dealt to Alameda22 [7s 9c]
Wiatr: folds 
forzagrifo: folds 
Alameda22: folds 
Taco100: folds 
AtrY: raises $0.75 to $1
MAD-522: folds 
Theodor109: folds 
aquama: folds 
Uncalled bet ($0.75) returned to AtrY
AtrY collected $0.60 from pot
AtrY: doesn't show hand 
*** SUMMARY ***
Total pot $0.60 | Rake $0 
Seat 1: Taco100 folded before Flop (didn't bet)
Seat 2: AtrY collected ($0.60)
Seat 3: MAD-522 (button) folded before Flop (didn't bet)
Seat 4: Theodor109 (small blind) folded before Flop
Seat 5: aquama (big blind) folded before Flop
Seat 7: Wiatr folded before Flop (didn't bet)
Seat 8: forzagrifo folded before Flop (didn't bet)
Seat 9: Alameda22 folded before Flop (didn't bet)



PokerStars Game #20143049744:  Hold'em No Limit ($0.10/$0.25) - 2008/09/04 14:20:24 ET
Table 'Sponde II' 9-max Seat #4 is the button
Seat 1: Taco100 ($27.10 in chips) 
Seat 2: AtrY ($24.90 in chips) 
Seat 3: MAD-522 ($28.70 in chips) 
Seat 4: Theodor109 ($25.50 in chips) 
Seat 5: aquama ($15.55 in chips) 
Seat 7: Wiatr ($25.05 in chips) 
Seat 8: forzagrifo ($7.35 in chips) 
Seat 9: Alameda22 ($24.45 in chips) 
aquama: posts small blind $0.10
Wiatr: posts big blind $0.25
*** HOLE CARDS ***
Dealt to Alameda22 [5s 2d]
forzagrifo: folds 
Alameda22: folds 
Taco100: calls $0.25
AtrY: raises $1 to $1.25
MAD-522: folds 
Theodor109: folds 
aquama: folds 
Wiatr: folds 
Taco100: folds 
Uncalled bet ($1) returned to AtrY
AtrY collected $0.85 from pot
AtrY: doesn't show hand 
*** SUMMARY ***
Total pot $0.85 | Rake $0 
Seat 1: Taco100 folded before Flop
Seat 2: AtrY collected ($0.85)
Seat 3: MAD-522 folded before Flop (didn't bet)
Seat 4: Theodor109 (button) folded before Flop (didn't bet)
Seat 5: aquama (small blind) folded before Flop
Seat 7: Wiatr (big blind) folded before Flop
Seat 8: forzagrifo folded before Flop (didn't bet)
Seat 9: Alameda22 folded before Flop (didn't bet)



PokerStars Game #20143070575:  Hold'em No Limit ($0.10/$0.25) - 2008/09/04 14:21:13 ET
Table 'Sponde II' 9-max Seat #5 is the button
Seat 1: Taco100 ($26.85 in chips) 
Seat 2: AtrY ($25.50 in chips) 
Seat 3: MAD-522 ($28.70 in chips) 
Seat 4: Theodor109 ($25.50 in chips) 
Seat 5: aquama ($15.45 in chips) 
Seat 7: Wiatr ($24.80 in chips) 
Seat 8: forzagrifo ($7.35 in chips) 
Seat 9: Alameda22 ($24.45 in chips) 
Wiatr: posts small blind $0.10
forzagrifo: posts big blind $0.25
*** HOLE CARDS ***
Dealt to Alameda22 [5d Kd]
Alameda22: folds 
Taco100: folds 
AtrY: raises $0.75 to $1
MAD-522: folds 
Theodor109: folds 
aquama: folds 
Wiatr: folds 
forzagrifo: folds 
Uncalled bet ($0.75) returned to AtrY
AtrY collected $0.60 from pot
AtrY: doesn't show hand 
*** SUMMARY ***
Total pot $0.60 | Rake $0 
Seat 1: Taco100 folded before Flop (didn't bet)
Seat 2: AtrY collected ($0.60)
Seat 3: MAD-522 folded before Flop (didn't bet)
Seat 4: Theodor109 folded before Flop (didn't bet)
Seat 5: aquama (button) folded before Flop (didn't bet)
Seat 7: Wiatr (small blind) folded before Flop
Seat 8: forzagrifo (big blind) folded before Flop
Seat 9: Alameda22 folded before Flop (didn't bet)



PokerStars Game #20143095751:  Hold'em No Limit ($0.10/$0.25) - 2008/09/04 14:22:13 ET
Table 'Sponde II' 9-max Seat #7 is the button
Seat 1: Taco100 ($26.85 in chips) 
Seat 2: AtrY ($25.85 in chips) 
Seat 3: MAD-522 ($28.70 in chips) 
Seat 4: Theodor109 ($25.50 in chips) 
Seat 5: aquama ($15.45 in chips) 
Seat 7: Wiatr ($24.70 in chips) 
Seat 8: forzagrifo ($7.10 in chips) 
Seat 9: Alameda22 ($24.45 in chips) 
forzagrifo: posts small blind $0.10
Alameda22: posts big blind $0.25
*** HOLE CARDS ***
Dealt to Alameda22 [6c 3c]
Taco100: calls $0.25
AtrY: folds 
MAD-522: raises $0.50 to $0.75
Theodor109: calls $0.75
aquama: folds 
Wiatr: folds 
forzagrifo: raises $6.35 to $7.10 and is all-in
Alameda22: folds 
Taco100: folds 
MAD-522: calls $6.35
Theodor109: folds 
*** FLOP *** [5s 3d 6d]
*** TURN *** [5s 3d 6d] [5d]
*** RIVER *** [5s 3d 6d 5d] [Qs]
*** SHOW DOWN ***
forzagrifo: shows [As Qh] (two pair, Queens and Fives)
MAD-522: mucks hand 
forzagrifo collected $14.70 from pot
*** SUMMARY ***
Total pot $15.45 | Rake $0.75 
Board [5s 3d 6d 5d Qs]
Seat 1: Taco100 folded before Flop
Seat 2: AtrY folded before Flop (didn't bet)
Seat 3: MAD-522 mucked [Ah Js]
Seat 4: Theodor109 folded before Flop
Seat 5: aquama folded before Flop (didn't bet)
Seat 7: Wiatr (button) folded before Flop (didn't bet)
Seat 8: forzagrifo (small blind) showed [As Qh] and won ($14.70) with two pair, Queens and Fives
Seat 9: Alameda22 (big blind) folded before Flop



PokerStars Game #20143125124:  Hold'em No Limit ($0.10/$0.25) - 2008/09/04 14:23:23 ET
Table 'Sponde II' 9-max Seat #8 is the button
Seat 1: Taco100 ($26.60 in chips) 
Seat 2: AtrY ($25.85 in chips) 
Seat 3: MAD-522 ($21.60 in chips) 
Seat 4: Theodor109 ($25 in chips) 
Seat 5: aquama ($15.45 in chips) 
Seat 7: Wiatr ($24.70 in chips) 
Seat 8: forzagrifo ($14.70 in chips) 
Seat 9: Alameda22 ($24.20 in chips) 
Alameda22: posts small blind $0.10
Taco100: posts big blind $0.25
*** HOLE CARDS ***
Dealt to Alameda22 [Ad 4s]
AtrY: folds 
MAD-522: folds 
Theodor109: folds 
aquama: calls $0.25
pcboi was removed from the table for failing to post
Wiatr: folds 
forzagrifo: calls $0.25
Alameda22: folds 
Taco100: checks 
*** FLOP *** [8d 4d 8c]
Taco100: checks 
aquama: checks 
forzagrifo: checks 
*** TURN *** [8d 4d 8c] [5c]
JE Electric joins the table at seat #6 
Taco100: checks 
aquama: bets $0.75
forzagrifo: calls $0.75
Taco100: folds 
*** RIVER *** [8d 4d 8c 5c] [Ac]
aquama: bets $1.75
forzagrifo: folds 
Uncalled bet ($1.75) returned to aquama
aquama collected $2.25 from pot
aquama: doesn't show hand 
*** SUMMARY ***
Total pot $2.35 | Rake $0.10 
Board [8d 4d 8c 5c Ac]
Seat 1: Taco100 (big blind) folded on the Turn
Seat 2: AtrY folded before Flop (didn't bet)
Seat 3: MAD-522 folded before Flop (didn't bet)
Seat 4: Theodor109 folded before Flop (didn't bet)
Seat 5: aquama collected ($2.25)
Seat 7: Wiatr folded before Flop (didn't bet)
Seat 8: forzagrifo (button) folded on the River
Seat 9: Alameda22 (small blind) folded before Flop



PokerStars Game #20143164737:  Hold'em No Limit ($0.10/$0.25) - 2008/09/04 14:24:58 ET
Table 'Sponde II' 9-max Seat #9 is the button
Seat 1: Taco100 ($26.35 in chips) 
Seat 2: AtrY ($25.85 in chips) 
Seat 3: MAD-522 ($21.60 in chips) 
Seat 4: Theodor109 ($25 in chips) 
Seat 5: aquama ($16.70 in chips) 
Seat 7: Wiatr ($24.70 in chips) 
Seat 8: forzagrifo ($13.70 in chips) 
Seat 9: Alameda22 ($24.10 in chips) 
Taco100: posts small blind $0.10
AtrY: posts big blind $0.25
JE Electric: sits out 
*** HOLE CARDS ***
Dealt to Alameda22 [3s Ks]
MAD-522: folds 
Theodor109: folds 
aquama: folds 
Wiatr: folds 
forzagrifo: raises $1.50 to $1.75
Alameda22: folds 
Taco100: folds 
AtrY: folds 
Uncalled bet ($1.50) returned to forzagrifo
forzagrifo collected $0.60 from pot
forzagrifo: doesn't show hand 
*** SUMMARY ***
Total pot $0.60 | Rake $0 
Seat 1: Taco100 (small blind) folded before Flop
Seat 2: AtrY (big blind) folded before Flop
Seat 3: MAD-522 folded before Flop (didn't bet)
Seat 4: Theodor109 folded before Flop (didn't bet)
Seat 5: aquama folded before Flop (didn't bet)
Seat 7: Wiatr folded before Flop (didn't bet)
Seat 8: forzagrifo collected ($0.60)
Seat 9: Alameda22 (button) folded before Flop (didn't bet)



PokerStars Game #20143190403:  Hold'em No Limit ($0.10/$0.25) - 2008/09/04 14:25:59 ET
Table 'Sponde II' 9-max Seat #1 is the button
Seat 1: Taco100 ($26.25 in chips) 
Seat 2: AtrY ($25.60 in chips) 
Seat 3: MAD-522 ($21.60 in chips) 
Seat 4: Theodor109 ($25 in chips) 
Seat 5: aquama ($16.70 in chips) 
Seat 7: Wiatr ($24.70 in chips) 
Seat 8: forzagrifo ($14.05 in chips) 
Seat 9: Alameda22 ($24.10 in chips) 
AtrY: posts small blind $0.10
MAD-522: posts big blind $0.25
JE Electric: sits out 
*** HOLE CARDS ***
Dealt to Alameda22 [Qh Jh]
Theodor109: folds 
aquama: folds 
Wiatr: raises $0.75 to $1
forzagrifo: folds 
forzagrifo leaves the table
Alameda22: folds 
Taco100: raises $1.75 to $2.75
AtrY: folds 
MAD-522: folds 
Wiatr: calls $1.75
*** FLOP *** [7d 7c 7s]
Wiatr: checks 
Taco100: bets $5.25
Wiatr: folds 
Uncalled bet ($5.25) returned to Taco100
Taco100 collected $5.60 from pot
Taco100: shows [Ks Kh] (a full house, Sevens full of Kings)
Wiatr said, "nh"
*** SUMMARY ***
Total pot $5.85 | Rake $0.25 
Board [7d 7c 7s]
Seat 1: Taco100 (button) collected ($5.60)
Seat 2: AtrY (small blind) folded before Flop
Seat 3: MAD-522 (big blind) folded before Flop
Seat 4: Theodor109 folded before Flop (didn't bet)
Seat 5: aquama folded before Flop (didn't bet)
Seat 7: Wiatr folded on the Flop
Seat 8: forzagrifo folded before Flop (didn't bet)
Seat 9: Alameda22 folded before Flop (didn't bet)



PokerStars Game #20143221901:  Hold'em No Limit ($0.10/$0.25) - 2008/09/04 14:27:15 ET
Table 'Sponde II' 9-max Seat #2 is the button
Seat 1: Taco100 ($29.10 in chips) 
Seat 2: AtrY ($25.50 in chips) 
Seat 3: MAD-522 ($21.35 in chips) 
Seat 4: Theodor109 ($25 in chips) 
Seat 5: aquama ($16.70 in chips) 
Seat 7: Wiatr ($21.95 in chips) 
Seat 9: Alameda22 ($24.10 in chips) 
Taco100 said, "ty"
MAD-522: posts small blind $0.10
Theodor109: posts big blind $0.25
JE Electric: sits out 
*** HOLE CARDS ***
Dealt to Alameda22 [9h Kc]
aquama: folds 
Wiatr: folds 
Alameda22: folds 
Taco100: folds 
AtrY: raises $0.75 to $1
MAD-522: folds 
Theodor109: folds 
Uncalled bet ($0.75) returned to AtrY
AtrY collected $0.60 from pot
AtrY: doesn't show hand 
*** SUMMARY ***
Total pot $0.60 | Rake $0 
Seat 1: Taco100 folded before Flop (didn't bet)
Seat 2: AtrY (button) collected ($0.60)
Seat 3: MAD-522 (small blind) folded before Flop
Seat 4: Theodor109 (big blind) folded before Flop
Seat 5: aquama folded before Flop (didn't bet)
Seat 7: Wiatr folded before Flop (didn't bet)
Seat 9: Alameda22 folded before Flop (didn't bet)



PokerStars Game #20143236412:  Hold'em No Limit ($0.10/$0.25) - 2008/09/04 14:27:50 ET
Table 'Sponde II' 9-max Seat #3 is the button
Seat 1: Taco100 ($29.10 in chips) 
Seat 2: AtrY ($25.85 in chips) 
Seat 3: MAD-522 ($21.25 in chips) 
Seat 4: Theodor109 ($24.75 in chips) 
Seat 6: JE Electric ($25 in chips) 
Seat 7: Wiatr ($21.95 in chips) 
Seat 9: Alameda22 ($24.10 in chips) 
Theodor109: posts small blind $0.10
aquama: is sitting out 
aquama leaves the table
JE Electric: posts big blind $0.25
*** HOLE CARDS ***
Dealt to Alameda22 [Jd 5c]
Wiatr: folds 
Alameda22: folds 
Taco100: raises $0.50 to $0.75
AtrY: calls $0.75
MAD-522: folds 
Theodor109: folds 
JE Electric: folds 
*** FLOP *** [Kd 3c 2d]
Taco100: checks 
AtrY: checks 
*** TURN *** [Kd 3c 2d] [Th]
Taco100: bets $1.50
AtrY: folds 
Uncalled bet ($1.50) returned to Taco100
Taco100 collected $1.80 from pot
*** SUMMARY ***
Total pot $1.85 | Rake $0.05 
Board [Kd 3c 2d Th]
Seat 1: Taco100 collected ($1.80)
Seat 2: AtrY folded on the Turn
Seat 3: MAD-522 (button) folded before Flop (didn't bet)
Seat 4: Theodor109 (small blind) folded before Flop
Seat 6: JE Electric (big blind) folded before Flop
Seat 7: Wiatr folded before Flop (didn't bet)
Seat 9: Alameda22 folded before Flop (didn't bet)



PokerStars Game #20143261415:  Hold'em No Limit ($0.10/$0.25) - 2008/09/04 14:28:51 ET
Table 'Sponde II' 9-max Seat #4 is the button
Seat 1: Taco100 ($30.15 in chips) 
Seat 2: AtrY ($25.10 in chips) 
Seat 3: MAD-522 ($21.25 in chips) 
Seat 4: Theodor109 ($24.65 in chips) 
Seat 6: JE Electric ($24.75 in chips) 
Seat 7: Wiatr ($21.95 in chips) 
Seat 9: Alameda22 ($24.10 in chips) 
JE Electric: posts small blind $0.10
Wiatr: posts big blind $0.25
*** HOLE CARDS ***
Dealt to Alameda22 [Qc Qh]
Alameda22: raises $0.75 to $1
Taco100: folds 
AtrY: folds 
MAD-522: folds 
Theodor109: folds 
JE Electric: calls $0.90
Wiatr: folds 
*** FLOP *** [Kc 6h 9h]
JE Electric: bets $2
Alameda22: folds 
Uncalled bet ($2) returned to JE Electric
JE Electric collected $2.15 from pot
*** SUMMARY ***
Total pot $2.25 | Rake $0.10 
Board [Kc 6h 9h]
Seat 1: Taco100 folded before Flop (didn't bet)
Seat 2: AtrY folded before Flop (didn't bet)
Seat 3: MAD-522 folded before Flop (didn't bet)
Seat 4: Theodor109 (button) folded before Flop (didn't bet)
Seat 6: JE Electric (small blind) collected ($2.15)
Seat 7: Wiatr (big blind) folded before Flop
Seat 9: Alameda22 folded on the Flop



PokerStars Game #20143296105:  Hold'em No Limit ($0.10/$0.25) - 2008/09/04 14:30:16 ET
Table 'Sponde II' 9-max Seat #6 is the button
Seat 1: Taco100 ($30.15 in chips) 
Seat 2: AtrY ($25.10 in chips) 
Seat 3: MAD-522 ($21.25 in chips) 
Seat 4: Theodor109 ($24.65 in chips) 
Seat 6: JE Electric ($25.90 in chips) 
Seat 7: Wiatr ($21.70 in chips) 
Seat 9: Alameda22 ($23.10 in chips) 
Wiatr: posts small blind $0.10
Alameda22: posts big blind $0.25
*** HOLE CARDS ***
Dealt to Alameda22 [8c 7c]
Taco100: folds 
AtrY: folds 
MAD-522: folds 
Theodor109: folds 
JE Electric: folds 
Wiatr: folds 
Uncalled bet ($0.15) returned to Alameda22
Alameda22 collected $0.20 from pot
Alameda22: doesn't show hand 
*** SUMMARY ***
Total pot $0.20 | Rake $0 
Seat 1: Taco100 folded before Flop (didn't bet)
Seat 2: AtrY folded before Flop (didn't bet)
Seat 3: MAD-522 folded before Flop (didn't bet)
Seat 4: Theodor109 folded before Flop (didn't bet)
Seat 6: JE Electric (button) folded before Flop (didn't bet)
Seat 7: Wiatr (small blind) folded before Flop
Seat 9: Alameda22 (big blind) collected ($0.20)



PokerStars Game #20143310314:  Hold'em No Limit ($0.10/$0.25) - 2008/09/04 14:30:51 ET
Table 'Sponde II' 9-max Seat #7 is the button
Seat 1: Taco100 ($30.15 in chips) 
Seat 2: AtrY ($25.10 in chips) 
Seat 3: MAD-522 ($21.25 in chips) 
Seat 4: Theodor109 ($24.65 in chips) 
Seat 6: JE Electric ($25.90 in chips) 
Seat 7: Wiatr ($21.60 in chips) 
Seat 9: Alameda22 ($23.20 in chips) 
Alameda22: posts small blind $0.10
Taco100: posts big blind $0.25
*** HOLE CARDS ***
Dealt to Alameda22 [Th 7s]
AtrY: folds 
MAD-522: folds 
Theodor109: folds 
JE Electric: folds 
Wiatr: folds 
Alameda22: folds 
Uncalled bet ($0.15) returned to Taco100
Taco100 collected $0.20 from pot
*** SUMMARY ***
Total pot $0.20 | Rake $0 
Seat 1: Taco100 (big blind) collected ($0.20)
Seat 2: AtrY folded before Flop (didn't bet)
Seat 3: MAD-522 folded before Flop (didn't bet)
Seat 4: Theodor109 folded before Flop (didn't bet)
Seat 6: JE Electric folded before Flop (didn't bet)
Seat 7: Wiatr (button) folded before Flop (didn't bet)
Seat 9: Alameda22 (small blind) folded before Flop



PokerStars Game #20143321052:  Hold'em No Limit ($0.10/$0.25) - 2008/09/04 14:31:18 ET
Table 'Sponde II' 9-max Seat #9 is the button
Seat 1: Taco100 ($30.25 in chips) 
Seat 2: AtrY ($25.10 in chips) 
Seat 3: MAD-522 ($21.25 in chips) 
Seat 4: Theodor109 ($24.65 in chips) 
Seat 6: JE Electric ($25.90 in chips) 
Seat 7: Wiatr ($21.60 in chips) 
Seat 9: Alameda22 ($23.10 in chips) 
Taco100: posts small blind $0.10
AtrY: posts big blind $0.25
*** HOLE CARDS ***
Dealt to Alameda22 [3d 5d]
MAD-522: folds 
Theodor109: folds 
JE Electric: folds 
Wiatr: folds 
Alameda22: folds 
Taco100: calls $0.15
AtrY: checks 
*** FLOP *** [3c Ah Ad]
Taco100: checks 
AtrY: checks 
*** TURN *** [3c Ah Ad] [Th]
Taco100: checks 
AtrY: checks 
*** RIVER *** [3c Ah Ad Th] [2h]
Taco100: checks 
AtrY: checks 
*** SHOW DOWN ***
Taco100: shows [Kh Qc] (a pair of Aces)
vltrmoniz joins the table at seat #5 
AtrY: mucks hand 
Taco100 collected $0.50 from pot
*** SUMMARY ***
Total pot $0.50 | Rake $0 
Board [3c Ah Ad Th 2h]
Seat 1: Taco100 (small blind) showed [Kh Qc] and won ($0.50) with a pair of Aces
Seat 2: AtrY (big blind) mucked [6s 4s]
Seat 3: MAD-522 folded before Flop (didn't bet)
Seat 4: Theodor109 folded before Flop (didn't bet)
Seat 6: JE Electric folded before Flop (didn't bet)
Seat 7: Wiatr folded before Flop (didn't bet)
Seat 9: Alameda22 (button) folded before Flop (didn't bet)



PokerStars Game #20143344010:  Hold'em No Limit ($0.10/$0.25) - 2008/09/04 14:32:16 ET
Table 'Sponde II' 9-max Seat #1 is the button
Seat 1: Taco100 ($30.50 in chips) 
Seat 2: AtrY ($24.85 in chips) 
Seat 3: MAD-522 ($21.25 in chips) 
Seat 4: Theodor109 ($24.65 in chips) 
Seat 5: vltrmoniz ($15 in chips) 
Seat 6: JE Electric ($25.90 in chips) 
Seat 7: Wiatr ($21.60 in chips) 
Seat 9: Alameda22 ($23.10 in chips) 
AtrY: posts small blind $0.10
MAD-522: posts big blind $0.25
vltrmoniz: posts big blind $0.25
*** HOLE CARDS ***
Dealt to Alameda22 [4c 6c]
Theodor109: raises $1 to $1.25
vltrmoniz: folds 
JE Electric: folds 
Wiatr: folds 
Alameda22: folds 
Taco100: folds 
AtrY: folds 
MAD-522: folds 
Uncalled bet ($1) returned to Theodor109
Theodor109 collected $0.85 from pot
Theodor109: doesn't show hand 
*** SUMMARY ***
Total pot $0.85 | Rake $0 
Seat 1: Taco100 (button) folded before Flop (didn't bet)
Seat 2: AtrY (small blind) folded before Flop
Seat 3: MAD-522 (big blind) folded before Flop
Seat 4: Theodor109 collected ($0.85)
Seat 5: vltrmoniz folded before Flop
Seat 6: JE Electric folded before Flop (didn't bet)
Seat 7: Wiatr folded before Flop (didn't bet)
Seat 9: Alameda22 folded before Flop (didn't bet)



PokerStars Game #20143369319:  Hold'em No Limit ($0.10/$0.25) - 2008/09/04 14:33:20 ET
Table 'Sponde II' 9-max Seat #2 is the button
Seat 1: Taco100 ($30.50 in chips) 
Seat 2: AtrY ($24.75 in chips) 
Seat 3: MAD-522 ($21 in chips) 
Seat 4: Theodor109 ($25.25 in chips) 
Seat 5: vltrmoniz ($14.75 in chips) 
Seat 6: JE Electric ($25.90 in chips) 
Seat 7: Wiatr ($21.60 in chips) 
Seat 9: Alameda22 ($23.10 in chips) 
MAD-522: posts small blind $0.10
Theodor109: posts big blind $0.25
*** HOLE CARDS ***
Dealt to Alameda22 [6d 5h]
vltrmoniz: folds 
JE Electric: folds 
Wiatr: folds 
Alameda22: folds 
Taco100: folds 
AtrY: folds 
MAD-522: raises $0.50 to $0.75
Theodor109: calls $0.50
*** FLOP *** [Tc 4h 3s]
MAD-522: checks 
Theodor109: checks 
*** TURN *** [Tc 4h 3s] [8h]
MAD-522: bets $0.75
Theodor109: calls $0.75
*** RIVER *** [Tc 4h 3s 8h] [Ah]
MAD-522: bets $1.50
Theodor109: calls $1.50
*** SHOW DOWN ***
MAD-522: shows [Kd Qc] (high card Ace)
Theodor109: shows [6s Ts] (a pair of Tens)
Theodor109 collected $5.75 from pot
*** SUMMARY ***
Total pot $6 | Rake $0.25 
Board [Tc 4h 3s 8h Ah]
Seat 1: Taco100 folded before Flop (didn't bet)
Seat 2: AtrY (button) folded before Flop (didn't bet)
Seat 3: MAD-522 (small blind) showed [Kd Qc] and lost with high card Ace
Seat 4: Theodor109 (big blind) showed [6s Ts] and won ($5.75) with a pair of Tens
Seat 5: vltrmoniz folded before Flop (didn't bet)
Seat 6: JE Electric folded before Flop (didn't bet)
Seat 7: Wiatr folded before Flop (didn't bet)
Seat 9: Alameda22 folded before Flop (didn't bet)



PokerStars Game #20143395697:  Hold'em No Limit ($0.10/$0.25) - 2008/09/04 14:34:28 ET
Table 'Sponde II' 9-max Seat #3 is the button
Seat 1: Taco100 ($30.50 in chips) 
Seat 2: AtrY ($24.75 in chips) 
Seat 3: MAD-522 ($18 in chips) 
Seat 4: Theodor109 ($28 in chips) 
Seat 7: Wiatr ($21.60 in chips) 
Seat 9: Alameda22 ($23.10 in chips) 
Theodor109: posts small blind $0.10
vltrmoniz has timed out
vltrmoniz: is sitting out 
JE Electric: is sitting out 
Wiatr: posts big blind $0.25
*** HOLE CARDS ***
Dealt to Alameda22 [Jc 8d]
JE Electric leaves the table
Alameda22: folds 
Taco100: folds 
AtrY: folds 
MAD-522: folds 
Theodor109: raises $0.50 to $0.75
Wiatr: folds 
Uncalled bet ($0.50) returned to Theodor109
Theodor109 collected $0.50 from pot
Theodor109: doesn't show hand 
*** SUMMARY ***
Total pot $0.50 | Rake $0 
Seat 1: Taco100 folded before Flop (didn't bet)
Seat 2: AtrY folded before Flop (didn't bet)
Seat 3: MAD-522 (button) folded before Flop (didn't bet)
Seat 4: Theodor109 (small blind) collected ($0.50)
Seat 7: Wiatr (big blind) folded before Flop
Seat 9: Alameda22 folded before Flop (didn't bet)



PokerStars Game #20143421556:  Hold'em No Limit ($0.10/$0.25) - 2008/09/04 14:35:34 ET
Table 'Sponde II' 9-max Seat #4 is the button
Seat 1: Taco100 ($30.50 in chips) 
Seat 2: AtrY ($24.75 in chips) 
Seat 3: MAD-522 ($18 in chips) 
Seat 4: Theodor109 ($28.25 in chips) 
Seat 7: Wiatr ($21.35 in chips) 
Seat 9: Alameda22 ($23.10 in chips) 
Wiatr: posts small blind $0.10
Alameda22: posts big blind $0.25
*** HOLE CARDS ***
Dealt to Alameda22 [5h Ts]
Taco100: folds 
AtrY: folds 
MAD-522: raises $0.50 to $0.75
Theodor109: folds 
Wiatr: folds 
Alameda22: folds 
Uncalled bet ($0.50) returned to MAD-522
MAD-522 collected $0.60 from pot
MAD-522: doesn't show hand 
*** SUMMARY ***
Total pot $0.60 | Rake $0 
Seat 1: Taco100 folded before Flop (didn't bet)
Seat 2: AtrY folded before Flop (didn't bet)
Seat 3: MAD-522 collected ($0.60)
Seat 4: Theodor109 (button) folded before Flop (didn't bet)
Seat 7: Wiatr (small blind) folded before Flop
Seat 9: Alameda22 (big blind) folded before Flop



PokerStars Game #20143432555:  Hold'em No Limit ($0.10/$0.25) - 2008/09/04 14:36:03 ET
Table 'Sponde II' 9-max Seat #7 is the button
Seat 1: Taco100 ($30.50 in chips) 
Seat 2: AtrY ($24.75 in chips) 
Seat 3: MAD-522 ($18.35 in chips) 
Seat 4: Theodor109 ($28.25 in chips) 
Seat 7: Wiatr ($21.25 in chips) 
Seat 9: Alameda22 ($22.85 in chips) 
Alameda22: posts small blind $0.10
Taco100: posts big blind $0.25
*** HOLE CARDS ***
Dealt to Alameda22 [Qd Td]
AtrY: folds 
MAD-522: folds 
Theodor109: folds 
Wiatr: folds 
Alameda22: calls $0.15
Taco100: checks 
*** FLOP *** [4d 5c 5d]
Alameda22: bets $0.25
Taco100: folds 
Uncalled bet ($0.25) returned to Alameda22
Alameda22 collected $0.50 from pot
Alameda22: doesn't show hand 
*** SUMMARY ***
Total pot $0.50 | Rake $0 
Board [4d 5c 5d]
Seat 1: Taco100 (big blind) folded on the Flop
Seat 2: AtrY folded before Flop (didn't bet)
Seat 3: MAD-522 folded before Flop (didn't bet)
Seat 4: Theodor109 folded before Flop (didn't bet)
Seat 7: Wiatr (button) folded before Flop (didn't bet)
Seat 9: Alameda22 (small blind) collected ($0.50)



PokerStars Game #20143452959:  Hold'em No Limit ($0.10/$0.25) - 2008/09/04 14:36:55 ET
Table 'Sponde II' 9-max Seat #9 is the button
Seat 1: Taco100 ($30.25 in chips) 
Seat 2: AtrY ($24.75 in chips) 
Seat 3: MAD-522 ($18.35 in chips) 
Seat 4: Theodor109 ($28.25 in chips) 
Seat 7: Wiatr ($21.25 in chips) 
Seat 9: Alameda22 ($23.10 in chips) 
Taco100: posts small blind $0.10
AtrY: posts big blind $0.25
*** HOLE CARDS ***
Dealt to Alameda22 [5h 4d]
MAD-522: folds 
Theodor109: folds 
Wiatr: raises $0.75 to $1
Alameda22: folds 
Taco100: folds 
AtrY: folds 
Uncalled bet ($0.75) returned to Wiatr
Wiatr collected $0.60 from pot
Wiatr: doesn't show hand 
*** SUMMARY ***
Total pot $0.60 | Rake $0 
Seat 1: Taco100 (small blind) folded before Flop
Seat 2: AtrY (big blind) folded before Flop
Seat 3: MAD-522 folded before Flop (didn't bet)
Seat 4: Theodor109 folded before Flop (didn't bet)
Seat 7: Wiatr collected ($0.60)
Seat 9: Alameda22 (button) folded before Flop (didn't bet)



PokerStars Game #20143462753:  Hold'em No Limit ($0.10/$0.25) - 2008/09/04 14:37:20 ET
Table 'Sponde II' 9-max Seat #1 is the button
Seat 1: Taco100 ($30.15 in chips) 
Seat 2: AtrY ($24.50 in chips) 
Seat 3: MAD-522 ($18.35 in chips) 
Seat 4: Theodor109 ($28.25 in chips) 
Seat 7: Wiatr ($21.60 in chips) 
Seat 9: Alameda22 ($23.10 in chips) 
AtrY: posts small blind $0.10
MAD-522: posts big blind $0.25
*** HOLE CARDS ***
Dealt to Alameda22 [Qh 6c]
Theodor109: folds 
Wiatr: folds 
Alameda22: folds 
Taco100: calls $0.25
AtrY: calls $0.15
MAD-522: checks 
*** FLOP *** [8h 6h 5c]
AtrY: checks 
MAD-522: bets $0.50
Taco100: folds 
AtrY: raises $2.25 to $2.75
MAD-522: folds 
Uncalled bet ($2.25) returned to AtrY
AtrY collected $1.70 from pot
AtrY: doesn't show hand 
*** SUMMARY ***
Total pot $1.75 | Rake $0.05 
Board [8h 6h 5c]
Seat 1: Taco100 (button) folded on the Flop
Seat 2: AtrY (small blind) collected ($1.70)
Seat 3: MAD-522 (big blind) folded on the Flop
Seat 4: Theodor109 folded before Flop (didn't bet)
Seat 7: Wiatr folded before Flop (didn't bet)
Seat 9: Alameda22 folded before Flop (didn't bet)



PokerStars Game #20143501014:  Hold'em No Limit ($0.10/$0.25) - 2008/09/04 14:38:57 ET
Table 'Sponde II' 9-max Seat #2 is the button
Seat 1: Taco100 ($29.90 in chips) 
Seat 2: AtrY ($25.45 in chips) 
Seat 3: MAD-522 ($17.60 in chips) 
Seat 4: Theodor109 ($28.25 in chips) 
Seat 7: Wiatr ($21.60 in chips) 
Seat 9: Alameda22 ($23.10 in chips) 
MAD-522: posts small blind $0.10
Theodor109: posts big blind $0.25
*** HOLE CARDS ***
Dealt to Alameda22 [4s Tc]
carpphhunter joins the table at seat #8 
Wiatr: raises $0.75 to $1
Alameda22: folds 
Taco100: folds 
AtrY: folds 
MAD-522: folds 
Theodor109: folds 
Uncalled bet ($0.75) returned to Wiatr
Wiatr collected $0.60 from pot
Wiatr: doesn't show hand 
*** SUMMARY ***
Total pot $0.60 | Rake $0 
Seat 1: Taco100 folded before Flop (didn't bet)
Seat 2: AtrY (button) folded before Flop (didn't bet)
Seat 3: MAD-522 (small blind) folded before Flop
Seat 4: Theodor109 (big blind) folded before Flop
Seat 7: Wiatr collected ($0.60)
Seat 9: Alameda22 folded before Flop (didn't bet)



PokerStars Game #20143519270:  Hold'em No Limit ($0.10/$0.25) - 2008/09/04 14:39:43 ET
Table 'Sponde II' 9-max Seat #3 is the button
Seat 1: Taco100 ($29.90 in chips) 
Seat 2: AtrY ($25.45 in chips) 
Seat 3: MAD-522 ($17.50 in chips) 
Seat 4: Theodor109 ($28 in chips) 
Seat 7: Wiatr ($21.95 in chips) 
Seat 8: carpphhunter ($14.05 in chips) 
Seat 9: Alameda22 ($23.10 in chips) 
Theodor109: posts small blind $0.10
Wiatr: posts big blind $0.25
carpphhunter: posts big blind $0.25
*** HOLE CARDS ***
Dealt to Alameda22 [Ts 6h]
carpphhunter: checks 
Alameda22: folds 
Taco100: folds 
AtrY: folds 
MAD-522: folds 
Theodor109: folds 
Wiatr: checks 
*** FLOP *** [5h 7c 5c]
Wiatr: checks 
carpphhunter: checks 
*** TURN *** [5h 7c 5c] [8s]
Wiatr: checks 
carpphhunter: bets $0.25
Wiatr: calls $0.25
*** RIVER *** [5h 7c 5c 8s] [4d]
Wiatr: checks 
carpphhunter: bets $1.75
Wiatr: folds 
Uncalled bet ($1.75) returned to carpphhunter
carpphhunter collected $1.05 from pot
vltrmoniz has returned
carpphhunter: doesn't show hand 
*** SUMMARY ***
Total pot $1.10 | Rake $0.05 
Board [5h 7c 5c 8s 4d]
Seat 1: Taco100 folded before Flop (didn't bet)
Seat 2: AtrY folded before Flop (didn't bet)
Seat 3: MAD-522 (button) folded before Flop (didn't bet)
Seat 4: Theodor109 (small blind) folded before Flop
Seat 7: Wiatr (big blind) folded on the River
Seat 8: carpphhunter collected ($1.05)
Seat 9: Alameda22 folded before Flop (didn't bet)



PokerStars Game #20143547224:  Hold'em No Limit ($0.10/$0.25) - 2008/09/04 14:40:54 ET
Table 'Sponde II' 9-max Seat #4 is the button
Seat 1: Taco100 ($29.90 in chips) 
Seat 2: AtrY ($25.45 in chips) 
Seat 3: MAD-522 ($17.50 in chips) 
Seat 4: Theodor109 ($27.90 in chips) 
Seat 7: Wiatr ($21.45 in chips) 
Seat 8: carpphhunter ($14.60 in chips) 
Seat 9: Alameda22 ($23.10 in chips) 
vltrmoniz will be allowed to play after the button
Wiatr: posts small blind $0.10
carpphhunter: posts big blind $0.25
*** HOLE CARDS ***
Dealt to Alameda22 [7d Qs]
vltrmoniz leaves the table
Alameda22: folds 
Taco100: folds 
AtrY: folds 
MAD-522: folds 
Theodor109: folds 
Wiatr: folds 
Uncalled bet ($0.15) returned to carpphhunter
carpphhunter collected $0.20 from pot
*** SUMMARY ***
Total pot $0.20 | Rake $0 
Seat 1: Taco100 folded before Flop (didn't bet)
Seat 2: AtrY folded before Flop (didn't bet)
Seat 3: MAD-522 folded before Flop (didn't bet)
Seat 4: Theodor109 (button) folded before Flop (didn't bet)
Seat 7: Wiatr (small blind) folded before Flop
Seat 8: carpphhunter (big blind) collected ($0.20)
Seat 9: Alameda22 folded before Flop (didn't bet)



PokerStars Game #20143562460:  Hold'em No Limit ($0.10/$0.25) - 2008/09/04 14:41:33 ET
Table 'Sponde II' 9-max Seat #7 is the button
Seat 1: Taco100 ($29.90 in chips) 
Seat 2: AtrY ($25.45 in chips) 
Seat 3: MAD-522 ($25 in chips) 
Seat 4: Theodor109 ($27.90 in chips) 
Seat 7: Wiatr ($21.35 in chips) 
Seat 8: carpphhunter ($14.70 in chips) 
Seat 9: Alameda22 ($23.10 in chips) 
carpphhunter: posts small blind $0.10
Alameda22: posts big blind $0.25
*** HOLE CARDS ***
Dealt to Alameda22 [4h 8d]
Taco100: folds 
AtrY: folds 
MAD-522: folds 
Theodor109: folds 
Wiatr: folds 
carpphhunter: calls $0.15
Alameda22: checks 
*** FLOP *** [Ah 2s Kd]
carpphhunter: checks 
Alameda22: checks 
*** TURN *** [Ah 2s Kd] [5s]
carpphhunter: checks 
Alameda22: checks 
*** RIVER *** [Ah 2s Kd 5s] [Jh]
carpphhunter: checks 
Alameda22: checks 
*** SHOW DOWN ***
carpphhunter: shows [7c 6d] (high card Ace)
Alameda22: shows [4h 8d] (high card Ace - King+Jack+Eight kicker)
Alameda22 collected $0.50 from pot
*** SUMMARY ***
Total pot $0.50 | Rake $0 
Board [Ah 2s Kd 5s Jh]
Seat 1: Taco100 folded before Flop (didn't bet)
Seat 2: AtrY folded before Flop (didn't bet)
Seat 3: MAD-522 folded before Flop (didn't bet)
Seat 4: Theodor109 folded before Flop (didn't bet)
Seat 7: Wiatr (button) folded before Flop (didn't bet)
Seat 8: carpphhunter (small blind) showed [7c 6d] and lost with high card Ace
Seat 9: Alameda22 (big blind) showed [4h 8d] and won ($0.50) with high card Ace



PokerStars Game #20143586288:  Hold'em No Limit ($0.10/$0.25) - 2008/09/04 14:42:33 ET
Table 'Sponde II' 9-max Seat #8 is the button
Seat 1: Taco100 ($29.90 in chips) 
Seat 2: AtrY ($25.45 in chips) 
Seat 3: MAD-522 ($25 in chips) 
Seat 4: Theodor109 ($27.90 in chips) 
Seat 7: Wiatr ($21.35 in chips) 
Seat 8: carpphhunter ($14.45 in chips) 
Seat 9: Alameda22 ($23.35 in chips) 
Alameda22: posts small blind $0.10
Taco100: posts big blind $0.25
*** HOLE CARDS ***
Dealt to Alameda22 [9c Th]
AtrY: folds 
MAD-522: folds 
Theodor109: folds 
Wiatr: folds 
carpphhunter: calls $0.25
Alameda22: folds 
Taco100: checks 
*** FLOP *** [4s 8s 5h]
Taco100: bets $0.25
carpphhunter: calls $0.25
*** TURN *** [4s 8s 5h] [Ks]
Taco100: checks 
carpphhunter: checks 
*** RIVER *** [4s 8s 5h Ks] [6s]
Taco100: checks 
carpphhunter: bets $0.75
Taco100: calls $0.75
*** SHOW DOWN ***
carpphhunter: shows [7c 9d] (a straight, Five to Nine)
Taco100: mucks hand 
carpphhunter collected $2.50 from pot
*** SUMMARY ***
Total pot $2.60 | Rake $0.10 
Board [4s 8s 5h Ks 6s]
Seat 1: Taco100 (big blind) mucked [4h 4c]
Seat 2: AtrY folded before Flop (didn't bet)
Seat 3: MAD-522 folded before Flop (didn't bet)
Seat 4: Theodor109 folded before Flop (didn't bet)
Seat 7: Wiatr folded before Flop (didn't bet)
Seat 8: carpphhunter (button) showed [7c 9d] and won ($2.50) with a straight, Five to Nine
Seat 9: Alameda22 (small blind) folded before Flop



PokerStars Game #20143608743:  Hold'em No Limit ($0.10/$0.25) - 2008/09/04 14:43:30 ET
Table 'Sponde II' 9-max Seat #9 is the button
Seat 1: Taco100 ($28.65 in chips) 
Seat 2: AtrY ($25.45 in chips) 
Seat 3: MAD-522 ($25 in chips) 
Seat 4: Theodor109 ($27.90 in chips) 
Seat 7: Wiatr ($21.35 in chips) 
Seat 8: carpphhunter ($15.70 in chips) 
Seat 9: Alameda22 ($23.25 in chips) 
Taco100: posts small blind $0.10
AtrY: posts big blind $0.25
*** HOLE CARDS ***
Dealt to Alameda22 [3h 4s]
MAD-522: folds 
W.M.C 74 joins the table at seat #5 
Theodor109: folds 
Wiatr: folds 
carpphhunter: calls $0.25
Alameda22: folds 
Taco100: calls $0.15
AtrY: checks 
*** FLOP *** [Kh Kc Tc]
Taco100: checks 
AtrY: checks 
carpphhunter: checks 
*** TURN *** [Kh Kc Tc] [5h]
Taco100: checks 
AtrY: checks 
carpphhunter: checks 
*** RIVER *** [Kh Kc Tc 5h] [Qs]
Taco100: bets $0.75
AtrY: folds 
carpphhunter: raises $0.75 to $1.50
Taco100: calls $0.75
*** SHOW DOWN ***
carpphhunter: shows [Jd 9s] (a straight, Nine to King)
Taco100: shows [Jc Ad] (a straight, Ten to Ace)
Taco100 collected $3.60 from pot
Taco100 is sitting out
*** SUMMARY ***
Total pot $3.75 | Rake $0.15 
Board [Kh Kc Tc 5h Qs]
Seat 1: Taco100 (small blind) showed [Jc Ad] and won ($3.60) with a straight, Ten to Ace
Seat 2: AtrY (big blind) folded on the River
Seat 3: MAD-522 folded before Flop (didn't bet)
Seat 4: Theodor109 folded before Flop (didn't bet)
Seat 7: Wiatr folded before Flop (didn't bet)
Seat 8: carpphhunter showed [Jd 9s] and lost with a straight, Nine to King
Seat 9: Alameda22 (button) folded before Flop (didn't bet)



PokerStars Game #20143647569:  Hold'em No Limit ($0.10/$0.25) - 2008/09/04 14:45:09 ET
Table 'Sponde II' 9-max Seat #2 is the button
Seat 2: AtrY ($25.20 in chips) 
Seat 3: MAD-522 ($25 in chips) 
Seat 4: Theodor109 ($27.90 in chips) 
Seat 7: Wiatr ($21.35 in chips) 
Seat 8: carpphhunter ($13.95 in chips) 
Seat 9: Alameda22 ($23.25 in chips) 
MAD-522: posts small blind $0.10
Theodor109: posts big blind $0.25
W.M.C 74: sits out 
*** HOLE CARDS ***
Dealt to Alameda22 [7h Kc]
Wiatr: folds 
carpphhunter: calls $0.25
Alameda22: folds 
AtrY: calls $0.25
MAD-522: calls $0.15
Theodor109: raises $1.50 to $1.75
carpphhunter: folds 
AtrY: calls $1.50
MAD-522: calls $1.50
*** FLOP *** [Tc 3h Js]
MAD-522: checks 
Theodor109: checks 
AtrY: checks 
*** TURN *** [Tc 3h Js] [Qd]
MAD-522: checks 
Theodor109: checks 
AtrY: checks 
*** RIVER *** [Tc 3h Js Qd] [9d]
MAD-522: checks 
Theodor109: bets $2
AtrY: folds 
MAD-522: calls $2
*** SHOW DOWN ***
Theodor109: shows [Jc Ac] (a pair of Jacks)
MAD-522: shows [Jd Ad] (a pair of Jacks)
MAD-522 collected $4.55 from pot
Theodor109 collected $4.50 from pot
*** SUMMARY ***
Total pot $9.50 | Rake $0.45 
Board [Tc 3h Js Qd 9d]
Seat 2: AtrY (button) folded on the River
Seat 3: MAD-522 (small blind) showed [Jd Ad] and won ($4.55) with a pair of Jacks
Seat 4: Theodor109 (big blind) showed [Jc Ac] and won ($4.50) with a pair of Jacks
Seat 7: Wiatr folded before Flop (didn't bet)
Seat 8: carpphhunter folded before Flop
Seat 9: Alameda22 folded before Flop (didn't bet)



PokerStars Game #20143688919:  Hold'em No Limit ($0.10/$0.25) - 2008/09/04 14:46:50 ET
Table 'Sponde II' 9-max Seat #3 is the button
Seat 2: AtrY ($25 in chips) 
Seat 3: MAD-522 ($25.80 in chips) 
Seat 4: Theodor109 ($28.65 in chips) 
Seat 5: W.M.C 74 ($15 in chips) 
Seat 7: Wiatr ($21.35 in chips) 
Seat 8: carpphhunter ($13.70 in chips) 
Seat 9: Alameda22 ($23.25 in chips) 
Theodor109: posts small blind $0.10
W.M.C 74: posts big blind $0.25
*** HOLE CARDS ***
Dealt to Alameda22 [6h 8c]
Wiatr: folds 
carpphhunter: calls $0.25
Alameda22: folds 
AtrY: raises $1 to $1.25
MAD-522: folds 
Theodor109: folds 
W.M.C 74: folds 
carpphhunter: folds 
Uncalled bet ($1) returned to AtrY
AtrY collected $0.85 from pot
AtrY: doesn't show hand 
*** SUMMARY ***
Total pot $0.85 | Rake $0 
Seat 2: AtrY collected ($0.85)
Seat 3: MAD-522 (button) folded before Flop (didn't bet)
Seat 4: Theodor109 (small blind) folded before Flop
Seat 5: W.M.C 74 (big blind) folded before Flop
Seat 7: Wiatr folded before Flop (didn't bet)
Seat 8: carpphhunter folded before Flop
Seat 9: Alameda22 folded before Flop (didn't bet)



PokerStars Game #20143708504:  Hold'em No Limit ($0.10/$0.25) - 2008/09/04 14:47:38 ET
Table 'Sponde II' 9-max Seat #4 is the button
Seat 2: AtrY ($25.60 in chips) 
Seat 3: MAD-522 ($25.80 in chips) 
Seat 4: Theodor109 ($28.55 in chips) 
Seat 5: W.M.C 74 ($14.75 in chips) 
Seat 7: Wiatr ($21.35 in chips) 
Seat 8: carpphhunter ($13.45 in chips) 
Seat 9: Alameda22 ($23.25 in chips) 
W.M.C 74: posts small blind $0.10
Wiatr: posts big blind $0.25
*** HOLE CARDS ***
Dealt to Alameda22 [Qs Kd]
carpphhunter: calls $0.25
Alameda22: folds 
ehlcdpn joins the table at seat #6 
AtrY: folds 
MAD-522: raises $0.75 to $1
Theodor109: folds 
W.M.C 74: folds 
Wiatr: folds 
carpphhunter: calls $0.75
*** FLOP *** [3s 7s 8s]
carpphhunter: checks 
MAD-522: bets $1.50
carpphhunter: raises $10.95 to $12.45 and is all-in
MAD-522: calls $10.95
*** TURN *** [3s 7s 8s] [5s]
*** RIVER *** [3s 7s 8s 5s] [5h]
*** SHOW DOWN ***
carpphhunter: shows [6s 3h] (a flush, Eight high)
MAD-522: mucks hand 
carpphhunter collected $25.90 from pot
*** SUMMARY ***
Total pot $27.25 | Rake $1.35 
Board [3s 7s 8s 5s 5h]
Seat 2: AtrY folded before Flop (didn't bet)
Seat 3: MAD-522 mucked [Kh Kc]
Seat 4: Theodor109 (button) folded before Flop (didn't bet)
Seat 5: W.M.C 74 (small blind) folded before Flop
Seat 7: Wiatr (big blind) folded before Flop
Seat 8: carpphhunter showed [6s 3h] and won ($25.90) with a flush, Eight high
Seat 9: Alameda22 folded before Flop (didn't bet)



PokerStars Game #20143748947:  Hold'em No Limit ($0.10/$0.25) - 2008/09/04 14:49:17 ET
Table 'Sponde II' 9-max Seat #5 is the button
Seat 2: AtrY ($25.60 in chips) 
Seat 3: MAD-522 ($12.35 in chips) 
Seat 4: Theodor109 ($28.55 in chips) 
Seat 5: W.M.C 74 ($14.65 in chips) 
Seat 7: Wiatr ($21.10 in chips) 
Seat 8: carpphhunter ($25.90 in chips) 
Seat 9: Alameda22 ($23.25 in chips) 
ehlcdpn will be allowed to play after the button
Wiatr: posts small blind $0.10
carpphhunter: posts big blind $0.25
*** HOLE CARDS ***
Dealt to Alameda22 [As 3s]
Alameda22: folds 
AtrY: folds 
MAD-522: folds 
Theodor109: folds 
W.M.C 74: folds 
Wiatr: folds 
Uncalled bet ($0.15) returned to carpphhunter
carpphhunter collected $0.20 from pot
MAD-522 leaves the table
*** SUMMARY ***
Total pot $0.20 | Rake $0 
Seat 2: AtrY folded before Flop (didn't bet)
Seat 3: MAD-522 folded before Flop (didn't bet)
Seat 4: Theodor109 folded before Flop (didn't bet)
Seat 5: W.M.C 74 (button) folded before Flop (didn't bet)
Seat 7: Wiatr (small blind) folded before Flop
Seat 8: carpphhunter (big blind) collected ($0.20)
Seat 9: Alameda22 folded before Flop (didn't bet)



PokerStars Game #20143758714:  Hold'em No Limit ($0.10/$0.25) - 2008/09/04 14:49:40 ET
Table 'Sponde II' 9-max Seat #7 is the button
Seat 2: AtrY ($25.60 in chips) 
Seat 4: Theodor109 ($28.55 in chips) 
Seat 5: W.M.C 74 ($14.65 in chips) 
Seat 7: Wiatr ($21 in chips) 
Seat 8: carpphhunter ($26 in chips) 
Seat 9: Alameda22 ($23.25 in chips) 
carpphhunter: posts small blind $0.10
Alameda22: posts big blind $0.25
ehlcdpn: sits out 
*** HOLE CARDS ***
Dealt to Alameda22 [Ah Ts]
AtrY: raises $0.75 to $1
Theodor109: folds 
W.M.C 74: calls $1
Wiatr: folds 
carpphhunter: calls $0.90
Alameda22: folds 
*** FLOP *** [Qd Tc 2h]
carpphhunter: checks 
AtrY: checks 
BluffN4Chips joins the table at seat #3 
W.M.C 74: bets $1
carpphhunter: raises $1.75 to $2.75
AtrY: folds 
W.M.C 74: calls $1.75
*** TURN *** [Qd Tc 2h] [4d]
carpphhunter: bets $5.75
W.M.C 74: calls $5.75
*** RIVER *** [Qd Tc 2h 4d] [8s]
carpphhunter: bets $16.50 and is all-in
W.M.C 74: calls $5.15 and is all-in
Uncalled bet ($11.35) returned to carpphhunter
*** SHOW DOWN ***
carpphhunter: shows [4h Qs] (two pair, Queens and Fours)
W.M.C 74: mucks hand 
carpphhunter collected $29.10 from pot
*** SUMMARY ***
Total pot $30.55 | Rake $1.45 
Board [Qd Tc 2h 4d 8s]
Seat 2: AtrY folded on the Flop
Seat 4: Theodor109 folded before Flop (didn't bet)
Seat 5: W.M.C 74 mucked [As Qh]
Seat 7: Wiatr (button) folded before Flop (didn't bet)
Seat 8: carpphhunter (small blind) showed [4h Qs] and won ($29.10) with two pair, Queens and Fours
Seat 9: Alameda22 (big blind) folded before Flop



PokerStars Game #20143798216:  Hold'em No Limit ($0.10/$0.25) - 2008/09/04 14:51:17 ET
Table 'Sponde II' 9-max Seat #8 is the button
Seat 2: AtrY ($25 in chips) 
Seat 3: BluffN4Chips ($15 in chips) 
Seat 4: Theodor109 ($28.55 in chips) 
Seat 7: Wiatr ($21 in chips) 
Seat 8: carpphhunter ($40.45 in chips) 
Seat 9: Alameda22 ($23 in chips) 
Alameda22: posts small blind $0.10
AtrY: posts big blind $0.25
BluffN4Chips: posts big blind $0.25
ehlcdpn: sits out 
*** HOLE CARDS ***
Dealt to Alameda22 [2s Jd]
BluffN4Chips: checks 
Theodor109: folds 
W.M.C 74 leaves the table
Wiatr: raises $0.95 to $1.20
catanoro joins the table at seat #5 
carpphhunter: calls $1.20
Alameda22: folds 
AtrY: folds 
BluffN4Chips: folds 
*** FLOP *** [Ah 6s 3d]
Wiatr: checks 
carpphhunter: bets $0.75
Wiatr: folds 
Uncalled bet ($0.75) returned to carpphhunter
carpphhunter collected $2.85 from pot
*** SUMMARY ***
Total pot $3 | Rake $0.15 
Board [Ah 6s 3d]
Seat 2: AtrY (big blind) folded before Flop
Seat 3: BluffN4Chips folded before Flop
Seat 4: Theodor109 folded before Flop (didn't bet)
Seat 7: Wiatr folded on the Flop
Seat 8: carpphhunter (button) collected ($2.85)
Seat 9: Alameda22 (small blind) folded before Flop



PokerStars Game #20143832169:  Hold'em No Limit ($0.10/$0.25) - 2008/09/04 14:52:40 ET
Table 'Sponde II' 9-max Seat #9 is the button
Seat 2: AtrY ($24.75 in chips) 
Seat 3: BluffN4Chips ($14.75 in chips) 
Seat 4: Theodor109 ($28.55 in chips) 
Seat 5: catanoro ($15 in chips) 
Seat 7: Wiatr ($19.80 in chips) 
Seat 8: carpphhunter ($42.10 in chips) 
Seat 9: Alameda22 ($22.90 in chips) 
AtrY: posts small blind $0.10
BluffN4Chips: posts big blind $0.25
catanoro: posts big blind $0.25
ehlcdpn: sits out 
*** HOLE CARDS ***
Dealt to Alameda22 [9s 2d]
Theodor109: folds 
catanoro: raises $0.25 to $0.50
Wiatr: folds 
carpphhunter: calls $0.50
Alameda22: folds 
AtrY: folds 
BluffN4Chips: calls $0.25
*** FLOP *** [Kd 4c Tc]
BluffN4Chips: checks 
catanoro: bets $0.25
carpphhunter: folds 
BluffN4Chips: calls $0.25
*** TURN *** [Kd 4c Tc] [Ks]
BluffN4Chips: checks 
catanoro: bets $0.25
BluffN4Chips: calls $0.25
*** RIVER *** [Kd 4c Tc Ks] [Ts]
BluffN4Chips: checks 
catanoro: bets $0.25
BluffN4Chips: raises $1.25 to $1.50
catanoro: calls $1.25
*** SHOW DOWN ***
BluffN4Chips: shows [9h Jh] (two pair, Kings and Tens)
catanoro: shows [Ah As] (two pair, Aces and Kings)
catanoro collected $5.35 from pot
*** SUMMARY ***
Total pot $5.60 | Rake $0.25 
Board [Kd 4c Tc Ks Ts]
Seat 2: AtrY (small blind) folded before Flop
Seat 3: BluffN4Chips (big blind) showed [9h Jh] and lost with two pair, Kings and Tens
Seat 4: Theodor109 folded before Flop (didn't bet)
Seat 5: catanoro showed [Ah As] and won ($5.35) with two pair, Aces and Kings
Seat 7: Wiatr folded before Flop (didn't bet)
Seat 8: carpphhunter folded on the Flop
Seat 9: Alameda22 (button) folded before Flop (didn't bet)



PokerStars Game #20143866622:  Hold'em No Limit ($0.10/$0.25) - 2008/09/04 14:54:04 ET
Table 'Sponde II' 9-max Seat #2 is the button
Seat 2: AtrY ($24.65 in chips) 
Seat 3: BluffN4Chips ($12.25 in chips) 
Seat 4: Theodor109 ($28.55 in chips) 
Seat 5: catanoro ($17.85 in chips) 
Seat 7: Wiatr ($19.80 in chips) 
Seat 8: carpphhunter ($41.60 in chips) 
Seat 9: Alameda22 ($22.90 in chips) 
BluffN4Chips: posts small blind $0.10
Theodor109: posts big blind $0.25
ehlcdpn: sits out 
*** HOLE CARDS ***
Dealt to Alameda22 [Td 3h]
catanoro: calls $0.25
Wiatr: folds 
carpphhunter: calls $0.25
Alameda22: folds 
AtrY: folds 
BluffN4Chips: calls $0.15
Theodor109: checks 
*** FLOP *** [Qd 7h 8d]
BluffN4Chips: checks 
Theodor109: bets $0.75
catanoro: folds 
carpphhunter: folds 
BluffN4Chips: folds 
Uncalled bet ($0.75) returned to Theodor109
Theodor109 collected $0.95 from pot
Theodor109: doesn't show hand 
*** SUMMARY ***
Total pot $1 | Rake $0.05 
Board [Qd 7h 8d]
Seat 2: AtrY (button) folded before Flop (didn't bet)
Seat 3: BluffN4Chips (small blind) folded on the Flop
Seat 4: Theodor109 (big blind) collected ($0.95)
Seat 5: catanoro folded on the Flop
Seat 7: Wiatr folded before Flop (didn't bet)
Seat 8: carpphhunter folded on the Flop
Seat 9: Alameda22 folded before Flop (didn't bet)



PokerStars Game #20143881244:  Hold'em No Limit ($0.10/$0.25) - 2008/09/04 14:54:40 ET
Table 'Sponde II' 9-max Seat #3 is the button
Seat 2: AtrY ($24.65 in chips) 
Seat 3: BluffN4Chips ($12 in chips) 
Seat 4: Theodor109 ($29.25 in chips) 
Seat 5: catanoro ($17.60 in chips) 
Seat 7: Wiatr ($19.80 in chips) 
Seat 8: carpphhunter ($41.35 in chips) 
Seat 9: Alameda22 ($22.90 in chips) 
Theodor109: posts small blind $0.10
catanoro: posts big blind $0.25
ehlcdpn: sits out 
*** HOLE CARDS ***
Dealt to Alameda22 [Kh Ah]
Wiatr: folds 
carpphhunter: calls $0.25
carpphhunter said, "fr2 wo is albi"
Alameda22: raises $1 to $1.25
AtrY: folds 
BluffN4Chips: folds 
BluffN4Chips is sitting out
Theodor109: folds 
catanoro: folds 
carpphhunter: folds 
Uncalled bet ($1) returned to Alameda22
Alameda22 collected $0.85 from pot
Alameda22: doesn't show hand 
*** SUMMARY ***
Total pot $0.85 | Rake $0 
Seat 2: AtrY folded before Flop (didn't bet)
Seat 3: BluffN4Chips (button) folded before Flop (didn't bet)
Seat 4: Theodor109 (small blind) folded before Flop
Seat 5: catanoro (big blind) folded before Flop
Seat 7: Wiatr folded before Flop (didn't bet)
Seat 8: carpphhunter folded before Flop
Seat 9: Alameda22 collected ($0.85)



PokerStars Game #20143901455:  Hold'em No Limit ($0.10/$0.25) - 2008/09/04 14:55:29 ET
Table 'Sponde II' 9-max Seat #4 is the button
Seat 2: AtrY ($24.65 in chips) 
Seat 4: Theodor109 ($29.15 in chips) 
Seat 5: catanoro ($17.35 in chips) 
Seat 6: ehlcdpn ($5 in chips) 
Seat 7: Wiatr ($19.80 in chips) 
Seat 8: carpphhunter ($41.10 in chips) 
Seat 9: Alameda22 ($23.50 in chips) 
catanoro: posts small blind $0.10
ehlcdpn: posts big blind $0.25
*** HOLE CARDS ***
Dealt to Alameda22 [Kh 6d]
Wiatr: folds 
carpphhunter: folds 
carpphhunter is sitting out
Alameda22: folds 
AtrY: folds 
Theodor109: folds 
catanoro: calls $0.15
ehlcdpn: checks 
*** FLOP *** [5d As Ts]
catanoro: checks 
ehlcdpn: bets $0.50
catanoro: calls $0.50
*** TURN *** [5d As Ts] [Kc]
catanoro: checks 
ehlcdpn: bets $1
catanoro: calls $1
*** RIVER *** [5d As Ts Kc] [9s]
BluffN4Chips has returned
catanoro: checks 
ehlcdpn: checks 
*** SHOW DOWN ***
catanoro: shows [2s Js] (a flush, Ace high)
ehlcdpn: mucks hand 
catanoro collected $3.35 from pot
Taco100 has returned
*** SUMMARY ***
Total pot $3.50 | Rake $0.15 
Board [5d As Ts Kc 9s]
Seat 2: AtrY folded before Flop (didn't bet)
Seat 4: Theodor109 (button) folded before Flop (didn't bet)
Seat 5: catanoro (small blind) showed [2s Js] and won ($3.35) with a flush, Ace high
Seat 6: ehlcdpn (big blind) mucked [Ad 4c]
Seat 7: Wiatr folded before Flop (didn't bet)
Seat 8: carpphhunter folded before Flop (didn't bet)
Seat 9: Alameda22 folded before Flop (didn't bet)



PokerStars Game #20143928645:  Hold'em No Limit ($0.10/$0.25) - 2008/09/04 14:56:36 ET
Table 'Sponde II' 9-max Seat #5 is the button
Seat 1: Taco100 ($30.50 in chips) 
Seat 2: AtrY ($24.65 in chips) 
Seat 3: BluffN4Chips ($12 in chips) 
Seat 4: Theodor109 ($29.15 in chips) 
Seat 5: catanoro ($18.95 in chips) 
Seat 6: ehlcdpn ($5 in chips) 
Seat 7: Wiatr ($19.80 in chips) 
Seat 9: Alameda22 ($23.50 in chips) 
ehlcdpn: posts small blind $0.10
Wiatr: posts big blind $0.25
Taco100: posts small & big blinds $0.35
*** HOLE CARDS ***
Dealt to Alameda22 [Js Jc]
Alameda22: raises $1 to $1.25
Taco100: folds 
carpphhunter has returned
AtrY: folds 
BluffN4Chips: folds 
Theodor109: folds 
catanoro: folds 
ehlcdpn: folds 
Wiatr: folds 
Uncalled bet ($1) returned to Alameda22
Alameda22 collected $0.95 from pot
Alameda22: doesn't show hand 
*** SUMMARY ***
Total pot $0.95 | Rake $0 
Seat 1: Taco100 folded before Flop
Seat 2: AtrY folded before Flop (didn't bet)
Seat 3: BluffN4Chips folded before Flop (didn't bet)
Seat 4: Theodor109 folded before Flop (didn't bet)
Seat 5: catanoro (button) folded before Flop (didn't bet)
Seat 6: ehlcdpn (small blind) folded before Flop
Seat 7: Wiatr (big blind) folded before Flop
Seat 9: Alameda22 collected ($0.95)



