PokerStars Game #20022668378:  Hold'em No Limit ($0.10/$0.25) - 2008/08/30 - 18:31:09 (ET)
Table 'Blok' 9-max Seat #3 is the button
Seat 1: Gixxer2007 ($61.85 in chips) 
Seat 3: Canoe kok ($23.90 in chips) 
Seat 4: snoo46 ($5.60 in chips) 
Seat 5: Alameda22 ($25 in chips) 
Seat 6: 27petedragon ($8.95 in chips) 
Seat 7: Cramsog ($14.40 in chips) 
Seat 8: rackoblack2 ($13 in chips) 
Seat 9: 221chr ($23.65 in chips) 
snoo46: posts small blind $0.10
Alameda22: posts big blind $0.25
*** HOLE CARDS ***
Dealt to Alameda22 [Qs Jd]
27petedragon: calls $0.25
Cramsog: folds 
rackoblack2: folds 
221chr: folds 
Gixxer2007: folds 
Canoe kok: calls $0.25
snoo46: folds 
Alameda22: checks 
*** FLOP *** [2s 5s As]
Alameda22: checks 
27petedragon: checks 
paulieknoxie has returned
Canoe kok: checks 
*** TURN *** [2s 5s As] [9c]
Alameda22: checks 
27petedragon: checks 
Canoe kok: bets $0.50
Alameda22: folds 
27petedragon: calls $0.50
*** RIVER *** [2s 5s As 9c] [Kh]
27petedragon: bets $1
Canoe kok: calls $1
*** SHOW DOWN ***
27petedragon: shows [2d Td] (a pair of Deuces)
Canoe kok: shows [Tc Ad] (a pair of Aces)
Canoe kok collected $3.70 from pot
*** SUMMARY ***
Total pot $3.85 | Rake $0.15 
Board [2s 5s As 9c Kh]
Seat 1: Gixxer2007 folded before Flop (didn't bet)
Seat 3: Canoe kok (button) showed [Tc Ad] and won ($3.70) with a pair of Aces
Seat 4: snoo46 (small blind) folded before Flop
Seat 5: Alameda22 (big blind) folded on the Turn
Seat 6: 27petedragon showed [2d Td] and lost with a pair of Deuces
Seat 7: Cramsog folded before Flop (didn't bet)
Seat 8: rackoblack2 folded before Flop (didn't bet)
Seat 9: 221chr folded before Flop (didn't bet)



PokerStars Game #20022701456:  Hold'em No Limit ($0.10/$0.25) - 2008/08/30 - 18:32:43 (ET)
Table 'Blok' 9-max Seat #4 is the button
Seat 1: Gixxer2007 ($61.85 in chips) 
Seat 2: paulieknoxie ($6.45 in chips) 
Seat 3: Canoe kok ($25.85 in chips) 
Seat 4: snoo46 ($5.50 in chips) 
Seat 5: Alameda22 ($24.75 in chips) 
Seat 6: 27petedragon ($7.20 in chips) 
Seat 7: Cramsog ($14.40 in chips) 
Seat 8: rackoblack2 ($13 in chips) 
Seat 9: 221chr ($23.65 in chips) 
Alameda22: posts small blind $0.10
27petedragon: posts big blind $0.25
paulieknoxie: posts small & big blinds $0.35
*** HOLE CARDS ***
Dealt to Alameda22 [Jh 9d]
Cramsog: calls $0.25
rackoblack2: folds 
221chr: folds 
Gixxer2007: calls $0.25
paulieknoxie: checks 
Canoe kok: folds 
Canoe kok is sitting out
snoo46: calls $0.25
Alameda22: folds 
27petedragon: checks 
*** FLOP *** [4c Kh Ad]
27petedragon: checks 
Cramsog: checks 
Gixxer2007: bets $0.75
paulieknoxie: folds 
snoo46: calls $0.75
27petedragon: calls $0.75
Cramsog: folds 
*** TURN *** [4c Kh Ad] [3h]
27petedragon: checks 
Gixxer2007: bets $5
snoo46: folds 
27petedragon: folds 
Uncalled bet ($5) returned to Gixxer2007
Gixxer2007 collected $3.55 from pot
Gixxer2007: doesn't show hand 
*** SUMMARY ***
Total pot $3.70 | Rake $0.15 
Board [4c Kh Ad 3h]
Seat 1: Gixxer2007 collected ($3.55)
Seat 2: paulieknoxie folded on the Flop
Seat 3: Canoe kok folded before Flop (didn't bet)
Seat 4: snoo46 (button) folded on the Turn
Seat 5: Alameda22 (small blind) folded before Flop
Seat 6: 27petedragon (big blind) folded on the Turn
Seat 7: Cramsog folded on the Flop
Seat 8: rackoblack2 folded before Flop (didn't bet)
Seat 9: 221chr folded before Flop (didn't bet)



PokerStars Game #20022744367:  Hold'em No Limit ($0.10/$0.25) - 2008/08/30 - 18:34:42 (ET)
Table 'Blok' 9-max Seat #5 is the button
Seat 1: Gixxer2007 ($64.40 in chips) 
Seat 2: paulieknoxie ($6.10 in chips) 
Seat 4: snoo46 ($4.50 in chips) 
Seat 5: Alameda22 ($24.65 in chips) 
Seat 6: 27petedragon ($6.20 in chips) 
Seat 7: Cramsog ($14.15 in chips) 
Seat 8: rackoblack2 ($13 in chips) 
Seat 9: 221chr ($23.65 in chips) 
27petedragon: posts small blind $0.10
Cramsog: posts big blind $0.25
*** HOLE CARDS ***
Dealt to Alameda22 [3d Jh]
rackoblack2: folds 
rackoblack2 is sitting out
221chr: folds 
Gixxer2007: folds 
paulieknoxie: folds 
snoo46: raises $1.25 to $1.50
Alameda22: folds 
27petedragon: folds 
Cramsog: folds 
Uncalled bet ($1.25) returned to snoo46
snoo46 collected $0.60 from pot
snoo46: doesn't show hand 
*** SUMMARY ***
Total pot $0.60 | Rake $0 
Seat 1: Gixxer2007 folded before Flop (didn't bet)
Seat 2: paulieknoxie folded before Flop (didn't bet)
Seat 4: snoo46 collected ($0.60)
Seat 5: Alameda22 (button) folded before Flop (didn't bet)
Seat 6: 27petedragon (small blind) folded before Flop
Seat 7: Cramsog (big blind) folded before Flop
Seat 8: rackoblack2 folded before Flop (didn't bet)
Seat 9: 221chr folded before Flop (didn't bet)



PokerStars Game #20022762029:  Hold'em No Limit ($0.10/$0.25) - 2008/08/30 - 18:35:32 (ET)
Table 'Blok' 9-max Seat #6 is the button
Seat 1: Gixxer2007 ($64.40 in chips) 
Seat 2: paulieknoxie ($6.10 in chips) 
Seat 4: snoo46 ($4.85 in chips) 
Seat 5: Alameda22 ($24.65 in chips) 
Seat 6: 27petedragon ($6.10 in chips) 
Seat 7: Cramsog ($13.90 in chips) 
Cramsog: posts small blind $0.10
221chr: is sitting out 
Gixxer2007: posts big blind $0.25
*** HOLE CARDS ***
Dealt to Alameda22 [7c Jc]
221chr leaves the table
bjdaddy joins the table at seat #9 
paulieknoxie is disconnected 
paulieknoxie has timed out while disconnected
paulieknoxie: folds 
paulieknoxie is sitting out
snoo46: raises $1.25 to $1.50
Alameda22: folds 
27petedragon: calls $1.50
Cramsog: folds 
paulieknoxie is connected 
Gixxer2007: folds 
*** FLOP *** [Tc 9d 4s]
paulieknoxie has returned
snoo46: bets $3.35 and is all-in
27petedragon: calls $3.35
*** TURN *** [Tc 9d 4s] [2s]
*** RIVER *** [Tc 9d 4s 2s] [7s]
*** SHOW DOWN ***
snoo46: shows [As Ts] (a flush, Ace high)
27petedragon: mucks hand 
snoo46 collected $9.60 from pot
*** SUMMARY ***
Total pot $10.05 | Rake $0.45 
Board [Tc 9d 4s 2s 7s]
Seat 1: Gixxer2007 (big blind) folded before Flop
Seat 2: paulieknoxie folded before Flop (didn't bet)
Seat 4: snoo46 showed [As Ts] and won ($9.60) with a flush, Ace high
Seat 5: Alameda22 folded before Flop (didn't bet)
Seat 6: 27petedragon (button) mucked [8c 9s]
Seat 7: Cramsog (small blind) folded before Flop



PokerStars Game #20022790886:  Hold'em No Limit ($0.10/$0.25) - 2008/08/30 - 18:36:52 (ET)
Table 'Blok' 9-max Seat #7 is the button
Seat 1: Gixxer2007 ($64.15 in chips) 
Seat 2: paulieknoxie ($6.10 in chips) 
Seat 4: snoo46 ($9.60 in chips) 
Seat 5: Alameda22 ($24.65 in chips) 
Seat 6: 27petedragon ($1.25 in chips) 
Seat 7: Cramsog ($13.80 in chips) 
bjdaddy will be allowed to play after the button
Gixxer2007: posts small blind $0.10
paulieknoxie: posts big blind $0.25
*** HOLE CARDS ***
Dealt to Alameda22 [3s 9c]
snoo46: raises $0.75 to $1
Alameda22: folds 
27petedragon: raises $0.25 to $1.25 and is all-in
Cramsog: folds 
Gixxer2007: folds 
paulieknoxie: calls $1
snoo46: calls $0.25
*** FLOP *** [5h Jd Qd]
paulieknoxie: bets $1.25
snoo46: calls $1.25
*** TURN *** [5h Jd Qd] [7h]
paulieknoxie: bets $3.60 and is all-in
snoo46: folds 
Uncalled bet ($3.60) returned to paulieknoxie
*** RIVER *** [5h Jd Qd 7h] [4d]
*** SHOW DOWN ***
paulieknoxie: shows [Js 5s] (two pair, Jacks and Fives)
paulieknoxie collected $2.35 from side pot
27petedragon: mucks hand 
paulieknoxie collected $3.70 from main pot
*** SUMMARY ***
Total pot $6.35 Main pot $3.70. Side pot $2.35. | Rake $0.30 
Board [5h Jd Qd 7h 4d]
Seat 1: Gixxer2007 (small blind) folded before Flop
Seat 2: paulieknoxie (big blind) showed [Js 5s] and won ($6.05) with two pair, Jacks and Fives
Seat 4: snoo46 folded on the Turn
Seat 5: Alameda22 folded before Flop (didn't bet)
Seat 6: 27petedragon mucked [As Ad]
Seat 7: Cramsog (button) folded before Flop (didn't bet)



PokerStars Game #20022816643:  Hold'em No Limit ($0.10/$0.25) - 2008/08/30 - 18:38:03 (ET)
Table 'Blok' 9-max Seat #1 is the button
Seat 1: Gixxer2007 ($64.05 in chips) 
Seat 2: paulieknoxie ($9.65 in chips) 
Seat 4: snoo46 ($7.10 in chips) 
Seat 5: Alameda22 ($24.65 in chips) 
Seat 7: Cramsog ($13.80 in chips) 
Seat 9: bjdaddy ($17.15 in chips) 
paulieknoxie: posts small blind $0.10
snoo46: posts big blind $0.25
bjdaddy: posts big blind $0.25
*** HOLE CARDS ***
Dealt to Alameda22 [2c 6d]
Alameda22: folds 
Cramsog: calls $0.25
bjdaddy: checks 
Gixxer2007: raises $0.75 to $1
paulieknoxie: calls $0.90
snoo46: calls $0.75
Cramsog: calls $0.75
bjdaddy: calls $0.75
*** FLOP *** [Tc 2d 3s]
paulieknoxie: checks 
snoo46: checks 
Cramsog: bets $1
bjdaddy: folds 
Gixxer2007: folds 
paulieknoxie: folds 
snoo46: calls $1
*** TURN *** [Tc 2d 3s] [2s]
snoo46: checks 
Cramsog: bets $0.75
snoo46: calls $0.75
*** RIVER *** [Tc 2d 3s 2s] [Kd]
snoo46: checks 
Cramsog: checks 
*** SHOW DOWN ***
snoo46: shows [Ac 6c] (a pair of Deuces)
Cramsog: shows [8d 8s] (two pair, Eights and Deuces)
Cramsog collected $8.10 from pot
*** SUMMARY ***
Total pot $8.50 | Rake $0.40 
Board [Tc 2d 3s 2s Kd]
Seat 1: Gixxer2007 (button) folded on the Flop
Seat 2: paulieknoxie (small blind) folded on the Flop
Seat 4: snoo46 (big blind) showed [Ac 6c] and lost with a pair of Deuces
Seat 5: Alameda22 folded before Flop (didn't bet)
Seat 7: Cramsog showed [8d 8s] and won ($8.10) with two pair, Eights and Deuces
Seat 9: bjdaddy folded on the Flop



PokerStars Game #20022841467:  Hold'em No Limit ($0.10/$0.25) - 2008/08/30 - 18:39:11 (ET)
Table 'Blok' 9-max Seat #2 is the button
Seat 1: Gixxer2007 ($63.05 in chips) 
Seat 2: paulieknoxie ($8.65 in chips) 
Seat 4: snoo46 ($4.35 in chips) 
Seat 5: Alameda22 ($24.65 in chips) 
Seat 7: Cramsog ($19.15 in chips) 
Seat 9: bjdaddy ($16.15 in chips) 
snoo46: posts small blind $0.10
Alameda22: posts big blind $0.25
*** HOLE CARDS ***
Dealt to Alameda22 [9s 4d]
Cramsog: calls $0.25
bjdaddy: calls $0.25
Gixxer2007: folds 
paulieknoxie: raises $0.25 to $0.50
snoo46: calls $0.40
Alameda22: folds 
Cramsog: calls $0.25
bjdaddy: raises $0.25 to $0.75
paulieknoxie: calls $0.25
snoo46: calls $0.25
Cramsog: calls $0.25
*** FLOP *** [Jc 9h 5h]
snoo46: checks 
Cramsog: bets $1
bjdaddy: raises $1 to $2
paulieknoxie: folds 
snoo46: raises $1.60 to $3.60 and is all-in
Cramsog: calls $2.60
bjdaddy: calls $1.60
*** TURN *** [Jc 9h 5h] [6d]
Cramsog: checks 
bjdaddy: checks 
*** RIVER *** [Jc 9h 5h 6d] [3s]
Cramsog: checks 
bjdaddy: checks 
*** SHOW DOWN ***
snoo46: shows [7d Js] (a pair of Jacks)
Cramsog: shows [Th Jh] (a pair of Jacks - Ten kicker)
bjdaddy: mucks hand 
Cramsog collected $13.40 from pot
*** SUMMARY ***
Total pot $14.05 | Rake $0.65 
Board [Jc 9h 5h 6d 3s]
Seat 1: Gixxer2007 folded before Flop (didn't bet)
Seat 2: paulieknoxie (button) folded on the Flop
Seat 4: snoo46 (small blind) showed [7d Js] and lost with a pair of Jacks
Seat 5: Alameda22 (big blind) folded before Flop
Seat 7: Cramsog showed [Th Jh] and won ($13.40) with a pair of Jacks
Seat 9: bjdaddy mucked [Kh Qh]



PokerStars Game #20022865429:  Hold'em No Limit ($0.10/$0.25) - 2008/08/30 - 18:40:16 (ET)
Table 'Blok' 9-max Seat #5 is the button
Seat 1: Gixxer2007 ($63.05 in chips) 
Seat 2: paulieknoxie ($7.90 in chips) 
Seat 5: Alameda22 ($24.40 in chips) 
Seat 7: Cramsog ($28.20 in chips) 
Seat 9: bjdaddy ($11.80 in chips) 
Cramsog: posts small blind $0.10
bjdaddy: posts big blind $0.25
*** HOLE CARDS ***
Dealt to Alameda22 [6c 3d]
Gixxer2007: raises $0.75 to $1
paulieknoxie: folds 
snoo46 has returned
Alameda22: folds 
Cramsog: folds 
bjdaddy: folds 
Uncalled bet ($0.75) returned to Gixxer2007
Gixxer2007 collected $0.60 from pot
Gixxer2007: doesn't show hand 
*** SUMMARY ***
Total pot $0.60 | Rake $0 
Seat 1: Gixxer2007 collected ($0.60)
Seat 2: paulieknoxie folded before Flop (didn't bet)
Seat 5: Alameda22 (button) folded before Flop (didn't bet)
Seat 7: Cramsog (small blind) folded before Flop
Seat 9: bjdaddy (big blind) folded before Flop



PokerStars Game #20022879750:  Hold'em No Limit ($0.10/$0.25) - 2008/08/30 - 18:40:55 (ET)
Table 'Blok' 9-max Seat #7 is the button
Seat 1: Gixxer2007 ($63.40 in chips) 
Seat 2: paulieknoxie ($7.90 in chips) 
Seat 4: snoo46 ($12.30 in chips) 
Seat 5: Alameda22 ($24.40 in chips) 
Seat 7: Cramsog ($28.10 in chips) 
Seat 9: bjdaddy ($11.55 in chips) 
bjdaddy: posts small blind $0.10
Gixxer2007: posts big blind $0.25
*** HOLE CARDS ***
Dealt to Alameda22 [Ts As]
paulieknoxie: folds 
snoo46: calls $0.25
Alameda22: folds 
Cramsog: folds 
bjdaddy: raises $0.25 to $0.50
Gixxer2007: calls $0.25
snoo46: calls $0.25
*** FLOP *** [Kd 8d 7c]
bjdaddy: bets $0.25
Gixxer2007: calls $0.25
snoo46: calls $0.25
*** TURN *** [Kd 8d 7c] [5h]
bjdaddy: checks 
Gixxer2007: bets $1.50
snoo46: calls $1.50
bjdaddy: raises $1.50 to $3
Gixxer2007: raises $1.50 to $4.50
snoo46: raises $7.05 to $11.55 and is all-in
bjdaddy: calls $7.80 and is all-in
Gixxer2007: calls $7.05
*** RIVER *** [Kd 8d 7c 5h] [6h]
*** SHOW DOWN ***
Gixxer2007: shows [8h 8c] (three of a kind, Eights)
snoo46: shows [6s 9d] (a straight, Five to Nine)
snoo46 collected $1.40 from side pot
bjdaddy: mucks hand 
snoo46 collected $32.95 from main pot
*** SUMMARY ***
Total pot $36.15 Main pot $32.95. Side pot $1.40. | Rake $1.80 
Board [Kd 8d 7c 5h 6h]
Seat 1: Gixxer2007 (big blind) showed [8h 8c] and lost with three of a kind, Eights
Seat 2: paulieknoxie folded before Flop (didn't bet)
Seat 4: snoo46 showed [6s 9d] and won ($34.35) with a straight, Five to Nine
Seat 5: Alameda22 folded before Flop (didn't bet)
Seat 7: Cramsog (button) folded before Flop (didn't bet)
Seat 9: bjdaddy (small blind) mucked [6d 4d]



PokerStars Game #20022905319:  Hold'em No Limit ($0.10/$0.25) - 2008/08/30 - 18:42:04 (ET)
Table 'Blok' 9-max Seat #1 is the button
Seat 1: Gixxer2007 ($51.10 in chips) 
Seat 2: paulieknoxie ($7.90 in chips) 
Seat 4: snoo46 ($34.35 in chips) 
Seat 5: Alameda22 ($24.40 in chips) 
Seat 7: Cramsog ($28.10 in chips) 
paulieknoxie: posts small blind $0.10
snoo46: posts big blind $0.25
*** HOLE CARDS ***
Dealt to Alameda22 [Qs Qd]
bjdaddy leaves the table
Alameda22: raises $0.75 to $1
Cramsog: folds 
Monterroso69 joins the table at seat #9 
Gixxer2007: calls $1
paulieknoxie: calls $0.90
snoo46: calls $0.75
*** FLOP *** [7c 3s Qh]
paulieknoxie: checks 
snoo46: checks 
Alameda22: bets $2.50
Gixxer2007: folds 
paulieknoxie: folds 
snoo46: folds 
Uncalled bet ($2.50) returned to Alameda22
Alameda22 collected $3.80 from pot
Alameda22: doesn't show hand 
*** SUMMARY ***
Total pot $4 | Rake $0.20 
Board [7c 3s Qh]
Seat 1: Gixxer2007 (button) folded on the Flop
Seat 2: paulieknoxie (small blind) folded on the Flop
Seat 4: snoo46 (big blind) folded on the Flop
Seat 5: Alameda22 collected ($3.80)
Seat 7: Cramsog folded before Flop (didn't bet)



PokerStars Game #20022928126:  Hold'em No Limit ($0.10/$0.25) - 2008/08/30 - 18:43:06 (ET)
Table 'Blok' 9-max Seat #2 is the button
Seat 1: Gixxer2007 ($50.10 in chips) 
Seat 2: paulieknoxie ($6.90 in chips) 
Seat 4: snoo46 ($33.35 in chips) 
Seat 5: Alameda22 ($27.20 in chips) 
Seat 7: Cramsog ($28.10 in chips) 
snoo46: posts small blind $0.10
Alameda22: posts big blind $0.25
Monterroso69: sits out 
*** HOLE CARDS ***
Dealt to Alameda22 [7h 9d]
Cramsog: folds 
Gixxer2007: folds 
paulieknoxie: raises $0.25 to $0.50
snoo46: calls $0.40
Alameda22: folds 
*** FLOP *** [5d Jc 6h]
snoo46: checks 
paulieknoxie: bets $0.50
snoo46: calls $0.50
*** TURN *** [5d Jc 6h] [9c]
snoo46: bets $0.25
paulieknoxie: calls $0.25
*** RIVER *** [5d Jc 6h 9c] [Ks]
snoo46: bets $0.25
paulieknoxie: calls $0.25
*** SHOW DOWN ***
snoo46: shows [4h Ad] (high card Ace)
paulieknoxie: shows [5h Td] (a pair of Fives)
paulieknoxie collected $3.10 from pot
*** SUMMARY ***
Total pot $3.25 | Rake $0.15 
Board [5d Jc 6h 9c Ks]
Seat 1: Gixxer2007 folded before Flop (didn't bet)
Seat 2: paulieknoxie (button) showed [5h Td] and won ($3.10) with a pair of Fives
Seat 4: snoo46 (small blind) showed [4h Ad] and lost with high card Ace
Seat 5: Alameda22 (big blind) folded before Flop
Seat 7: Cramsog folded before Flop (didn't bet)



PokerStars Game #20022952422:  Hold'em No Limit ($0.10/$0.25) - 2008/08/30 - 18:44:13 (ET)
Table 'Blok' 9-max Seat #4 is the button
Seat 1: Gixxer2007 ($50.10 in chips) 
Seat 2: paulieknoxie ($8.50 in chips) 
Seat 4: snoo46 ($31.85 in chips) 
Seat 5: Alameda22 ($26.95 in chips) 
Seat 7: Cramsog ($28.10 in chips) 
Alameda22: posts small blind $0.10
Cramsog: posts big blind $0.25
Monterroso69: sits out 
*** HOLE CARDS ***
Dealt to Alameda22 [Ac Qh]
Gixxer2007 has timed out
Gixxer2007: folds 
Gixxer2007 is sitting out
paulieknoxie: calls $0.25
Gixxer2007 has returned
snoo46: calls $0.25
Canoe kok has returned
Alameda22: calls $0.15
Cramsog: checks 
*** FLOP *** [Js Qc Th]
Alameda22: bets $0.75
Cramsog: folds 
paulieknoxie: raises $0.75 to $1.50
snoo46: calls $1.50
Alameda22: calls $0.75
*** TURN *** [Js Qc Th] [Qd]
Alameda22: bets $3.50
paulieknoxie: raises $3.25 to $6.75 and is all-in
snoo46: folds 
Alameda22: calls $3.25
*** RIVER *** [Js Qc Th Qd] [2s]
*** SHOW DOWN ***
Alameda22: shows [Ac Qh] (three of a kind, Queens)
paulieknoxie: mucks hand 
Alameda22 collected $18.10 from pot
*** SUMMARY ***
Total pot $19 | Rake $0.90 
Board [Js Qc Th Qd 2s]
Seat 1: Gixxer2007 folded before Flop (didn't bet)
Seat 2: paulieknoxie mucked [3s Qs]
Seat 4: snoo46 (button) folded on the Turn
Seat 5: Alameda22 (small blind) showed [Ac Qh] and won ($18.10) with three of a kind, Queens
Seat 7: Cramsog (big blind) folded on the Flop



PokerStars Game #20023004117:  Hold'em No Limit ($0.10/$0.25) - 2008/08/30 - 18:46:36 (ET)
Table 'Blok' 9-max Seat #5 is the button
Seat 1: Gixxer2007 ($50.10 in chips) 
Seat 3: Canoe kok ($25.85 in chips) 
Seat 4: snoo46 ($30.10 in chips) 
Seat 5: Alameda22 ($36.55 in chips) 
Seat 7: Cramsog ($27.85 in chips) 
Seat 9: Monterroso69 ($25 in chips) 
Cramsog: posts small blind $0.10
Monterroso69: posts big blind $0.25
Canoe kok: posts small & big blinds $0.35
*** HOLE CARDS ***
Dealt to Alameda22 [5d 4d]
Gixxer2007: folds 
paulieknoxie leaves the table
Canoe kok: checks 
snoo46: calls $0.25
Alameda22: calls $0.25
JujutsuSun joins the table at seat #2 
Cramsog: calls $0.15
Monterroso69: checks 
*** FLOP *** [8h Qc 9d]
Cramsog: bets $0.50
Monterroso69: calls $0.50
Canoe kok: folds 
snoo46: calls $0.50
Alameda22: folds 
*** TURN *** [8h Qc 9d] [Jh]
Cramsog: bets $0.75
Monterroso69: raises $1.25 to $2
snoo46: folds 
Cramsog: calls $1.25
*** RIVER *** [8h Qc 9d Jh] [6c]
Cramsog: bets $0.75
Monterroso69: raises $1.75 to $2.50
Cramsog: calls $1.75
*** SHOW DOWN ***
Monterroso69: shows [Td 6d] (a straight, Eight to Queen)
Cramsog: shows [Tc 9c] (a straight, Eight to Queen)
Cramsog collected $5.65 from pot
Monterroso69 collected $5.65 from pot
*** SUMMARY ***
Total pot $11.85 | Rake $0.55 
Board [8h Qc 9d Jh 6c]
Seat 1: Gixxer2007 folded before Flop (didn't bet)
Seat 3: Canoe kok folded on the Flop
Seat 4: snoo46 folded on the Turn
Seat 5: Alameda22 (button) folded on the Flop
Seat 7: Cramsog (small blind) showed [Tc 9c] and won ($5.65) with a straight, Eight to Queen
Seat 9: Monterroso69 (big blind) showed [Td 6d] and won ($5.65) with a straight, Eight to Queen



PokerStars Game #20023035502:  Hold'em No Limit ($0.10/$0.25) - 2008/08/30 - 18:48:01 (ET)
Table 'Blok' 9-max Seat #7 is the button
Seat 1: Gixxer2007 ($50.10 in chips) 
Seat 3: Canoe kok ($25.50 in chips) 
Seat 4: snoo46 ($29.35 in chips) 
Seat 5: Alameda22 ($36.30 in chips) 
Seat 7: Cramsog ($28.25 in chips) 
Seat 9: Monterroso69 ($25.40 in chips) 
Monterroso69: posts small blind $0.10
Gixxer2007: posts big blind $0.25
JujutsuSun: sits out 
*** HOLE CARDS ***
Dealt to Alameda22 [3s 8d]
Canoe kok: folds 
snoo46: raises $1 to $1.25
Alameda22: folds 
Cramsog: folds 
Monterroso69: folds 
Gixxer2007: folds 
Uncalled bet ($1) returned to snoo46
snoo46 collected $0.60 from pot
snoo46: doesn't show hand 
*** SUMMARY ***
Total pot $0.60 | Rake $0 
Seat 1: Gixxer2007 (big blind) folded before Flop
Seat 3: Canoe kok folded before Flop (didn't bet)
Seat 4: snoo46 collected ($0.60)
Seat 5: Alameda22 folded before Flop (didn't bet)
Seat 7: Cramsog (button) folded before Flop (didn't bet)
Seat 9: Monterroso69 (small blind) folded before Flop



PokerStars Game #20023049958:  Hold'em No Limit ($0.10/$0.25) - 2008/08/30 - 18:48:41 (ET)
Table 'Blok' 9-max Seat #9 is the button
Seat 1: Gixxer2007 ($49.85 in chips) 
Seat 2: JujutsuSun ($5 in chips) 
Seat 3: Canoe kok ($25.50 in chips) 
Seat 4: snoo46 ($29.70 in chips) 
Seat 5: Alameda22 ($36.30 in chips) 
Seat 7: Cramsog ($28.25 in chips) 
Seat 9: Monterroso69 ($25.30 in chips) 
Gixxer2007: posts small blind $0.10
JujutsuSun: posts big blind $0.25
*** HOLE CARDS ***
Dealt to Alameda22 [9d Ad]
Canoe kok: folds 
snoo46: calls $0.25
Alameda22: folds 
Cramsog: folds 
Monterroso69: folds 
Gixxer2007: folds 
JujutsuSun: checks 
*** FLOP *** [8s 3c 6h]
JujutsuSun: checks 
snoo46: checks 
*** TURN *** [8s 3c 6h] [Td]
JujutsuSun: bets $0.25
snoo46: calls $0.25
*** RIVER *** [8s 3c 6h Td] [6d]
JujutsuSun: bets $0.25
snoo46: raises $2 to $2.25
JujutsuSun: calls $2
*** SHOW DOWN ***
snoo46: shows [Kh 7d] (a pair of Sixes)
JujutsuSun: shows [Qh Tc] (two pair, Tens and Sixes)
JujutsuSun collected $5.35 from pot
*** SUMMARY ***
Total pot $5.60 | Rake $0.25 
Board [8s 3c 6h Td 6d]
Seat 1: Gixxer2007 (small blind) folded before Flop
Seat 2: JujutsuSun (big blind) showed [Qh Tc] and won ($5.35) with two pair, Tens and Sixes
Seat 3: Canoe kok folded before Flop (didn't bet)
Seat 4: snoo46 showed [Kh 7d] and lost with a pair of Sixes
Seat 5: Alameda22 folded before Flop (didn't bet)
Seat 7: Cramsog folded before Flop (didn't bet)
Seat 9: Monterroso69 (button) folded before Flop (didn't bet)



PokerStars Game #20023079341:  Hold'em No Limit ($0.10/$0.25) - 2008/08/30 - 18:50:01 (ET)
Table 'Blok' 9-max Seat #1 is the button
Seat 1: Gixxer2007 ($49.75 in chips) 
Seat 2: JujutsuSun ($7.60 in chips) 
Seat 3: Canoe kok ($25.50 in chips) 
Seat 4: snoo46 ($26.95 in chips) 
Seat 5: Alameda22 ($36.30 in chips) 
Seat 7: Cramsog ($28.25 in chips) 
Seat 9: Monterroso69 ($25.30 in chips) 
JujutsuSun: posts small blind $0.10
Canoe kok: posts big blind $0.25
*** HOLE CARDS ***
Dealt to Alameda22 [Ts Ah]
snoo46: calls $0.25
Alameda22: folds 
Cramsog: folds 
Monterroso69: folds 
Gixxer2007: folds 
JujutsuSun: folds 
Canoe kok: raises $0.50 to $0.75
snoo46: calls $0.50
*** FLOP *** [6c Js Qs]
Canoe kok: bets $0.75
snoo46: calls $0.75
*** TURN *** [6c Js Qs] [3c]
Canoe kok: checks 
snoo46: checks 
*** RIVER *** [6c Js Qs 3c] [8d]
Canoe kok: checks 
snoo46: bets $1
Canoe kok: calls $1
*** SHOW DOWN ***
snoo46: shows [7h Jh] (a pair of Jacks)
Canoe kok: mucks hand 
snoo46 collected $4.90 from pot
*** SUMMARY ***
Total pot $5.10 | Rake $0.20 
Board [6c Js Qs 3c 8d]
Seat 1: Gixxer2007 (button) folded before Flop (didn't bet)
Seat 2: JujutsuSun (small blind) folded before Flop
Seat 3: Canoe kok (big blind) mucked [9d 9s]
Seat 4: snoo46 showed [7h Jh] and won ($4.90) with a pair of Jacks
Seat 5: Alameda22 folded before Flop (didn't bet)
Seat 7: Cramsog folded before Flop (didn't bet)
Seat 9: Monterroso69 folded before Flop (didn't bet)



PokerStars Game #20023105284:  Hold'em No Limit ($0.10/$0.25) - 2008/08/30 - 18:51:13 (ET)
Table 'Blok' 9-max Seat #2 is the button
Seat 1: Gixxer2007 ($49.75 in chips) 
Seat 2: JujutsuSun ($7.50 in chips) 
Seat 3: Canoe kok ($23 in chips) 
Seat 4: snoo46 ($29.35 in chips) 
Seat 5: Alameda22 ($36.30 in chips) 
Seat 7: Cramsog ($28.25 in chips) 
Seat 9: Monterroso69 ($25.30 in chips) 
Canoe kok: posts small blind $0.10
snoo46: posts big blind $0.25
*** HOLE CARDS ***
Dealt to Alameda22 [6d Qh]
Alameda22: folds 
Cramsog: folds 
Monterroso69: raises $0.50 to $0.75
Gixxer2007: folds 
JujutsuSun: folds 
Canoe kok: folds 
snoo46: calls $0.50
*** FLOP *** [7s 7d Tc]
snoo46: checks 
Monterroso69: checks 
*** TURN *** [7s 7d Tc] [Ts]
snoo46: checks 
Monterroso69: bets $1.25
snoo46: folds 
Uncalled bet ($1.25) returned to Monterroso69
Monterroso69 collected $1.55 from pot
Monterroso69: doesn't show hand 
*** SUMMARY ***
Total pot $1.60 | Rake $0.05 
Board [7s 7d Tc Ts]
Seat 1: Gixxer2007 folded before Flop (didn't bet)
Seat 2: JujutsuSun (button) folded before Flop (didn't bet)
Seat 3: Canoe kok (small blind) folded before Flop
Seat 4: snoo46 (big blind) folded on the Turn
Seat 5: Alameda22 folded before Flop (didn't bet)
Seat 7: Cramsog folded before Flop (didn't bet)
Seat 9: Monterroso69 collected ($1.55)



PokerStars Game #20023124759:  Hold'em No Limit ($0.10/$0.25) - 2008/08/30 - 18:52:07 (ET)
Table 'Blok' 9-max Seat #3 is the button
Seat 1: Gixxer2007 ($49.75 in chips) 
Seat 2: JujutsuSun ($7.50 in chips) 
Seat 3: Canoe kok ($22.90 in chips) 
Seat 4: snoo46 ($28.60 in chips) 
Seat 5: Alameda22 ($36.30 in chips) 
Seat 7: Cramsog ($28.25 in chips) 
Seat 9: Monterroso69 ($26.10 in chips) 
snoo46: posts small blind $0.10
Alameda22: posts big blind $0.25
*** HOLE CARDS ***
Dealt to Alameda22 [9s 7s]
Cramsog: folds 
Monterroso69: folds 
Gixxer2007: folds 
JujutsuSun: folds 
Canoe kok: folds 
snoo46: calls $0.15
Alameda22: raises $1 to $1.25
snoo46: calls $1
*** FLOP *** [2h 7h 2d]
snoo46: checks 
Alameda22: bets $1.50
snoo46: raises $1.50 to $3
Alameda22: calls $1.50
*** TURN *** [2h 7h 2d] [3h]
snoo46: bets $4.25
Alameda22: folds 
Uncalled bet ($4.25) returned to snoo46
snoo46 collected $8.10 from pot
snoo46: doesn't show hand 
*** SUMMARY ***
Total pot $8.50 | Rake $0.40 
Board [2h 7h 2d 3h]
Seat 1: Gixxer2007 folded before Flop (didn't bet)
Seat 2: JujutsuSun folded before Flop (didn't bet)
Seat 3: Canoe kok (button) folded before Flop (didn't bet)
Seat 4: snoo46 (small blind) collected ($8.10)
Seat 5: Alameda22 (big blind) folded on the Turn
Seat 7: Cramsog folded before Flop (didn't bet)
Seat 9: Monterroso69 folded before Flop (didn't bet)



PokerStars Game #20023168825:  Hold'em No Limit ($0.10/$0.25) - 2008/08/30 - 18:54:08 (ET)
Table 'Blok' 9-max Seat #4 is the button
Seat 1: Gixxer2007 ($49.75 in chips) 
Seat 2: JujutsuSun ($7.50 in chips) 
Seat 3: Canoe kok ($22.90 in chips) 
Seat 4: snoo46 ($32.45 in chips) 
Seat 5: Alameda22 ($32.05 in chips) 
Seat 7: Cramsog ($28.25 in chips) 
Seat 9: Monterroso69 ($26.10 in chips) 
Alameda22: posts small blind $0.10
Cramsog: posts big blind $0.25
*** HOLE CARDS ***
Dealt to Alameda22 [Jd 4s]
Monterroso69: folds 
Gixxer2007: folds 
JujutsuSun: folds 
Canoe kok: folds 
snoo46: raises $0.75 to $1
Alameda22: folds 
Cramsog: folds 
Uncalled bet ($0.75) returned to snoo46
snoo46 collected $0.60 from pot
snoo46: doesn't show hand 
*** SUMMARY ***
Total pot $0.60 | Rake $0 
Seat 1: Gixxer2007 folded before Flop (didn't bet)
Seat 2: JujutsuSun folded before Flop (didn't bet)
Seat 3: Canoe kok folded before Flop (didn't bet)
Seat 4: snoo46 (button) collected ($0.60)
Seat 5: Alameda22 (small blind) folded before Flop
Seat 7: Cramsog (big blind) folded before Flop
Seat 9: Monterroso69 folded before Flop (didn't bet)



PokerStars Game #20023180184:  Hold'em No Limit ($0.10/$0.25) - 2008/08/30 - 18:54:40 (ET)
Table 'Blok' 9-max Seat #5 is the button
Seat 1: Gixxer2007 ($49.75 in chips) 
Seat 2: JujutsuSun ($7.50 in chips) 
Seat 3: Canoe kok ($24.60 in chips) 
Seat 4: snoo46 ($32.80 in chips) 
Seat 5: Alameda22 ($31.95 in chips) 
Seat 7: Cramsog ($28 in chips) 
Seat 9: Monterroso69 ($26.10 in chips) 
Cramsog: posts small blind $0.10
Monterroso69: posts big blind $0.25
*** HOLE CARDS ***
Dealt to Alameda22 [6c Js]
Gixxer2007: folds 
JujutsuSun: folds 
Canoe kok: folds 
snoo46: calls $0.25
Alameda22: folds 
Cramsog: folds 
Monterroso69: checks 
*** FLOP *** [5c 5s Kd]
Monterroso69: checks 
snoo46: checks 
*** TURN *** [5c 5s Kd] [Qh]
Monterroso69: checks 
snoo46: checks 
*** RIVER *** [5c 5s Kd Qh] [5h]
Monterroso69: checks 
snoo46: checks 
*** SHOW DOWN ***
Monterroso69: shows [6d 7s] (three of a kind, Fives)
snoo46: shows [Ts 2s] (three of a kind, Fives)
Monterroso69 collected $0.30 from pot
snoo46 collected $0.30 from pot
*** SUMMARY ***
Total pot $0.60 | Rake $0 
Board [5c 5s Kd Qh 5h]
Seat 1: Gixxer2007 folded before Flop (didn't bet)
Seat 2: JujutsuSun folded before Flop (didn't bet)
Seat 3: Canoe kok folded before Flop (didn't bet)
Seat 4: snoo46 showed [Ts 2s] and won ($0.30) with three of a kind, Fives
Seat 5: Alameda22 (button) folded before Flop (didn't bet)
Seat 7: Cramsog (small blind) folded before Flop
Seat 9: Monterroso69 (big blind) showed [6d 7s] and won ($0.30) with three of a kind, Fives



PokerStars Game #20023200011:  Hold'em No Limit ($0.10/$0.25) - 2008/08/30 - 18:55:35 (ET)
Table 'Blok' 9-max Seat #7 is the button
Seat 1: Gixxer2007 ($49.75 in chips) 
Seat 2: JujutsuSun ($7.50 in chips) 
Seat 3: Canoe kok ($24.60 in chips) 
Seat 4: snoo46 ($32.85 in chips) 
Seat 5: Alameda22 ($31.95 in chips) 
Seat 7: Cramsog ($27.90 in chips) 
Seat 9: Monterroso69 ($26.15 in chips) 
rackoblack2 was removed from the table for failing to post
Monterroso69: posts small blind $0.10
Gixxer2007: posts big blind $0.25
*** HOLE CARDS ***
Dealt to Alameda22 [6d Jh]
JujutsuSun: folds 
Murka-nash joins the table at seat #8 
Canoe kok: folds 
snoo46: folds 
Alameda22: folds 
Cramsog: folds 
JujutsuSun leaves the table
Monterroso69: folds 
Uncalled bet ($0.15) returned to Gixxer2007
Gixxer2007 collected $0.20 from pot
Gixxer2007: doesn't show hand 
*** SUMMARY ***
Total pot $0.20 | Rake $0 
Seat 1: Gixxer2007 (big blind) collected ($0.20)
Seat 2: JujutsuSun folded before Flop (didn't bet)
Seat 3: Canoe kok folded before Flop (didn't bet)
Seat 4: snoo46 folded before Flop (didn't bet)
Seat 5: Alameda22 folded before Flop (didn't bet)
Seat 7: Cramsog (button) folded before Flop (didn't bet)
Seat 9: Monterroso69 (small blind) folded before Flop



PokerStars Game #20023210846:  Hold'em No Limit ($0.10/$0.25) - 2008/08/30 - 18:56:04 (ET)
Table 'Blok' 9-max Seat #9 is the button
Seat 1: Gixxer2007 ($49.85 in chips) 
Seat 3: Canoe kok ($24.60 in chips) 
Seat 4: snoo46 ($32.85 in chips) 
Seat 5: Alameda22 ($31.95 in chips) 
Seat 7: Cramsog ($27.90 in chips) 
Seat 9: Monterroso69 ($26.05 in chips) 
Gixxer2007: posts small blind $0.10
Canoe kok: posts big blind $0.25
Murka-nash: sits out 
*** HOLE CARDS ***
Dealt to Alameda22 [7h Js]
snoo46: folds 
Alameda22: folds 
Cramsog: folds 
betganij joins the table at seat #2 
Monterroso69: folds 
Gixxer2007: folds 
Uncalled bet ($0.15) returned to Canoe kok
Canoe kok collected $0.20 from pot
Canoe kok: doesn't show hand 
Canoe kok leaves the table
*** SUMMARY ***
Total pot $0.20 | Rake $0 
Seat 1: Gixxer2007 (small blind) folded before Flop
Seat 3: Canoe kok (big blind) collected ($0.20)
Seat 4: snoo46 folded before Flop (didn't bet)
Seat 5: Alameda22 folded before Flop (didn't bet)
Seat 7: Cramsog folded before Flop (didn't bet)
Seat 9: Monterroso69 (button) folded before Flop (didn't bet)



PokerStars Game #20023219014:  Hold'em No Limit ($0.10/$0.25) - 2008/08/30 - 18:56:27 (ET)
Table 'Blok' 9-max Seat #1 is the button
Seat 1: Gixxer2007 ($49.75 in chips) 
Seat 4: snoo46 ($32.85 in chips) 
Seat 5: Alameda22 ($31.95 in chips) 
Seat 7: Cramsog ($27.90 in chips) 
Seat 9: Monterroso69 ($26.05 in chips) 
betganij will be allowed to play after the button
snoo46: posts small blind $0.10
Alameda22: posts big blind $0.25
Murka-nash: sits out 
*** HOLE CARDS ***
Dealt to Alameda22 [5h 3h]
Cramsog: folds 
Monterroso69: raises $0.50 to $0.75
Gixxer2007: folds 
snoo46: calls $0.65
Alameda22: folds 
*** FLOP *** [5d Js As]
snoo46: checks 
TiLtTiLtT1Lt joins the table at seat #3 
Monterroso69: bets $0.75
snoo46: folds 
Uncalled bet ($0.75) returned to Monterroso69
Monterroso69 collected $1.70 from pot
Monterroso69: doesn't show hand 
*** SUMMARY ***
Total pot $1.75 | Rake $0.05 
Board [5d Js As]
Seat 1: Gixxer2007 (button) folded before Flop (didn't bet)
Seat 4: snoo46 (small blind) folded on the Flop
Seat 5: Alameda22 (big blind) folded before Flop
Seat 7: Cramsog folded before Flop (didn't bet)
Seat 9: Monterroso69 collected ($1.70)



PokerStars Game #20023234379:  Hold'em No Limit ($0.10/$0.25) - 2008/08/30 - 18:57:10 (ET)
Table 'Blok' 9-max Seat #4 is the button
Seat 1: Gixxer2007 ($49.75 in chips) 
Seat 3: TiLtTiLtT1Lt ($15 in chips) 
Seat 4: snoo46 ($32.10 in chips) 
Seat 5: Alameda22 ($31.70 in chips) 
Seat 7: Cramsog ($27.90 in chips) 
Seat 9: Monterroso69 ($27 in chips) 
Alameda22: posts small blind $0.10
Cramsog: posts big blind $0.25
Murka-nash: sits out 
betganij: sits out 
TiLtTiLtT1Lt: posts big blind $0.25
*** HOLE CARDS ***
Dealt to Alameda22 [Ah 8c]
Monterroso69: folds 
Gixxer2007: folds 
TiLtTiLtT1Lt: checks 
snoo46: raises $1 to $1.25
Alameda22: folds 
Cramsog: folds 
TiLtTiLtT1Lt: folds 
Uncalled bet ($1) returned to snoo46
snoo46 collected $0.85 from pot
*** SUMMARY ***
Total pot $0.85 | Rake $0 
Seat 1: Gixxer2007 folded before Flop (didn't bet)
Seat 3: TiLtTiLtT1Lt folded before Flop
Seat 4: snoo46 (button) collected ($0.85)
Seat 5: Alameda22 (small blind) folded before Flop
Seat 7: Cramsog (big blind) folded before Flop
Seat 9: Monterroso69 folded before Flop (didn't bet)



PokerStars Game #20023249623:  Hold'em No Limit ($0.10/$0.25) - 2008/08/30 - 18:57:53 (ET)
Table 'Blok' 9-max Seat #5 is the button
Seat 1: Gixxer2007 ($49.75 in chips) 
Seat 3: TiLtTiLtT1Lt ($14.75 in chips) 
Seat 4: snoo46 ($32.70 in chips) 
Seat 5: Alameda22 ($31.60 in chips) 
Seat 7: Cramsog ($27.65 in chips) 
Seat 8: Murka-nash ($25 in chips) 
Seat 9: Monterroso69 ($27 in chips) 
Cramsog: posts small blind $0.10
Murka-nash: posts big blind $0.25
betganij: sits out 
*** HOLE CARDS ***
Dealt to Alameda22 [7h Kh]
Monterroso69: folds 
Gixxer2007: folds 
TiLtTiLtT1Lt: folds 
snoo46: folds 
Alameda22: folds 
Cramsog: folds 
Uncalled bet ($0.15) returned to Murka-nash
Murka-nash collected $0.20 from pot
Murka-nash: doesn't show hand 
*** SUMMARY ***
Total pot $0.20 | Rake $0 
Seat 1: Gixxer2007 folded before Flop (didn't bet)
Seat 3: TiLtTiLtT1Lt folded before Flop (didn't bet)
Seat 4: snoo46 folded before Flop (didn't bet)
Seat 5: Alameda22 (button) folded before Flop (didn't bet)
Seat 7: Cramsog (small blind) folded before Flop
Seat 8: Murka-nash (big blind) collected ($0.20)
Seat 9: Monterroso69 folded before Flop (didn't bet)



PokerStars Game #20023263017:  Hold'em No Limit ($0.10/$0.25) - 2008/08/30 - 18:58:31 (ET)
Table 'Blok' 9-max Seat #7 is the button
Seat 1: Gixxer2007 ($49.75 in chips) 
Seat 3: TiLtTiLtT1Lt ($14.75 in chips) 
Seat 4: snoo46 ($32.70 in chips) 
Seat 5: Alameda22 ($31.60 in chips) 
Seat 7: Cramsog ($27.55 in chips) 
Seat 8: Murka-nash ($25.10 in chips) 
Seat 9: Monterroso69 ($27 in chips) 
Murka-nash: posts small blind $0.10
Monterroso69: posts big blind $0.25
betganij: sits out 
*** HOLE CARDS ***
Dealt to Alameda22 [3h Ad]
Gixxer2007: folds 
TiLtTiLtT1Lt: folds 
snoo46: folds 
Alameda22: folds 
Cramsog: calls $0.25
Murka-nash: folds 
Monterroso69: checks 
*** FLOP *** [8d Kd Kc]
Monterroso69: checks 
Cramsog: checks 
*** TURN *** [8d Kd Kc] [4d]
Monterroso69: checks 
Cramsog: bets $1.75
Monterroso69: folds 
Uncalled bet ($1.75) returned to Cramsog
Cramsog collected $0.60 from pot
Cramsog: doesn't show hand 
*** SUMMARY ***
Total pot $0.60 | Rake $0 
Board [8d Kd Kc 4d]
Seat 1: Gixxer2007 folded before Flop (didn't bet)
Seat 3: TiLtTiLtT1Lt folded before Flop (didn't bet)
Seat 4: snoo46 folded before Flop (didn't bet)
Seat 5: Alameda22 folded before Flop (didn't bet)
Seat 7: Cramsog (button) collected ($0.60)
Seat 8: Murka-nash (small blind) folded before Flop
Seat 9: Monterroso69 (big blind) folded on the Turn



PokerStars Game #20023283293:  Hold'em No Limit ($0.10/$0.25) - 2008/08/30 - 18:59:28 (ET)
Table 'Blok' 9-max Seat #8 is the button
Seat 1: Gixxer2007 ($49.75 in chips) 
Seat 3: TiLtTiLtT1Lt ($14.75 in chips) 
Seat 4: snoo46 ($32.70 in chips) 
Seat 5: Alameda22 ($31.60 in chips) 
Seat 7: Cramsog ($27.90 in chips) 
Seat 8: Murka-nash ($25 in chips) 
Seat 9: Monterroso69 ($26.75 in chips) 
Monterroso69: posts small blind $0.10
Gixxer2007: posts big blind $0.25
betganij: sits out 
*** HOLE CARDS ***
Dealt to Alameda22 [8d 6s]
TiLtTiLtT1Lt: folds 
snoo46: folds 
Alameda22: folds 
Cramsog: calls $0.25
Murka-nash: folds 
Monterroso69: calls $0.15
Gixxer2007: checks 
*** FLOP *** [7h Qs Kh]
Monterroso69: checks 
Gixxer2007: checks 
Cramsog: checks 
*** TURN *** [7h Qs Kh] [Qh]
Monterroso69: bets $0.50
Gixxer2007: folds 
Cramsog: calls $0.50
*** RIVER *** [7h Qs Kh Qh] [3d]
Monterroso69: bets $1
Cramsog: calls $1
*** SHOW DOWN ***
Monterroso69: shows [9h 8h] (a flush, King high)
Cramsog: mucks hand 
Monterroso69 collected $3.60 from pot
*** SUMMARY ***
Total pot $3.75 | Rake $0.15 
Board [7h Qs Kh Qh 3d]
Seat 1: Gixxer2007 (big blind) folded on the Turn
Seat 3: TiLtTiLtT1Lt folded before Flop (didn't bet)
Seat 4: snoo46 folded before Flop (didn't bet)
Seat 5: Alameda22 folded before Flop (didn't bet)
Seat 7: Cramsog mucked [4d 4c]
Seat 8: Murka-nash (button) folded before Flop (didn't bet)
Seat 9: Monterroso69 (small blind) showed [9h 8h] and won ($3.60) with a flush, King high



PokerStars Game #20023309355:  Hold'em No Limit ($0.10/$0.25) - 2008/08/30 - 19:00:41 (ET)
Table 'Blok' 9-max Seat #9 is the button
Seat 1: Gixxer2007 ($49.50 in chips) 
Seat 2: betganij ($5 in chips) 
Seat 3: TiLtTiLtT1Lt ($14.75 in chips) 
Seat 4: snoo46 ($32.70 in chips) 
Seat 5: Alameda22 ($31.60 in chips) 
Seat 7: Cramsog ($26.15 in chips) 
Seat 8: Murka-nash ($25 in chips) 
Seat 9: Monterroso69 ($28.60 in chips) 
Gixxer2007: posts small blind $0.10
betganij: posts big blind $0.25
*** HOLE CARDS ***
Dealt to Alameda22 [7s 8d]
TiLtTiLtT1Lt: folds 
snoo46: calls $0.25
Alameda22 is disconnected 
Alameda22 has timed out while disconnected
Alameda22: folds 
Alameda22 is sitting out
Cramsog: calls $0.25
Murka-nash: folds 
Monterroso69: calls $0.25
Gixxer2007: folds 
betganij: checks 
*** FLOP *** [Td Qh Jc]
Alameda22 is connected 
betganij: checks 
snoo46: checks 
Cramsog: bets $1
Monterroso69: folds 
betganij: folds 
snoo46: folds 
Uncalled bet ($1) returned to Cramsog
Cramsog collected $1.05 from pot
Cramsog: doesn't show hand 
*** SUMMARY ***
Total pot $1.10 | Rake $0.05 
Board [Td Qh Jc]
Seat 1: Gixxer2007 (small blind) folded before Flop
Seat 2: betganij (big blind) folded on the Flop
Seat 3: TiLtTiLtT1Lt folded before Flop (didn't bet)
Seat 4: snoo46 folded on the Flop
Seat 5: Alameda22 folded before Flop (didn't bet)
Seat 7: Cramsog collected ($1.05)
Seat 8: Murka-nash folded before Flop (didn't bet)
Seat 9: Monterroso69 (button) folded on the Flop



PokerStars Game #20023376161:  Hold'em No Limit ($0.10/$0.25) - 2008/08/30 - 19:03:48 (ET)
Table 'Blok' 9-max Seat #2 is the button
Seat 1: Gixxer2007 ($52.25 in chips) 
Seat 2: betganij ($4.65 in chips) 
Seat 3: TiLtTiLtT1Lt ($14.50 in chips) 
Seat 4: snoo46 ($29.70 in chips) 
Seat 5: Alameda22 ($31.60 in chips) 
Seat 7: Cramsog ($26.95 in chips) 
Seat 8: Murka-nash ($25 in chips) 
Seat 9: Monterroso69 ($28.35 in chips) 
TiLtTiLtT1Lt: posts small blind $0.10
snoo46: posts big blind $0.25
*** HOLE CARDS ***
Dealt to Alameda22 [7c 2d]
Alameda22: folds 
Cramsog: folds 
Murka-nash: folds 
Monterroso69: folds 
Gixxer2007: folds 
betganij: folds 
TiLtTiLtT1Lt: raises $0.50 to $0.75
snoo46: calls $0.50
*** FLOP *** [2c 4h Ks]
TiLtTiLtT1Lt: bets $1
snoo46: calls $1
*** TURN *** [2c 4h Ks] [Qs]
TiLtTiLtT1Lt: bets $1.25
snoo46: calls $1.25
*** RIVER *** [2c 4h Ks Qs] [8s]
TiLtTiLtT1Lt: bets $1.50
snoo46: folds 
Uncalled bet ($1.50) returned to TiLtTiLtT1Lt
TiLtTiLtT1Lt collected $5.75 from pot
TiLtTiLtT1Lt: doesn't show hand 
snoo46 leaves the table
*** SUMMARY ***
Total pot $6 | Rake $0.25 
Board [2c 4h Ks Qs 8s]
Seat 1: Gixxer2007 folded before Flop (didn't bet)
Seat 2: betganij (button) folded before Flop (didn't bet)
Seat 3: TiLtTiLtT1Lt (small blind) collected ($5.75)
Seat 4: snoo46 (big blind) folded on the River
Seat 5: Alameda22 folded before Flop (didn't bet)
Seat 7: Cramsog folded before Flop (didn't bet)
Seat 8: Murka-nash folded before Flop (didn't bet)
Seat 9: Monterroso69 folded before Flop (didn't bet)



PokerStars Game #20023396011:  Hold'em No Limit ($0.10/$0.25) - 2008/08/30 - 19:04:43 (ET)
Table 'Blok' 9-max Seat #3 is the button
Seat 1: Gixxer2007 ($52.25 in chips) 
Seat 2: betganij ($4.65 in chips) 
Seat 3: TiLtTiLtT1Lt ($17.25 in chips) 
Seat 5: Alameda22 ($31.60 in chips) 
Seat 7: Cramsog ($26.95 in chips) 
Seat 8: Murka-nash ($25 in chips) 
Seat 9: Monterroso69 ($28.35 in chips) 
Alameda22: posts small blind $0.10
riksanchez joins the table at seat #4 
Cramsog: posts big blind $0.25
*** HOLE CARDS ***
Dealt to Alameda22 [Qh Tc]
Murka-nash: folds 
Monterroso69: folds 
Gixxer2007: folds 
betganij: folds 
TiLtTiLtT1Lt: folds 
Alameda22: folds 
Uncalled bet ($0.15) returned to Cramsog
Cramsog collected $0.20 from pot
Cramsog: doesn't show hand 
*** SUMMARY ***
Total pot $0.20 | Rake $0 
Seat 1: Gixxer2007 folded before Flop (didn't bet)
Seat 2: betganij folded before Flop (didn't bet)
Seat 3: TiLtTiLtT1Lt (button) folded before Flop (didn't bet)
Seat 5: Alameda22 (small blind) folded before Flop
Seat 7: Cramsog (big blind) collected ($0.20)
Seat 8: Murka-nash folded before Flop (didn't bet)
Seat 9: Monterroso69 folded before Flop (didn't bet)



PokerStars Game #20023406751:  Hold'em No Limit ($0.10/$0.25) - 2008/08/30 - 19:05:13 (ET)
Table 'Blok' 9-max Seat #5 is the button
Seat 1: Gixxer2007 ($52.25 in chips) 
Seat 2: betganij ($4.65 in chips) 
Seat 3: TiLtTiLtT1Lt ($17.25 in chips) 
Seat 5: Alameda22 ($31.50 in chips) 
Seat 7: Cramsog ($27.05 in chips) 
Seat 8: Murka-nash ($25 in chips) 
Seat 9: Monterroso69 ($28.35 in chips) 
27petedragon was removed from the table for failing to post
Cramsog: posts small blind $0.10
Murka-nash: posts big blind $0.25
riksanchez: sits out 
*** HOLE CARDS ***
Dealt to Alameda22 [2h 2c]
Monterroso69: folds 
Gixxer2007: calls $0.25
betganij: folds 
TiLtTiLtT1Lt: folds 
Alameda22: folds 
Cramsog: folds 
Murka-nash: checks 
*** FLOP *** [3s 2s 9d]
Cramsog leaves the table
Murka-nash: checks 
Gixxer2007: checks 
*** TURN *** [3s 2s 9d] [5d]
Murka-nash: checks 
Gixxer2007: checks 
*** RIVER *** [3s 2s 9d 5d] [Jd]
Murka-nash: checks 
Gixxer2007: checks 
*** SHOW DOWN ***
Murka-nash: shows [8h Kh] (high card King)
Gixxer2007: shows [Ah 6h] (high card Ace)
Gixxer2007 collected $0.60 from pot
*** SUMMARY ***
Total pot $0.60 | Rake $0 
Board [3s 2s 9d 5d Jd]
Seat 1: Gixxer2007 showed [Ah 6h] and won ($0.60) with high card Ace
Seat 2: betganij folded before Flop (didn't bet)
Seat 3: TiLtTiLtT1Lt folded before Flop (didn't bet)
Seat 5: Alameda22 (button) folded before Flop (didn't bet)
Seat 7: Cramsog (small blind) folded before Flop
Seat 8: Murka-nash (big blind) showed [8h Kh] and lost with high card King
Seat 9: Monterroso69 folded before Flop (didn't bet)



PokerStars Game #20023430141:  Hold'em No Limit ($0.10/$0.25) - 2008/08/30 - 19:06:19 (ET)
Table 'Blok' 9-max Seat #8 is the button
Seat 3: TiLtTiLtT1Lt ($17.25 in chips) 
Seat 5: Alameda22 ($31.50 in chips) 
Seat 8: Murka-nash ($24.75 in chips) 
Seat 9: Monterroso69 ($28.35 in chips) 
Monterroso69: posts small blind $0.10
Gixxer2007: is sitting out 
betganij: is sitting out 
TiLtTiLtT1Lt: posts big blind $0.25
riksanchez: sits out 
*** HOLE CARDS ***
Dealt to Alameda22 [Ac Jc]
betganij leaves the table
Gixxer2007 leaves the table
hage144 joins the table at seat #6 
Alameda22: raises $0.75 to $1
Murka-nash: folds 
Monterroso69: folds 
TiLtTiLtT1Lt: folds 
Uncalled bet ($0.75) returned to Alameda22
Alameda22 collected $0.60 from pot
Alameda22: doesn't show hand 
*** SUMMARY ***
Total pot $0.60 | Rake $0 
Seat 3: TiLtTiLtT1Lt (big blind) folded before Flop
Seat 5: Alameda22 collected ($0.60)
Seat 8: Murka-nash (button) folded before Flop (didn't bet)
Seat 9: Monterroso69 (small blind) folded before Flop



PokerStars Game #20023441968:  Hold'em No Limit ($0.10/$0.25) - 2008/08/30 - 19:06:52 (ET)
Table 'Blok' 9-max Seat #9 is the button
Seat 3: TiLtTiLtT1Lt ($17 in chips) 
Seat 4: riksanchez ($25 in chips) 
Seat 5: Alameda22 ($31.85 in chips) 
Seat 6: hage144 ($6.15 in chips) 
Seat 8: Murka-nash ($24.75 in chips) 
Seat 9: Monterroso69 ($28.25 in chips) 
TiLtTiLtT1Lt: posts small blind $0.10
riksanchez: posts big blind $0.25
hage144: posts big blind $0.25
*** HOLE CARDS ***
Dealt to Alameda22 [Qd Qs]
Alameda22: raises $1 to $1.25
hage144: folds 
Murka-nash: folds 
Monterroso69: folds 
Murka-nash leaves the table
TiLtTiLtT1Lt: folds 
riksanchez: calls $1
*** FLOP *** [Js 9s Ks]
riksanchez: checks 
Alameda22: bets $1.75
riksanchez: calls $1.75
*** TURN *** [Js 9s Ks] [Ac]
riksanchez: checks 
Alameda22: checks 
*** RIVER *** [Js 9s Ks Ac] [Ad]
riksanchez: bets $3.75
Alameda22: calls $3.75
*** SHOW DOWN ***
riksanchez: shows [Th Ts] (two pair, Aces and Tens)
Alameda22: shows [Qd Qs] (two pair, Aces and Queens)
Alameda22 collected $13.20 from pot
*** SUMMARY ***
Total pot $13.85 | Rake $0.65 
Board [Js 9s Ks Ac Ad]
Seat 3: TiLtTiLtT1Lt (small blind) folded before Flop
Seat 4: riksanchez (big blind) showed [Th Ts] and lost with two pair, Aces and Tens
Seat 5: Alameda22 showed [Qd Qs] and won ($13.20) with two pair, Aces and Queens
Seat 6: hage144 folded before Flop
Seat 8: Murka-nash folded before Flop (didn't bet)
Seat 9: Monterroso69 (button) folded before Flop (didn't bet)



PokerStars Game #20023495511:  Hold'em No Limit ($0.10/$0.25) - 2008/08/30 - 19:09:24 (ET)
Table 'Blok' 9-max Seat #3 is the button
Seat 3: TiLtTiLtT1Lt ($16.90 in chips) 
Seat 4: riksanchez ($18.25 in chips) 
Seat 5: Alameda22 ($38.30 in chips) 
Seat 6: hage144 ($5.90 in chips) 
Seat 9: Monterroso69 ($28.25 in chips) 
riksanchez: posts small blind $0.10
Alameda22: posts big blind $0.25
*** HOLE CARDS ***
Dealt to Alameda22 [4h 9s]
hage144: folds 
Monterroso69: folds 
TiLtTiLtT1Lt: raises $0.50 to $0.75
riksanchez: folds 
Alameda22: folds 
Uncalled bet ($0.50) returned to TiLtTiLtT1Lt
TiLtTiLtT1Lt collected $0.60 from pot
TiLtTiLtT1Lt: doesn't show hand 
*** SUMMARY ***
Total pot $0.60 | Rake $0 
Seat 3: TiLtTiLtT1Lt (button) collected ($0.60)
Seat 4: riksanchez (small blind) folded before Flop
Seat 5: Alameda22 (big blind) folded before Flop
Seat 6: hage144 folded before Flop (didn't bet)
Seat 9: Monterroso69 folded before Flop (didn't bet)



PokerStars Game #20023503754:  Hold'em No Limit ($0.10/$0.25) - 2008/08/30 - 19:09:47 (ET)
Table 'Blok' 9-max Seat #4 is the button
Seat 3: TiLtTiLtT1Lt ($17.25 in chips) 
Seat 4: riksanchez ($25 in chips) 
Seat 5: Alameda22 ($38.05 in chips) 
Seat 6: hage144 ($5.90 in chips) 
Seat 9: Monterroso69 ($28.25 in chips) 
Alameda22: posts small blind $0.10
hage144: posts big blind $0.25
*** HOLE CARDS ***
Dealt to Alameda22 [6s 4h]
Monterroso69: folds 
TiLtTiLtT1Lt: folds 
riksanchez: folds 
Alameda22: folds 
Uncalled bet ($0.15) returned to hage144
fi$hy85 joins the table at seat #7 
TiLtTiLtT1Lt is sitting out
hage144 collected $0.20 from pot
hage144: doesn't show hand 
TiLtTiLtT1Lt leaves the table
*** SUMMARY ***
Total pot $0.20 | Rake $0 
Seat 3: TiLtTiLtT1Lt folded before Flop (didn't bet)
Seat 4: riksanchez (button) folded before Flop (didn't bet)
Seat 5: Alameda22 (small blind) folded before Flop
Seat 6: hage144 (big blind) collected ($0.20)
Seat 9: Monterroso69 folded before Flop (didn't bet)



