PokerStars Game #19975011171:  Hold'em No Limit ($0.10/$0.25) - 2008/08/28 - 20:04:10 (ET)
Table 'Inna II' 9-max Seat #8 is the button
Seat 1: Soply ($25.90 in chips) 
Seat 2: Alameda22 ($25 in chips) 
Seat 4: Faraon777 ($25.35 in chips) 
Seat 5: Mercantour ($25.70 in chips) 
Seat 6: Sora2527 ($27.95 in chips) 
Seat 7: triky13 ($14.65 in chips) 
Seat 8: Cardini 23 ($24.65 in chips) 
dt6913 was removed from the table for failing to post
Soply: posts small blind $0.10
Alameda22: posts big blind $0.25
riskybiz78 joins the table at seat #9 
BufordDalt: sits out 
*** HOLE CARDS ***
Dealt to Alameda22 [2c 3s]
Faraon777: folds 
Mercantour: folds 
Sora2527: calls $0.25
triky13: calls $0.25
Cardini 23: folds 
Soply: folds 
Alameda22: checks 
*** FLOP *** [2s 8d 9d]
Alameda22: checks 
Sora2527: checks 
triky13: checks 
*** TURN *** [2s 8d 9d] [3h]
Alameda22: bets $0.50
Sora2527: folds 
triky13: folds 
Uncalled bet ($0.50) returned to Alameda22
Alameda22 collected $0.85 from pot
Alameda22: doesn't show hand 
*** SUMMARY ***
Total pot $0.85 | Rake $0 
Board [2s 8d 9d 3h]
Seat 1: Soply (small blind) folded before Flop
Seat 2: Alameda22 (big blind) collected ($0.85)
Seat 4: Faraon777 folded before Flop (didn't bet)
Seat 5: Mercantour folded before Flop (didn't bet)
Seat 6: Sora2527 folded on the Turn
Seat 7: triky13 folded on the Turn
Seat 8: Cardini 23 (button) folded before Flop (didn't bet)



PokerStars Game #19975035908:  Hold'em No Limit ($0.10/$0.25) - 2008/08/28 - 20:05:18 (ET)
Table 'Inna II' 9-max Seat #1 is the button
Seat 1: Soply ($25.80 in chips) 
Seat 2: Alameda22 ($25.60 in chips) 
Seat 4: Faraon777 ($25.35 in chips) 
Seat 5: Mercantour ($25.70 in chips) 
Seat 6: Sora2527 ($27.70 in chips) 
Seat 7: triky13 ($14.40 in chips) 
Seat 8: Cardini 23 ($24.65 in chips) 
Seat 9: riskybiz78 ($25 in chips) 
Alameda22: posts small blind $0.10
BufordDalt: is sitting out 
Faraon777: posts big blind $0.25
riskybiz78: posts big blind $0.25
*** HOLE CARDS ***
Dealt to Alameda22 [6c 8c]
Mercantour: raises $0.50 to $0.75
Sora2527: folds 
triky13: folds 
Cardini 23: folds 
riskybiz78: folds 
Soply: folds 
Alameda22: folds 
Faraon777: folds 
Uncalled bet ($0.50) returned to Mercantour
Mercantour collected $0.85 from pot
BufordDalt leaves the table
Mercantour: doesn't show hand 
*** SUMMARY ***
Total pot $0.85 | Rake $0 
Seat 1: Soply (button) folded before Flop (didn't bet)
Seat 2: Alameda22 (small blind) folded before Flop
Seat 4: Faraon777 (big blind) folded before Flop
Seat 5: Mercantour collected ($0.85)
Seat 6: Sora2527 folded before Flop (didn't bet)
Seat 7: triky13 folded before Flop (didn't bet)
Seat 8: Cardini 23 folded before Flop (didn't bet)
Seat 9: riskybiz78 folded before Flop



PokerStars Game #19975059490:  Hold'em No Limit ($0.10/$0.25) - 2008/08/28 - 20:06:25 (ET)
Table 'Inna II' 9-max Seat #2 is the button
Seat 1: Soply ($25.80 in chips) 
Seat 2: Alameda22 ($25.50 in chips) 
Seat 4: Faraon777 ($25.10 in chips) 
Seat 5: Mercantour ($26.30 in chips) 
Seat 6: Sora2527 ($27.70 in chips) 
Seat 7: triky13 ($14.40 in chips) 
Seat 8: Cardini 23 ($24.65 in chips) 
Seat 9: riskybiz78 ($24.75 in chips) 
Faraon777: posts small blind $0.10
Draq0 joins the table at seat #3 
Mercantour: posts big blind $0.25
*** HOLE CARDS ***
Dealt to Alameda22 [4s Qc]
Sora2527: calls $0.25
triky13: folds 
Cardini 23: folds 
riskybiz78: folds 
Soply: folds 
Alameda22: folds 
Faraon777: folds 
Mercantour: checks 
*** FLOP *** [5s Jh Qh]
Mercantour: checks 
Sora2527: checks 
*** TURN *** [5s Jh Qh] [9c]
Mercantour: checks 
Sora2527: bets $0.50
Mercantour: calls $0.50
*** RIVER *** [5s Jh Qh 9c] [8s]
Mercantour: checks 
Sora2527: checks 
*** SHOW DOWN ***
Mercantour: shows [Qd Kh] (a pair of Queens)
Sora2527: shows [9d Js] (two pair, Jacks and Nines)
Sora2527 collected $1.55 from pot
*** SUMMARY ***
Total pot $1.60 | Rake $0.05 
Board [5s Jh Qh 9c 8s]
Seat 1: Soply folded before Flop (didn't bet)
Seat 2: Alameda22 (button) folded before Flop (didn't bet)
Seat 4: Faraon777 (small blind) folded before Flop
Seat 5: Mercantour (big blind) showed [Qd Kh] and lost with a pair of Queens
Seat 6: Sora2527 showed [9d Js] and won ($1.55) with two pair, Jacks and Nines
Seat 7: triky13 folded before Flop (didn't bet)
Seat 8: Cardini 23 folded before Flop (didn't bet)
Seat 9: riskybiz78 folded before Flop (didn't bet)



PokerStars Game #19975094650:  Hold'em No Limit ($0.10/$0.25) - 2008/08/28 - 20:08:02 (ET)
Table 'Inna II' 9-max Seat #4 is the button
Seat 1: Soply ($25.80 in chips) 
Seat 2: Alameda22 ($25.50 in chips) 
Seat 3: Draq0 ($25 in chips) 
Seat 4: Faraon777 ($25 in chips) 
Seat 5: Mercantour ($25.55 in chips) 
Seat 6: Sora2527 ($28.50 in chips) 
Seat 7: triky13 ($14.40 in chips) 
Seat 8: Cardini 23 ($24.65 in chips) 
Seat 9: riskybiz78 ($24.75 in chips) 
Mercantour: posts small blind $0.10
Sora2527: posts big blind $0.25
Draq0: posts big blind $0.25
*** HOLE CARDS ***
Dealt to Alameda22 [9d 5d]
triky13: folds 
Cardini 23: folds 
riskybiz78: folds 
Soply: folds 
Alameda22: folds 
Draq0: checks 
Faraon777: folds 
Mercantour: calls $0.15
Sora2527: checks 
*** FLOP *** [9h 5h 4s]
Mercantour: checks 
Sora2527: checks 
Draq0: checks 
*** TURN *** [9h 5h 4s] [4d]
Mercantour: bets $0.50
Sora2527: folds 
Draq0: folds 
Uncalled bet ($0.50) returned to Mercantour
Mercantour collected $0.75 from pot
Mercantour: doesn't show hand 
*** SUMMARY ***
Total pot $0.75 | Rake $0 
Board [9h 5h 4s 4d]
Seat 1: Soply folded before Flop (didn't bet)
Seat 2: Alameda22 folded before Flop (didn't bet)
Seat 3: Draq0 folded on the Turn
Seat 4: Faraon777 (button) folded before Flop (didn't bet)
Seat 5: Mercantour (small blind) collected ($0.75)
Seat 6: Sora2527 (big blind) folded on the Turn
Seat 7: triky13 folded before Flop (didn't bet)
Seat 8: Cardini 23 folded before Flop (didn't bet)
Seat 9: riskybiz78 folded before Flop (didn't bet)



PokerStars Game #19975132185:  Hold'em No Limit ($0.10/$0.25) - 2008/08/28 - 20:09:46 (ET)
Table 'Inna II' 9-max Seat #5 is the button
Seat 1: Soply ($25.80 in chips) 
Seat 2: Alameda22 ($25.50 in chips) 
Seat 3: Draq0 ($24.75 in chips) 
Seat 4: Faraon777 ($25 in chips) 
Seat 5: Mercantour ($26.05 in chips) 
Seat 6: Sora2527 ($28.25 in chips) 
Seat 7: triky13 ($14.40 in chips) 
Seat 8: Cardini 23 ($24.65 in chips) 
Seat 9: riskybiz78 ($24.75 in chips) 
Sora2527: posts small blind $0.10
triky13: posts big blind $0.25
*** HOLE CARDS ***
Dealt to Alameda22 [Ac 6h]
Cardini 23: folds 
riskybiz78: folds 
Soply: folds 
Alameda22: folds 
Draq0: folds 
Faraon777: folds 
Mercantour: raises $0.50 to $0.75
Sora2527: folds 
triky13: calls $0.50
*** FLOP *** [Js Kh Qh]
triky13: checks 
Mercantour: checks 
*** TURN *** [Js Kh Qh] [8c]
triky13: checks 
Mercantour: bets $0.50
triky13: folds 
Uncalled bet ($0.50) returned to Mercantour
Mercantour collected $1.55 from pot
Mercantour: doesn't show hand 
*** SUMMARY ***
Total pot $1.60 | Rake $0.05 
Board [Js Kh Qh 8c]
Seat 1: Soply folded before Flop (didn't bet)
Seat 2: Alameda22 folded before Flop (didn't bet)
Seat 3: Draq0 folded before Flop (didn't bet)
Seat 4: Faraon777 folded before Flop (didn't bet)
Seat 5: Mercantour (button) collected ($1.55)
Seat 6: Sora2527 (small blind) folded before Flop
Seat 7: triky13 (big blind) folded on the Turn
Seat 8: Cardini 23 folded before Flop (didn't bet)
Seat 9: riskybiz78 folded before Flop (didn't bet)



PokerStars Game #19975160276:  Hold'em No Limit ($0.10/$0.25) - 2008/08/28 - 20:11:05 (ET)
Table 'Inna II' 9-max Seat #6 is the button
Seat 1: Soply ($25.80 in chips) 
Seat 2: Alameda22 ($25.50 in chips) 
Seat 3: Draq0 ($24.75 in chips) 
Seat 4: Faraon777 ($25 in chips) 
Seat 5: Mercantour ($26.85 in chips) 
Seat 6: Sora2527 ($28.15 in chips) 
Seat 7: triky13 ($13.65 in chips) 
Seat 8: Cardini 23 ($24.65 in chips) 
Seat 9: riskybiz78 ($24.75 in chips) 
triky13: posts small blind $0.10
Cardini 23: posts big blind $0.25
*** HOLE CARDS ***
Dealt to Alameda22 [Qh 4s]
riskybiz78: folds 
Soply: raises $0.75 to $1
Alameda22: folds 
Draq0: folds 
Faraon777: folds 
Mercantour: folds 
Sora2527: folds 
triky13: folds 
Cardini 23: folds 
Uncalled bet ($0.75) returned to Soply
Soply collected $0.60 from pot
*** SUMMARY ***
Total pot $0.60 | Rake $0 
Seat 1: Soply collected ($0.60)
Seat 2: Alameda22 folded before Flop (didn't bet)
Seat 3: Draq0 folded before Flop (didn't bet)
Seat 4: Faraon777 folded before Flop (didn't bet)
Seat 5: Mercantour folded before Flop (didn't bet)
Seat 6: Sora2527 (button) folded before Flop (didn't bet)
Seat 7: triky13 (small blind) folded before Flop
Seat 8: Cardini 23 (big blind) folded before Flop
Seat 9: riskybiz78 folded before Flop (didn't bet)



PokerStars Game #19975181690:  Hold'em No Limit ($0.10/$0.25) - 2008/08/28 - 20:12:05 (ET)
Table 'Inna II' 9-max Seat #7 is the button
Seat 1: Soply ($26.15 in chips) 
Seat 2: Alameda22 ($25.50 in chips) 
Seat 3: Draq0 ($24.75 in chips) 
Seat 4: Faraon777 ($25 in chips) 
Seat 5: Mercantour ($26.85 in chips) 
Seat 6: Sora2527 ($28.15 in chips) 
Seat 7: triky13 ($13.55 in chips) 
Seat 8: Cardini 23 ($24.40 in chips) 
Seat 9: riskybiz78 ($24.75 in chips) 
Cardini 23: posts small blind $0.10
riskybiz78: posts big blind $0.25
*** HOLE CARDS ***
Dealt to Alameda22 [As 3d]
Soply: folds 
Alameda22: folds 
Draq0: calls $0.25
Faraon777: folds 
Mercantour: folds 
Sora2527: folds 
triky13: folds 
Cardini 23: folds 
riskybiz78: checks 
*** FLOP *** [3h 6s Kh]
riskybiz78: checks 
Draq0: checks 
*** TURN *** [3h 6s Kh] [Js]
riskybiz78: bets $0.75
Draq0: folds 
Uncalled bet ($0.75) returned to riskybiz78
riskybiz78 collected $0.60 from pot
riskybiz78: doesn't show hand 
*** SUMMARY ***
Total pot $0.60 | Rake $0 
Board [3h 6s Kh Js]
Seat 1: Soply folded before Flop (didn't bet)
Seat 2: Alameda22 folded before Flop (didn't bet)
Seat 3: Draq0 folded on the Turn
Seat 4: Faraon777 folded before Flop (didn't bet)
Seat 5: Mercantour folded before Flop (didn't bet)
Seat 6: Sora2527 folded before Flop (didn't bet)
Seat 7: triky13 (button) folded before Flop (didn't bet)
Seat 8: Cardini 23 (small blind) folded before Flop
Seat 9: riskybiz78 (big blind) collected ($0.60)



PokerStars Game #19975212972:  Hold'em No Limit ($0.10/$0.25) - 2008/08/28 - 20:13:32 (ET)
Table 'Inna II' 9-max Seat #8 is the button
Seat 1: Soply ($26.15 in chips) 
Seat 2: Alameda22 ($25.50 in chips) 
Seat 3: Draq0 ($24.50 in chips) 
Seat 4: Faraon777 ($25 in chips) 
Seat 5: Mercantour ($26.85 in chips) 
Seat 6: Sora2527 ($28.15 in chips) 
Seat 7: triky13 ($13.55 in chips) 
Seat 8: Cardini 23 ($24.30 in chips) 
Seat 9: riskybiz78 ($25.10 in chips) 
riskybiz78: posts small blind $0.10
Soply: posts big blind $0.25
*** HOLE CARDS ***
Dealt to Alameda22 [Td Jd]
Alameda22: folds 
Draq0: folds 
Faraon777: folds 
Mercantour: folds 
Sora2527: calls $0.25
triky13: folds 
Cardini 23: folds 
riskybiz78: folds 
Soply: raises $0.75 to $1
Sora2527: calls $0.75
*** FLOP *** [Qc 8s 5s]
Soply: bets $1.75
Sora2527: folds 
Uncalled bet ($1.75) returned to Soply
Soply collected $2 from pot
*** SUMMARY ***
Total pot $2.10 | Rake $0.10 
Board [Qc 8s 5s]
Seat 1: Soply (big blind) collected ($2)
Seat 2: Alameda22 folded before Flop (didn't bet)
Seat 3: Draq0 folded before Flop (didn't bet)
Seat 4: Faraon777 folded before Flop (didn't bet)
Seat 5: Mercantour folded before Flop (didn't bet)
Seat 6: Sora2527 folded on the Flop
Seat 7: triky13 folded before Flop (didn't bet)
Seat 8: Cardini 23 (button) folded before Flop (didn't bet)
Seat 9: riskybiz78 (small blind) folded before Flop



PokerStars Game #19975247258:  Hold'em No Limit ($0.10/$0.25) - 2008/08/28 - 20:15:06 (ET)
Table 'Inna II' 9-max Seat #9 is the button
Seat 1: Soply ($27.15 in chips) 
Seat 2: Alameda22 ($25.50 in chips) 
Seat 3: Draq0 ($24.50 in chips) 
Seat 4: Faraon777 ($25 in chips) 
Seat 5: Mercantour ($26.85 in chips) 
Seat 6: Sora2527 ($27.15 in chips) 
Seat 7: triky13 ($13.55 in chips) 
Seat 8: Cardini 23 ($24.30 in chips) 
Seat 9: riskybiz78 ($25 in chips) 
Soply: posts small blind $0.10
Alameda22: posts big blind $0.25
*** HOLE CARDS ***
Dealt to Alameda22 [8h Jc]
Draq0: folds 
Faraon777: folds 
Mercantour: folds 
Sora2527: calls $0.25
triky13: calls $0.25
Cardini 23: calls $0.25
riskybiz78: calls $0.25
Soply: folds 
Alameda22: checks 
*** FLOP *** [2h 9d 5h]
Alameda22: checks 
Sora2527: bets $0.50
triky13: folds 
Cardini 23: folds 
riskybiz78: folds 
Alameda22: folds 
Uncalled bet ($0.50) returned to Sora2527
Sora2527 collected $1.30 from pot
*** SUMMARY ***
Total pot $1.35 | Rake $0.05 
Board [2h 9d 5h]
Seat 1: Soply (small blind) folded before Flop
Seat 2: Alameda22 (big blind) folded on the Flop
Seat 3: Draq0 folded before Flop (didn't bet)
Seat 4: Faraon777 folded before Flop (didn't bet)
Seat 5: Mercantour folded before Flop (didn't bet)
Seat 6: Sora2527 collected ($1.30)
Seat 7: triky13 folded on the Flop
Seat 8: Cardini 23 folded on the Flop
Seat 9: riskybiz78 (button) folded on the Flop



PokerStars Game #19975273710:  Hold'em No Limit ($0.10/$0.25) - 2008/08/28 - 20:16:19 (ET)
Table 'Inna II' 9-max Seat #1 is the button
Seat 1: Soply ($27.05 in chips) 
Seat 2: Alameda22 ($25.25 in chips) 
Seat 3: Draq0 ($24.50 in chips) 
Seat 4: Faraon777 ($25 in chips) 
Seat 5: Mercantour ($26.85 in chips) 
Seat 6: Sora2527 ($28.20 in chips) 
Seat 7: triky13 ($13.30 in chips) 
Seat 8: Cardini 23 ($24.05 in chips) 
Seat 9: riskybiz78 ($24.75 in chips) 
Alameda22: posts small blind $0.10
Draq0: posts big blind $0.25
*** HOLE CARDS ***
Dealt to Alameda22 [7c 4c]
Faraon777: folds 
Mercantour: raises $0.50 to $0.75
Sora2527: folds 
triky13: folds 
Cardini 23: folds 
riskybiz78: folds 
Soply: folds 
Alameda22: folds 
riskybiz78 is sitting out
Draq0: folds 
Uncalled bet ($0.50) returned to Mercantour
Mercantour collected $0.60 from pot
Mercantour: doesn't show hand 
*** SUMMARY ***
Total pot $0.60 | Rake $0 
Seat 1: Soply (button) folded before Flop (didn't bet)
Seat 2: Alameda22 (small blind) folded before Flop
Seat 3: Draq0 (big blind) folded before Flop
Seat 4: Faraon777 folded before Flop (didn't bet)
Seat 5: Mercantour collected ($0.60)
Seat 6: Sora2527 folded before Flop (didn't bet)
Seat 7: triky13 folded before Flop (didn't bet)
Seat 8: Cardini 23 folded before Flop (didn't bet)
Seat 9: riskybiz78 folded before Flop (didn't bet)



PokerStars Game #19975292219:  Hold'em No Limit ($0.10/$0.25) - 2008/08/28 - 20:17:08 (ET)
Table 'Inna II' 9-max Seat #2 is the button
Seat 1: Soply ($27.05 in chips) 
Seat 2: Alameda22 ($25.15 in chips) 
Seat 3: Draq0 ($24.25 in chips) 
Seat 4: Faraon777 ($25 in chips) 
Seat 5: Mercantour ($27.20 in chips) 
Seat 6: Sora2527 ($28.20 in chips) 
Seat 7: triky13 ($13.30 in chips) 
Seat 8: Cardini 23 ($24.05 in chips) 
Draq0: posts small blind $0.10
Faraon777: posts big blind $0.25
*** HOLE CARDS ***
Dealt to Alameda22 [4d 3c]
Mercantour: folds 
Sora2527: calls $0.25
triky13: folds 
Cardini 23: calls $0.25
Soply: calls $0.25
Alameda22: folds 
Draq0: calls $0.15
Faraon777: raises $1.25 to $1.50
Sora2527: folds 
Cardini 23: calls $1.25
Soply: calls $1.25
Draq0: folds 
*** FLOP *** [Qd 7c Td]
Faraon777: bets $3
Cardini 23: folds 
Soply: calls $3
*** TURN *** [Qd 7c Td] [2c]
Faraon777: bets $8
Soply: folds 
Uncalled bet ($8) returned to Faraon777
Faraon777 collected $10.50 from pot
Faraon777: doesn't show hand 
*** SUMMARY ***
Total pot $11 | Rake $0.50 
Board [Qd 7c Td 2c]
Seat 1: Soply folded on the Turn
Seat 2: Alameda22 (button) folded before Flop (didn't bet)
Seat 3: Draq0 (small blind) folded before Flop
Seat 4: Faraon777 (big blind) collected ($10.50)
Seat 5: Mercantour folded before Flop (didn't bet)
Seat 6: Sora2527 folded before Flop
Seat 7: triky13 folded before Flop (didn't bet)
Seat 8: Cardini 23 folded on the Flop



PokerStars Game #19975319756:  Hold'em No Limit ($0.10/$0.25) - 2008/08/28 - 20:18:23 (ET)
Table 'Inna II' 9-max Seat #3 is the button
Seat 1: Soply ($22.55 in chips) 
Seat 2: Alameda22 ($25.15 in chips) 
Seat 3: Draq0 ($24 in chips) 
Seat 4: Faraon777 ($31 in chips) 
Seat 5: Mercantour ($27.20 in chips) 
Seat 6: Sora2527 ($27.95 in chips) 
Seat 7: triky13 ($13.30 in chips) 
Seat 8: Cardini 23 ($22.55 in chips) 
Faraon777: posts small blind $0.10
Mercantour: posts big blind $0.25
*** HOLE CARDS ***
Dealt to Alameda22 [Qd 6s]
Sora2527: folds 
triky13: calls $0.25
Cardini 23: folds 
Soply: folds 
Alameda22: folds 
Draq0: calls $0.25
Faraon777: folds 
Mercantour: checks 
*** FLOP *** [Ks 2s 6d]
Mercantour: checks 
riskybiz78 has returned
triky13: checks 
Draq0: checks 
*** TURN *** [Ks 2s 6d] [Ts]
Mercantour: checks 
triky13: checks 
Draq0: checks 
*** RIVER *** [Ks 2s 6d Ts] [9h]
Mercantour: checks 
triky13: bets $0.25
Draq0: raises $0.75 to $1
Mercantour: folds 
triky13: folds 
Uncalled bet ($0.75) returned to Draq0
Draq0 collected $1.30 from pot
Draq0: doesn't show hand 
*** SUMMARY ***
Total pot $1.35 | Rake $0.05 
Board [Ks 2s 6d Ts 9h]
Seat 1: Soply folded before Flop (didn't bet)
Seat 2: Alameda22 folded before Flop (didn't bet)
Seat 3: Draq0 (button) collected ($1.30)
Seat 4: Faraon777 (small blind) folded before Flop
Seat 5: Mercantour (big blind) folded on the River
Seat 6: Sora2527 folded before Flop (didn't bet)
Seat 7: triky13 folded on the River
Seat 8: Cardini 23 folded before Flop (didn't bet)



PokerStars Game #19975345965:  Hold'em No Limit ($0.10/$0.25) - 2008/08/28 - 20:19:34 (ET)
Table 'Inna II' 9-max Seat #4 is the button
Seat 1: Soply ($22.55 in chips) 
Seat 2: Alameda22 ($25.15 in chips) 
Seat 3: Draq0 ($24.80 in chips) 
Seat 4: Faraon777 ($30.90 in chips) 
Seat 5: Mercantour ($26.95 in chips) 
Seat 6: Sora2527 ($27.95 in chips) 
Seat 7: triky13 ($12.80 in chips) 
Seat 8: Cardini 23 ($22.55 in chips) 
Seat 9: riskybiz78 ($24.75 in chips) 
Mercantour: posts small blind $0.10
Sora2527: posts big blind $0.25
*** HOLE CARDS ***
Dealt to Alameda22 [Qh 6d]
triky13: folds 
Cardini 23: raises $0.75 to $1
triky13 leaves the table
riskybiz78: folds 
Nick344 joins the table at seat #7 
Soply: folds 
Alameda22: folds 
Draq0: folds 
Faraon777: folds 
Mercantour: folds 
Sora2527: folds 
Uncalled bet ($0.75) returned to Cardini 23
Cardini 23 collected $0.60 from pot
Cardini 23: doesn't show hand 
*** SUMMARY ***
Total pot $0.60 | Rake $0 
Seat 1: Soply folded before Flop (didn't bet)
Seat 2: Alameda22 folded before Flop (didn't bet)
Seat 3: Draq0 folded before Flop (didn't bet)
Seat 4: Faraon777 (button) folded before Flop (didn't bet)
Seat 5: Mercantour (small blind) folded before Flop
Seat 6: Sora2527 (big blind) folded before Flop
Seat 7: triky13 folded before Flop (didn't bet)
Seat 8: Cardini 23 collected ($0.60)
Seat 9: riskybiz78 folded before Flop (didn't bet)



PokerStars Game #19975363173:  Hold'em No Limit ($0.10/$0.25) - 2008/08/28 - 20:20:21 (ET)
Table 'Inna II' 9-max Seat #5 is the button
Seat 1: Soply ($22.55 in chips) 
Seat 2: Alameda22 ($25.15 in chips) 
Seat 3: Draq0 ($24.80 in chips) 
Seat 4: Faraon777 ($30.90 in chips) 
Seat 5: Mercantour ($26.85 in chips) 
Seat 6: Sora2527 ($27.70 in chips) 
Seat 7: Nick344 ($5 in chips) 
Seat 8: Cardini 23 ($22.90 in chips) 
Seat 9: riskybiz78 ($24.75 in chips) 
Sora2527: posts small blind $0.10
Nick344: posts big blind $0.25
*** HOLE CARDS ***
Dealt to Alameda22 [6h 2d]
Cardini 23: folds 
riskybiz78: folds 
Soply: folds 
Alameda22: folds 
Draq0: folds 
Faraon777: folds 
Mercantour: folds 
Sora2527: calls $0.15
Nick344: raises $0.25 to $0.50
Sora2527: calls $0.25
*** FLOP *** [8s 9d 2c]
Sora2527: checks 
Nick344: bets $0.50
Sora2527: calls $0.50
*** TURN *** [8s 9d 2c] [3d]
Sora2527: checks 
Nick344: bets $1.50
Sora2527: calls $1.50
*** RIVER *** [8s 9d 2c 3d] [Ks]
Sora2527: folds 
Nick344 collected $4.80 from pot
Nick344: shows [Kh 9h] (two pair, Kings and Nines)
*** SUMMARY ***
Total pot $5 | Rake $0.20 
Board [8s 9d 2c 3d Ks]
Seat 1: Soply folded before Flop (didn't bet)
Seat 2: Alameda22 folded before Flop (didn't bet)
Seat 3: Draq0 folded before Flop (didn't bet)
Seat 4: Faraon777 folded before Flop (didn't bet)
Seat 5: Mercantour (button) folded before Flop (didn't bet)
Seat 6: Sora2527 (small blind) folded on the River
Seat 7: Nick344 (big blind) collected ($4.80)
Seat 8: Cardini 23 folded before Flop (didn't bet)
Seat 9: riskybiz78 folded before Flop (didn't bet)



PokerStars Game #19975390521:  Hold'em No Limit ($0.10/$0.25) - 2008/08/28 - 20:21:36 (ET)
Table 'Inna II' 9-max Seat #6 is the button
Seat 1: Soply ($22.55 in chips) 
Seat 2: Alameda22 ($25.15 in chips) 
Seat 3: Draq0 ($24.80 in chips) 
Seat 4: Faraon777 ($30.90 in chips) 
Seat 5: Mercantour ($26.85 in chips) 
Seat 6: Sora2527 ($25.20 in chips) 
Seat 7: Nick344 ($7.30 in chips) 
Seat 8: Cardini 23 ($22.90 in chips) 
Seat 9: riskybiz78 ($24.75 in chips) 
Nick344: posts small blind $0.10
Cardini 23: posts big blind $0.25
*** HOLE CARDS ***
Dealt to Alameda22 [Jh 9d]
riskybiz78: folds 
Soply: folds 
Alameda22: folds 
Draq0: folds 
Faraon777: raises $0.75 to $1
Mercantour: calls $1
Sora2527: folds 
Nick344: folds 
Cardini 23: folds 
*** FLOP *** [3c Th 4s]
Faraon777: checks 
Mercantour: checks 
*** TURN *** [3c Th 4s] [Ad]
Faraon777: bets $1.25
Mercantour: folds 
Uncalled bet ($1.25) returned to Faraon777
Faraon777 collected $2.25 from pot
Faraon777: doesn't show hand 
*** SUMMARY ***
Total pot $2.35 | Rake $0.10 
Board [3c Th 4s Ad]
Seat 1: Soply folded before Flop (didn't bet)
Seat 2: Alameda22 folded before Flop (didn't bet)
Seat 3: Draq0 folded before Flop (didn't bet)
Seat 4: Faraon777 collected ($2.25)
Seat 5: Mercantour folded on the Turn
Seat 6: Sora2527 (button) folded before Flop (didn't bet)
Seat 7: Nick344 (small blind) folded before Flop
Seat 8: Cardini 23 (big blind) folded before Flop
Seat 9: riskybiz78 folded before Flop (didn't bet)



PokerStars Game #19975418191:  Hold'em No Limit ($0.10/$0.25) - 2008/08/28 - 20:22:50 (ET)
Table 'Inna II' 9-max Seat #7 is the button
Seat 1: Soply ($22.55 in chips) 
Seat 2: Alameda22 ($25.15 in chips) 
Seat 3: Draq0 ($24.80 in chips) 
Seat 4: Faraon777 ($32.15 in chips) 
Seat 5: Mercantour ($25.85 in chips) 
Seat 6: Sora2527 ($25.20 in chips) 
Seat 7: Nick344 ($7.20 in chips) 
Seat 8: Cardini 23 ($22.65 in chips) 
Seat 9: riskybiz78 ($24.75 in chips) 
Cardini 23: posts small blind $0.10
riskybiz78: posts big blind $0.25
*** HOLE CARDS ***
Dealt to Alameda22 [Qc 5s]
Soply: folds 
Alameda22: folds 
Draq0: folds 
Faraon777: folds 
Mercantour: folds 
Sora2527: calls $0.25
Nick344: calls $0.25
Cardini 23: folds 
riskybiz78: checks 
*** FLOP *** [6d 4s 7s]
riskybiz78: checks 
Sora2527: checks 
Nick344: bets $0.50
riskybiz78: folds 
Sora2527: folds 
Uncalled bet ($0.50) returned to Nick344
Nick344 collected $0.85 from pot
*** SUMMARY ***
Total pot $0.85 | Rake $0 
Board [6d 4s 7s]
Seat 1: Soply folded before Flop (didn't bet)
Seat 2: Alameda22 folded before Flop (didn't bet)
Seat 3: Draq0 folded before Flop (didn't bet)
Seat 4: Faraon777 folded before Flop (didn't bet)
Seat 5: Mercantour folded before Flop (didn't bet)
Seat 6: Sora2527 folded on the Flop
Seat 7: Nick344 (button) collected ($0.85)
Seat 8: Cardini 23 (small blind) folded before Flop
Seat 9: riskybiz78 (big blind) folded on the Flop



PokerStars Game #19975453347:  Hold'em No Limit ($0.10/$0.25) - 2008/08/28 - 20:24:24 (ET)
Table 'Inna II' 9-max Seat #8 is the button
Seat 1: Soply ($22.55 in chips) 
Seat 2: Alameda22 ($25.15 in chips) 
Seat 3: Draq0 ($24.80 in chips) 
Seat 4: Faraon777 ($32.15 in chips) 
Seat 5: Mercantour ($25.85 in chips) 
Seat 6: Sora2527 ($24.95 in chips) 
Seat 7: Nick344 ($7.80 in chips) 
Seat 8: Cardini 23 ($22.55 in chips) 
Seat 9: riskybiz78 ($24.50 in chips) 
riskybiz78: posts small blind $0.10
Soply: posts big blind $0.25
*** HOLE CARDS ***
Dealt to Alameda22 [4d Kc]
Alameda22: folds 
Draq0: folds 
Faraon777: folds 
Mercantour: folds 
Sora2527: folds 
Nick344: raises $0.25 to $0.50
Cardini 23: folds 
riskybiz78: folds 
Soply: folds 
Uncalled bet ($0.25) returned to Nick344
Nick344 collected $0.60 from pot
*** SUMMARY ***
Total pot $0.60 | Rake $0 
Seat 1: Soply (big blind) folded before Flop
Seat 2: Alameda22 folded before Flop (didn't bet)
Seat 3: Draq0 folded before Flop (didn't bet)
Seat 4: Faraon777 folded before Flop (didn't bet)
Seat 5: Mercantour folded before Flop (didn't bet)
Seat 6: Sora2527 folded before Flop (didn't bet)
Seat 7: Nick344 collected ($0.60)
Seat 8: Cardini 23 (button) folded before Flop (didn't bet)
Seat 9: riskybiz78 (small blind) folded before Flop



PokerStars Game #19975470186:  Hold'em No Limit ($0.10/$0.25) - 2008/08/28 - 20:25:10 (ET)
Table 'Inna II' 9-max Seat #9 is the button
Seat 1: Soply ($22.30 in chips) 
Seat 2: Alameda22 ($25.15 in chips) 
Seat 3: Draq0 ($24.80 in chips) 
Seat 4: Faraon777 ($32.15 in chips) 
Seat 5: Mercantour ($25.85 in chips) 
Seat 6: Sora2527 ($24.95 in chips) 
Seat 7: Nick344 ($8.15 in chips) 
Seat 8: Cardini 23 ($22.55 in chips) 
Seat 9: riskybiz78 ($24.40 in chips) 
Soply: posts small blind $0.10
Alameda22: posts big blind $0.25
*** HOLE CARDS ***
Dealt to Alameda22 [3h 2h]
Draq0: folds 
Faraon777: folds 
Mercantour: folds 
Sora2527: calls $0.25
Nick344: calls $0.25
Cardini 23: folds 
riskybiz78: folds 
Soply: folds 
Alameda22: checks 
*** FLOP *** [Qh 3d Jd]
Alameda22: checks 
Sora2527: checks 
Nick344: checks 
*** TURN *** [Qh 3d Jd] [Td]
Alameda22: checks 
Sora2527: bets $0.50
Nick344: folds 
Alameda22: folds 
Uncalled bet ($0.50) returned to Sora2527
Sora2527 collected $0.85 from pot
*** SUMMARY ***
Total pot $0.85 | Rake $0 
Board [Qh 3d Jd Td]
Seat 1: Soply (small blind) folded before Flop
Seat 2: Alameda22 (big blind) folded on the Turn
Seat 3: Draq0 folded before Flop (didn't bet)
Seat 4: Faraon777 folded before Flop (didn't bet)
Seat 5: Mercantour folded before Flop (didn't bet)
Seat 6: Sora2527 collected ($0.85)
Seat 7: Nick344 folded on the Turn
Seat 8: Cardini 23 folded before Flop (didn't bet)
Seat 9: riskybiz78 (button) folded before Flop (didn't bet)



PokerStars Game #19975496818:  Hold'em No Limit ($0.10/$0.25) - 2008/08/28 - 20:26:22 (ET)
Table 'Inna II' 9-max Seat #1 is the button
Seat 1: Soply ($22.20 in chips) 
Seat 2: Alameda22 ($24.90 in chips) 
Seat 3: Draq0 ($24.80 in chips) 
Seat 4: Faraon777 ($32.15 in chips) 
Seat 5: Mercantour ($25.85 in chips) 
Seat 6: Sora2527 ($25.55 in chips) 
Seat 7: Nick344 ($7.90 in chips) 
Seat 8: Cardini 23 ($22.55 in chips) 
Seat 9: riskybiz78 ($24.40 in chips) 
Alameda22: posts small blind $0.10
Draq0: posts big blind $0.25
*** HOLE CARDS ***
Dealt to Alameda22 [Ts 3s]
Faraon777: folds 
Mercantour: folds 
Sora2527: folds 
Nick344: calls $0.25
Cardini 23: raises $0.75 to $1
riskybiz78: calls $1
Soply: folds 
Alameda22: folds 
Draq0: folds 
Nick344: calls $0.75
*** FLOP *** [7h 2s Kd]
Nick344: checks 
Cardini 23: bets $1.50
riskybiz78: folds 
Nick344: folds 
Uncalled bet ($1.50) returned to Cardini 23
Cardini 23 collected $3.20 from pot
Cardini 23: doesn't show hand 
*** SUMMARY ***
Total pot $3.35 | Rake $0.15 
Board [7h 2s Kd]
Seat 1: Soply (button) folded before Flop (didn't bet)
Seat 2: Alameda22 (small blind) folded before Flop
Seat 3: Draq0 (big blind) folded before Flop
Seat 4: Faraon777 folded before Flop (didn't bet)
Seat 5: Mercantour folded before Flop (didn't bet)
Seat 6: Sora2527 folded before Flop (didn't bet)
Seat 7: Nick344 folded on the Flop
Seat 8: Cardini 23 collected ($3.20)
Seat 9: riskybiz78 folded on the Flop



PokerStars Game #19975529092:  Hold'em No Limit ($0.10/$0.25) - 2008/08/28 - 20:27:49 (ET)
Table 'Inna II' 9-max Seat #2 is the button
Seat 1: Soply ($22.20 in chips) 
Seat 2: Alameda22 ($24.80 in chips) 
Seat 3: Draq0 ($24.55 in chips) 
Seat 4: Faraon777 ($32.15 in chips) 
Seat 5: Mercantour ($25.85 in chips) 
Seat 6: Sora2527 ($25.55 in chips) 
Seat 7: Nick344 ($6.90 in chips) 
Seat 8: Cardini 23 ($24.75 in chips) 
Seat 9: riskybiz78 ($23.40 in chips) 
Draq0: posts small blind $0.10
Faraon777: posts big blind $0.25
*** HOLE CARDS ***
Dealt to Alameda22 [4h 3c]
Mercantour: folds 
Sora2527: calls $0.25
Nick344: folds 
Cardini 23: folds 
riskybiz78: folds 
riskybiz78 leaves the table
Soply: folds 
Alameda22: folds 
Draq0: folds 
Faraon777: raises $0.75 to $1
Sora2527: calls $0.75
*** FLOP *** [Js 9c Ah]
Faraon777: bets $1.50
Sora2527: folds 
Uncalled bet ($1.50) returned to Faraon777
Faraon777 collected $2 from pot
Faraon777: doesn't show hand 
*** SUMMARY ***
Total pot $2.10 | Rake $0.10 
Board [Js 9c Ah]
Seat 1: Soply folded before Flop (didn't bet)
Seat 2: Alameda22 (button) folded before Flop (didn't bet)
Seat 3: Draq0 (small blind) folded before Flop
Seat 4: Faraon777 (big blind) collected ($2)
Seat 5: Mercantour folded before Flop (didn't bet)
Seat 6: Sora2527 folded on the Flop
Seat 7: Nick344 folded before Flop (didn't bet)
Seat 8: Cardini 23 folded before Flop (didn't bet)
Seat 9: riskybiz78 folded before Flop (didn't bet)



PokerStars Game #19975550089:  Hold'em No Limit ($0.10/$0.25) - 2008/08/28 - 20:28:47 (ET)
Table 'Inna II' 9-max Seat #3 is the button
Seat 1: Soply ($22.20 in chips) 
Seat 2: Alameda22 ($24.80 in chips) 
Seat 3: Draq0 ($24.45 in chips) 
Seat 4: Faraon777 ($33.15 in chips) 
Seat 5: Mercantour ($25.85 in chips) 
Seat 6: Sora2527 ($24.55 in chips) 
Seat 7: Nick344 ($6.90 in chips) 
Seat 8: Cardini 23 ($24.75 in chips) 
Faraon777: posts small blind $0.10
Mercantour: posts big blind $0.25
*** HOLE CARDS ***
Dealt to Alameda22 [6d 4h]
Sora2527: calls $0.25
Nick344: calls $0.25
Cardini 23: folds 
Soply: folds 
Alameda22: folds 
Draq0: calls $0.25
Faraon777: calls $0.15
Mercantour: checks 
*** FLOP *** [Tc 5s 8c]
Faraon777: checks 
Mercantour: checks 
Sora2527: bets $0.50
Nick344: calls $0.50
Draq0: folds 
Faraon777: folds 
Mercantour: folds 
*** TURN *** [Tc 5s 8c] [Td]
Arsel joins the table at seat #9 
Sora2527: bets $0.75
Nick344: raises $1.25 to $2
Sora2527: calls $1.25
*** RIVER *** [Tc 5s 8c Td] [Qd]
Sora2527: checks 
Nick344: checks 
*** SHOW DOWN ***
Sora2527: shows [Ah As] (two pair, Aces and Tens)
Nick344: mucks hand 
Sora2527 collected $5.95 from pot
*** SUMMARY ***
Total pot $6.25 | Rake $0.30 
Board [Tc 5s 8c Td Qd]
Seat 1: Soply folded before Flop (didn't bet)
Seat 2: Alameda22 folded before Flop (didn't bet)
Seat 3: Draq0 (button) folded on the Flop
Seat 4: Faraon777 (small blind) folded on the Flop
Seat 5: Mercantour (big blind) folded on the Flop
Seat 6: Sora2527 showed [Ah As] and won ($5.95) with two pair, Aces and Tens
Seat 7: Nick344 mucked [Qh 9c]
Seat 8: Cardini 23 folded before Flop (didn't bet)



PokerStars Game #19975605399:  Hold'em No Limit ($0.10/$0.25) - 2008/08/28 - 20:31:15 (ET)
Table 'Inna II' 9-max Seat #4 is the button
Seat 1: Soply ($22.20 in chips) 
Seat 2: Alameda22 ($24.80 in chips) 
Seat 3: Draq0 ($24.20 in chips) 
Seat 4: Faraon777 ($32.90 in chips) 
Seat 5: Mercantour ($25.60 in chips) 
Seat 6: Sora2527 ($27.75 in chips) 
Seat 7: Nick344 ($4.15 in chips) 
Seat 8: Cardini 23 ($24.75 in chips) 
Seat 9: Arsel ($25 in chips) 
Mercantour: posts small blind $0.10
Sora2527: posts big blind $0.25
Arsel: posts big blind $0.25
*** HOLE CARDS ***
Dealt to Alameda22 [4c 7h]
Nick344: calls $0.25
Cardini 23: folds 
Arsel: checks 
Soply: folds 
Alameda22: folds 
Draq0: folds 
Faraon777: folds 
Mercantour: calls $0.15
Sora2527: checks 
*** FLOP *** [2s 9s 8s]
Mercantour: checks 
Sora2527: checks 
Nick344: checks 
Arsel: checks 
*** TURN *** [2s 9s 8s] [8d]
Mercantour: bets $0.25
Sora2527: calls $0.25
Nick344: folds 
Arsel: folds 
*** RIVER *** [2s 9s 8s 8d] [8h]
Mercantour: bets $1.50
Sora2527: folds 
Uncalled bet ($1.50) returned to Mercantour
Mercantour collected $1.45 from pot
Mercantour: doesn't show hand 
*** SUMMARY ***
Total pot $1.50 | Rake $0.05 
Board [2s 9s 8s 8d 8h]
Seat 1: Soply folded before Flop (didn't bet)
Seat 2: Alameda22 folded before Flop (didn't bet)
Seat 3: Draq0 folded before Flop (didn't bet)
Seat 4: Faraon777 (button) folded before Flop (didn't bet)
Seat 5: Mercantour (small blind) collected ($1.45)
Seat 6: Sora2527 (big blind) folded on the River
Seat 7: Nick344 folded on the Turn
Seat 8: Cardini 23 folded before Flop (didn't bet)
Seat 9: Arsel folded on the Turn



PokerStars Game #19975632533:  Hold'em No Limit ($0.10/$0.25) - 2008/08/28 - 20:32:29 (ET)
Table 'Inna II' 9-max Seat #5 is the button
Seat 1: Soply ($22.20 in chips) 
Seat 2: Alameda22 ($24.80 in chips) 
Seat 3: Draq0 ($24.20 in chips) 
Seat 4: Faraon777 ($32.90 in chips) 
Seat 5: Mercantour ($26.55 in chips) 
Seat 6: Sora2527 ($27.25 in chips) 
Seat 7: Nick344 ($3.90 in chips) 
Seat 8: Cardini 23 ($24.75 in chips) 
Seat 9: Arsel ($24.75 in chips) 
Sora2527: posts small blind $0.10
Nick344: posts big blind $0.25
*** HOLE CARDS ***
Dealt to Alameda22 [Kc 2d]
Cardini 23: folds 
Arsel: folds 
Soply: calls $0.25
Alameda22: folds 
Draq0: folds 
Faraon777: folds 
Mercantour: folds 
Sora2527: calls $0.15
Nick344: checks 
*** FLOP *** [6h 6s Qh]
Sora2527: checks 
Nick344: bets $0.25
Soply: calls $0.25
Sora2527: folds 
*** TURN *** [6h 6s Qh] [Jh]
Nick344: bets $0.75
Soply: folds 
Uncalled bet ($0.75) returned to Nick344
Nick344 collected $1.20 from pot
*** SUMMARY ***
Total pot $1.25 | Rake $0.05 
Board [6h 6s Qh Jh]
Seat 1: Soply folded on the Turn
Seat 2: Alameda22 folded before Flop (didn't bet)
Seat 3: Draq0 folded before Flop (didn't bet)
Seat 4: Faraon777 folded before Flop (didn't bet)
Seat 5: Mercantour (button) folded before Flop (didn't bet)
Seat 6: Sora2527 (small blind) folded on the Flop
Seat 7: Nick344 (big blind) collected ($1.20)
Seat 8: Cardini 23 folded before Flop (didn't bet)
Seat 9: Arsel folded before Flop (didn't bet)



PokerStars Game #19975661073:  Hold'em No Limit ($0.10/$0.25) - 2008/08/28 - 20:33:45 (ET)
Table 'Inna II' 9-max Seat #6 is the button
Seat 1: Soply ($21.70 in chips) 
Seat 2: Alameda22 ($24.80 in chips) 
Seat 3: Draq0 ($24.20 in chips) 
Seat 4: Faraon777 ($32.90 in chips) 
Seat 5: Mercantour ($26.55 in chips) 
Seat 6: Sora2527 ($27 in chips) 
Seat 7: Nick344 ($4.60 in chips) 
Seat 8: Cardini 23 ($24.75 in chips) 
Seat 9: Arsel ($24.75 in chips) 
Nick344: posts small blind $0.10
Cardini 23: posts big blind $0.25
*** HOLE CARDS ***
Dealt to Alameda22 [3s 8c]
Arsel: folds 
Soply: folds 
Alameda22: folds 
Draq0: folds 
Faraon777: folds 
Mercantour: raises $0.50 to $0.75
Sora2527: calls $0.75
Nick344: calls $0.65
Cardini 23: folds 
*** FLOP *** [6h 8h 4s]
Nick344: checks 
Mercantour: checks 
Sora2527: checks 
*** TURN *** [6h 8h 4s] [8s]
Nick344: checks 
Mercantour: bets $1.25
Sora2527: raises $2.75 to $4
Nick344: folds 
Mercantour: folds 
Uncalled bet ($2.75) returned to Sora2527
Sora2527 collected $4.80 from pot
Sora2527: doesn't show hand 
*** SUMMARY ***
Total pot $5 | Rake $0.20 
Board [6h 8h 4s 8s]
Seat 1: Soply folded before Flop (didn't bet)
Seat 2: Alameda22 folded before Flop (didn't bet)
Seat 3: Draq0 folded before Flop (didn't bet)
Seat 4: Faraon777 folded before Flop (didn't bet)
Seat 5: Mercantour folded on the Turn
Seat 6: Sora2527 (button) collected ($4.80)
Seat 7: Nick344 (small blind) folded on the Turn
Seat 8: Cardini 23 (big blind) folded before Flop
Seat 9: Arsel folded before Flop (didn't bet)



PokerStars Game #19975703075:  Hold'em No Limit ($0.10/$0.25) - 2008/08/28 - 20:35:36 (ET)
Table 'Inna II' 9-max Seat #7 is the button
Seat 1: Soply ($21.70 in chips) 
Seat 2: Alameda22 ($24.80 in chips) 
Seat 3: Draq0 ($24.20 in chips) 
Seat 4: Faraon777 ($32.90 in chips) 
Seat 5: Mercantour ($24.55 in chips) 
Seat 6: Sora2527 ($29.80 in chips) 
Seat 7: Nick344 ($3.85 in chips) 
Seat 9: Arsel ($24.75 in chips) 
Cardini 23: is sitting out 
Cardini 23 leaves the table
Arsel: posts small blind $0.10
Soply: posts big blind $0.25
*** HOLE CARDS ***
Dealt to Alameda22 [Ts 6h]
Alameda22: folds 
Draq0: folds 
Faraon777: folds 
Mercantour: folds 
Sora2527: folds 
Nick344: folds 
Arsel: folds 
Uncalled bet ($0.15) returned to Soply
Soply collected $0.20 from pot
*** SUMMARY ***
Total pot $0.20 | Rake $0 
Seat 1: Soply (big blind) collected ($0.20)
Seat 2: Alameda22 folded before Flop (didn't bet)
Seat 3: Draq0 folded before Flop (didn't bet)
Seat 4: Faraon777 folded before Flop (didn't bet)
Seat 5: Mercantour folded before Flop (didn't bet)
Seat 6: Sora2527 folded before Flop (didn't bet)
Seat 7: Nick344 (button) folded before Flop (didn't bet)
Seat 9: Arsel (small blind) folded before Flop



PokerStars Game #19975720827:  Hold'em No Limit ($0.10/$0.25) - 2008/08/28 - 20:36:24 (ET)
Table 'Inna II' 9-max Seat #9 is the button
Seat 1: Soply ($21.80 in chips) 
Seat 2: Alameda22 ($24.80 in chips) 
Seat 3: Draq0 ($24.20 in chips) 
Seat 4: Faraon777 ($32.90 in chips) 
Seat 5: Mercantour ($24.55 in chips) 
Seat 6: Sora2527 ($29.80 in chips) 
Seat 7: Nick344 ($3.85 in chips) 
Seat 9: Arsel ($24.65 in chips) 
Soply: posts small blind $0.10
Evike joins the table at seat #8 
Alameda22: posts big blind $0.25
*** HOLE CARDS ***
Dealt to Alameda22 [Kc 6s]
Draq0: folds 
Faraon777: folds 
Mercantour: folds 
Sora2527: folds 
Nick344: raises $0.25 to $0.50
Arsel: folds 
Soply: folds 
Alameda22: folds 
Uncalled bet ($0.25) returned to Nick344
Nick344 collected $0.60 from pot
*** SUMMARY ***
Total pot $0.60 | Rake $0 
Seat 1: Soply (small blind) folded before Flop
Seat 2: Alameda22 (big blind) folded before Flop
Seat 3: Draq0 folded before Flop (didn't bet)
Seat 4: Faraon777 folded before Flop (didn't bet)
Seat 5: Mercantour folded before Flop (didn't bet)
Seat 6: Sora2527 folded before Flop (didn't bet)
Seat 7: Nick344 collected ($0.60)
Seat 9: Arsel (button) folded before Flop (didn't bet)



PokerStars Game #19975741422:  Hold'em No Limit ($0.10/$0.25) - 2008/08/28 - 20:37:20 (ET)
Table 'Inna II' 9-max Seat #1 is the button
Seat 1: Soply ($21.70 in chips) 
Seat 2: Alameda22 ($24.55 in chips) 
Seat 3: Draq0 ($24.20 in chips) 
Seat 4: Faraon777 ($32.90 in chips) 
Seat 5: Mercantour ($24.55 in chips) 
Seat 6: Sora2527 ($29.80 in chips) 
Seat 7: Nick344 ($4.20 in chips) 
Seat 8: Evike ($9.50 in chips) 
Seat 9: Arsel ($24.65 in chips) 
Alameda22: posts small blind $0.10
Draq0: posts big blind $0.25
Evike: posts big blind $0.25
*** HOLE CARDS ***
Dealt to Alameda22 [3d 9c]
Faraon777: folds 
Mercantour: folds 
Sora2527: calls $0.25
Nick344: calls $0.25
Evike: checks 
Arsel: folds 
Soply: folds 
Alameda22: folds 
Draq0: checks 
*** FLOP *** [8c 5h Kd]
Draq0: checks 
Sora2527: checks 
Nick344: bets $0.50
Evike: folds 
Draq0: folds 
Sora2527: folds 
Uncalled bet ($0.50) returned to Nick344
Nick344 collected $1.05 from pot
*** SUMMARY ***
Total pot $1.10 | Rake $0.05 
Board [8c 5h Kd]
Seat 1: Soply (button) folded before Flop (didn't bet)
Seat 2: Alameda22 (small blind) folded before Flop
Seat 3: Draq0 (big blind) folded on the Flop
Seat 4: Faraon777 folded before Flop (didn't bet)
Seat 5: Mercantour folded before Flop (didn't bet)
Seat 6: Sora2527 folded on the Flop
Seat 7: Nick344 collected ($1.05)
Seat 8: Evike folded on the Flop
Seat 9: Arsel folded before Flop (didn't bet)



PokerStars Game #19975768881:  Hold'em No Limit ($0.10/$0.25) - 2008/08/28 - 20:38:33 (ET)
Table 'Inna II' 9-max Seat #2 is the button
Seat 1: Soply ($21.70 in chips) 
Seat 2: Alameda22 ($24.45 in chips) 
Seat 3: Draq0 ($23.95 in chips) 
Seat 4: Faraon777 ($32.90 in chips) 
Seat 5: Mercantour ($24.55 in chips) 
Seat 6: Sora2527 ($29.55 in chips) 
Seat 7: Nick344 ($5 in chips) 
Seat 8: Evike ($9.25 in chips) 
Seat 9: Arsel ($24.65 in chips) 
Draq0: posts small blind $0.10
Faraon777: posts big blind $0.25
*** HOLE CARDS ***
Dealt to Alameda22 [3h 4c]
Mercantour: folds 
Sora2527: calls $0.25
Nick344: folds 
Mercantour leaves the table
Evike: calls $0.25
Arsel: calls $0.25
Soply: raises $1.50 to $1.75
Alameda22: folds 
KU84hoops joins the table at seat #5 
Draq0: folds 
Faraon777: folds 
Sora2527: folds 
Evike: folds 
Arsel: folds 
Uncalled bet ($1.50) returned to Soply
Soply collected $1.35 from pot
*** SUMMARY ***
Total pot $1.35 | Rake $0 
Seat 1: Soply collected ($1.35)
Seat 2: Alameda22 (button) folded before Flop (didn't bet)
Seat 3: Draq0 (small blind) folded before Flop
Seat 4: Faraon777 (big blind) folded before Flop
Seat 5: Mercantour folded before Flop (didn't bet)
Seat 6: Sora2527 folded before Flop
Seat 7: Nick344 folded before Flop (didn't bet)
Seat 8: Evike folded before Flop
Seat 9: Arsel folded before Flop



PokerStars Game #19975791665:  Hold'em No Limit ($0.10/$0.25) - 2008/08/28 - 20:39:34 (ET)
Table 'Inna II' 9-max Seat #3 is the button
Seat 1: Soply ($22.80 in chips) 
Seat 2: Alameda22 ($24.45 in chips) 
Seat 3: Draq0 ($23.85 in chips) 
Seat 4: Faraon777 ($32.65 in chips) 
Seat 5: KU84hoops ($15 in chips) 
Seat 6: Sora2527 ($29.30 in chips) 
Seat 7: Nick344 ($5 in chips) 
Seat 8: Evike ($9 in chips) 
Seat 9: Arsel ($24.40 in chips) 
Faraon777: posts small blind $0.10
KU84hoops: posts big blind $0.25
*** HOLE CARDS ***
Dealt to Alameda22 [6s 4h]
Sora2527: folds 
Nick344: folds 
Evike: folds 
Arsel: calls $0.25
Soply: folds 
Alameda22: folds 
Draq0: calls $0.25
Faraon777: folds 
KU84hoops: checks 
*** FLOP *** [Jc 3c 9d]
KU84hoops: bets $0.50
Arsel: folds 
Draq0: folds 
Uncalled bet ($0.50) returned to KU84hoops
KU84hoops collected $0.85 from pot
KU84hoops: doesn't show hand 
*** SUMMARY ***
Total pot $0.85 | Rake $0 
Board [Jc 3c 9d]
Seat 1: Soply folded before Flop (didn't bet)
Seat 2: Alameda22 folded before Flop (didn't bet)
Seat 3: Draq0 (button) folded on the Flop
Seat 4: Faraon777 (small blind) folded before Flop
Seat 5: KU84hoops (big blind) collected ($0.85)
Seat 6: Sora2527 folded before Flop (didn't bet)
Seat 7: Nick344 folded before Flop (didn't bet)
Seat 8: Evike folded before Flop (didn't bet)
Seat 9: Arsel folded on the Flop



PokerStars Game #19975814012:  Hold'em No Limit ($0.10/$0.25) - 2008/08/28 - 20:40:33 (ET)
Table 'Inna II' 9-max Seat #4 is the button
Seat 1: Soply ($22.80 in chips) 
Seat 2: Alameda22 ($24.45 in chips) 
Seat 3: Draq0 ($23.60 in chips) 
Seat 4: Faraon777 ($32.55 in chips) 
Seat 5: KU84hoops ($15.60 in chips) 
Seat 6: Sora2527 ($29.30 in chips) 
Seat 7: Nick344 ($5 in chips) 
Seat 8: Evike ($9 in chips) 
Seat 9: Arsel ($24.15 in chips) 
KU84hoops: posts small blind $0.10
Sora2527: posts big blind $0.25
*** HOLE CARDS ***
Dealt to Alameda22 [Ts 3d]
Nick344: calls $0.25
Evike: calls $0.25
Arsel: folds 
Soply: folds 
Alameda22: folds 
Draq0: folds 
Faraon777: folds 
KU84hoops: calls $0.15
Sora2527: checks 
*** FLOP *** [7d 9h 5h]
KU84hoops: checks 
Sora2527: checks 
Nick344: bets $0.50
Evike: raises $0.50 to $1
KU84hoops: folds 
Sora2527: folds 
Nick344: calls $0.50
*** TURN *** [7d 9h 5h] [4d]
Nick344: bets $1.25
Evike: folds 
Uncalled bet ($1.25) returned to Nick344
Nick344 collected $2.90 from pot
*** SUMMARY ***
Total pot $3 | Rake $0.10 
Board [7d 9h 5h 4d]
Seat 1: Soply folded before Flop (didn't bet)
Seat 2: Alameda22 folded before Flop (didn't bet)
Seat 3: Draq0 folded before Flop (didn't bet)
Seat 4: Faraon777 (button) folded before Flop (didn't bet)
Seat 5: KU84hoops (small blind) folded on the Flop
Seat 6: Sora2527 (big blind) folded on the Flop
Seat 7: Nick344 collected ($2.90)
Seat 8: Evike folded on the Turn
Seat 9: Arsel folded before Flop (didn't bet)



PokerStars Game #19975852781:  Hold'em No Limit ($0.10/$0.25) - 2008/08/28 - 20:42:18 (ET)
Table 'Inna II' 9-max Seat #5 is the button
Seat 1: Soply ($22.80 in chips) 
Seat 2: Alameda22 ($24.45 in chips) 
Seat 3: Draq0 ($23.60 in chips) 
Seat 4: Faraon777 ($32.55 in chips) 
Seat 5: KU84hoops ($15.35 in chips) 
Seat 6: Sora2527 ($29.05 in chips) 
Seat 7: Nick344 ($6.65 in chips) 
Seat 8: Evike ($7.75 in chips) 
Seat 9: Arsel ($24.15 in chips) 
Sora2527: posts small blind $0.10
Nick344: posts big blind $0.25
*** HOLE CARDS ***
Dealt to Alameda22 [6c Kh]
Evike: calls $0.25
Arsel: folds 
Soply: folds 
Alameda22: folds 
Draq0: calls $0.25
Faraon777: folds 
KU84hoops: calls $0.25
Sora2527: folds 
Nick344: checks 
*** FLOP *** [Ah 8h Qd]
Nick344: checks 
Evike: checks 
Draq0: bets $0.50
KU84hoops: folds 
Nick344: folds 
Evike: raises $0.50 to $1
Draq0: calls $0.50
*** TURN *** [Ah 8h Qd] [Jh]
Evike: bets $1.50
Draq0: calls $1.50
*** RIVER *** [Ah 8h Qd Jh] [3c]
Evike: bets $0.75
Draq0: calls $0.75
*** SHOW DOWN ***
Evike: shows [Kc As] (a pair of Aces)
Draq0: mucks hand 
Evike collected $7.25 from pot
*** SUMMARY ***
Total pot $7.60 | Rake $0.35 
Board [Ah 8h Qd Jh 3c]
Seat 1: Soply folded before Flop (didn't bet)
Seat 2: Alameda22 folded before Flop (didn't bet)
Seat 3: Draq0 mucked [Ad Ts]
Seat 4: Faraon777 folded before Flop (didn't bet)
Seat 5: KU84hoops (button) folded on the Flop
Seat 6: Sora2527 (small blind) folded before Flop
Seat 7: Nick344 (big blind) folded on the Flop
Seat 8: Evike showed [Kc As] and won ($7.25) with a pair of Aces
Seat 9: Arsel folded before Flop (didn't bet)



PokerStars Game #19975882396:  Hold'em No Limit ($0.10/$0.25) - 2008/08/28 - 20:43:38 (ET)
Table 'Inna II' 9-max Seat #6 is the button
Seat 1: Soply ($22.80 in chips) 
Seat 2: Alameda22 ($24.45 in chips) 
Seat 3: Draq0 ($20.10 in chips) 
Seat 4: Faraon777 ($32.55 in chips) 
Seat 5: KU84hoops ($15.10 in chips) 
Seat 6: Sora2527 ($28.95 in chips) 
Seat 7: Nick344 ($6.40 in chips) 
Seat 8: Evike ($11.50 in chips) 
Seat 9: Arsel ($24.15 in chips) 
Nick344: posts small blind $0.10
Evike: posts big blind $0.25
*** HOLE CARDS ***
Dealt to Alameda22 [6h Td]
Arsel: folds 
Soply: folds 
Alameda22: folds 
Draq0: folds 
Faraon777: folds 
KU84hoops: raises $0.50 to $0.75
Sora2527: folds 
Nick344: folds 
Evike: folds 
Uncalled bet ($0.50) returned to KU84hoops
KU84hoops collected $0.60 from pot
KU84hoops: doesn't show hand 
*** SUMMARY ***
Total pot $0.60 | Rake $0 
Seat 1: Soply folded before Flop (didn't bet)
Seat 2: Alameda22 folded before Flop (didn't bet)
Seat 3: Draq0 folded before Flop (didn't bet)
Seat 4: Faraon777 folded before Flop (didn't bet)
Seat 5: KU84hoops collected ($0.60)
Seat 6: Sora2527 (button) folded before Flop (didn't bet)
Seat 7: Nick344 (small blind) folded before Flop
Seat 8: Evike (big blind) folded before Flop
Seat 9: Arsel folded before Flop (didn't bet)



PokerStars Game #19975901520:  Hold'em No Limit ($0.10/$0.25) - 2008/08/28 - 20:44:30 (ET)
Table 'Inna II' 9-max Seat #7 is the button
Seat 1: Soply ($22.80 in chips) 
Seat 2: Alameda22 ($24.45 in chips) 
Seat 3: Draq0 ($20.10 in chips) 
Seat 4: Faraon777 ($32.55 in chips) 
Seat 5: KU84hoops ($15.45 in chips) 
Seat 6: Sora2527 ($28.95 in chips) 
Seat 7: Nick344 ($6.30 in chips) 
Seat 8: Evike ($11.25 in chips) 
Seat 9: Arsel ($24.15 in chips) 
Evike: posts small blind $0.10
Arsel: posts big blind $0.25
*** HOLE CARDS ***
Dealt to Alameda22 [3c Kh]
Soply: folds 
Alameda22: folds 
Draq0: raises $0.50 to $0.75
Faraon777: folds 
KU84hoops: folds 
Sora2527: calls $0.75
Nick344: calls $0.75
Evike: folds 
Arsel: folds 
*** FLOP *** [7d 2h 6h]
Draq0: bets $1.75
Sora2527: calls $1.75
Nick344: calls $1.75
*** TURN *** [7d 2h 6h] [7h]
Draq0: bets $3.25
Sora2527: calls $3.25
Nick344 said, "gonna be a cooler"
Nick344: raises $0.55 to $3.80 and is all-in
Draq0: calls $0.55
Sora2527: calls $0.55
*** RIVER *** [7d 2h 6h 7h] [4d]
Draq0: checks 
Sora2527: checks 
*** SHOW DOWN ***
Draq0: shows [Ad Ah] (two pair, Aces and Sevens)
Sora2527: mucks hand 
Nick344: shows [Jd Js] (two pair, Jacks and Sevens)
Draq0 collected $18.35 from pot
Sora2527 said, "so gay"
*** SUMMARY ***
Total pot $19.25 | Rake $0.90 
Board [7d 2h 6h 7h 4d]
Seat 1: Soply folded before Flop (didn't bet)
Seat 2: Alameda22 folded before Flop (didn't bet)
Seat 3: Draq0 showed [Ad Ah] and won ($18.35) with two pair, Aces and Sevens
Seat 4: Faraon777 folded before Flop (didn't bet)
Seat 5: KU84hoops folded before Flop (didn't bet)
Seat 6: Sora2527 mucked [8h 8d]
Seat 7: Nick344 (button) showed [Jd Js] and lost with two pair, Jacks and Sevens
Seat 8: Evike (small blind) folded before Flop
Seat 9: Arsel (big blind) folded before Flop



PokerStars Game #19975939462:  Hold'em No Limit ($0.10/$0.25) - 2008/08/28 - 20:46:14 (ET)
Table 'Inna II' 9-max Seat #8 is the button
Seat 2: Alameda22 ($24.45 in chips) 
Seat 3: Draq0 ($32.15 in chips) 
Seat 4: Faraon777 ($32.55 in chips) 
Seat 5: KU84hoops ($15.45 in chips) 
Seat 6: Sora2527 ($22.65 in chips) 
Seat 8: Evike ($11.15 in chips) 
Seat 9: Arsel ($23.90 in chips) 
Arsel: posts small blind $0.10
Soply: is sitting out 
Soply leaves the table
Alameda22: posts big blind $0.25
*** HOLE CARDS ***
Dealt to Alameda22 [Kh 6s]
Draq0: folds 
Nick344 has returned
Nick344 said, "what'd you have, kings?"
Nick344 said, "queens?"
Sora2527 said, "yes"
Faraon777: folds 
Nick344 said, "hah"
KU84hoops: folds 
Sora2527: folds 
Evike: raises $0.25 to $0.50
Arsel: folds 
Alameda22: folds 
Uncalled bet ($0.25) returned to Evike
Evike collected $0.60 from pot
*** SUMMARY ***
Total pot $0.60 | Rake $0 
Seat 2: Alameda22 (big blind) folded before Flop
Seat 3: Draq0 folded before Flop (didn't bet)
Seat 4: Faraon777 folded before Flop (didn't bet)
Seat 5: KU84hoops folded before Flop (didn't bet)
Seat 6: Sora2527 folded before Flop (didn't bet)
Seat 8: Evike (button) collected ($0.60)
Seat 9: Arsel (small blind) folded before Flop



PokerStars Game #19975957059:  Hold'em No Limit ($0.10/$0.25) - 2008/08/28 - 20:47:02 (ET)
Table 'Inna II' 9-max Seat #9 is the button
Seat 2: Alameda22 ($24.20 in chips) 
Seat 3: Draq0 ($32.15 in chips) 
Seat 4: Faraon777 ($32.55 in chips) 
Seat 5: KU84hoops ($15.45 in chips) 
Seat 6: Sora2527 ($22.65 in chips) 
Seat 7: Nick344 ($5 in chips) 
Seat 8: Evike ($11.50 in chips) 
Seat 9: Arsel ($23.80 in chips) 
Alameda22: posts small blind $0.10
Draq0: posts big blind $0.25
*** HOLE CARDS ***
Dealt to Alameda22 [6s 2d]
Faraon777: raises $0.75 to $1
KU84hoops: folds 
Sora2527: folds 
Nick344: folds 
Evike: folds 
Arsel: folds 
Alameda22: folds 
Draq0: folds 
Uncalled bet ($0.75) returned to Faraon777
Faraon777 collected $0.60 from pot
Faraon777: doesn't show hand 
*** SUMMARY ***
Total pot $0.60 | Rake $0 
Seat 2: Alameda22 (small blind) folded before Flop
Seat 3: Draq0 (big blind) folded before Flop
Seat 4: Faraon777 collected ($0.60)
Seat 5: KU84hoops folded before Flop (didn't bet)
Seat 6: Sora2527 folded before Flop (didn't bet)
Seat 7: Nick344 folded before Flop (didn't bet)
Seat 8: Evike folded before Flop (didn't bet)
Seat 9: Arsel (button) folded before Flop (didn't bet)



PokerStars Game #19975969103:  Hold'em No Limit ($0.10/$0.25) - 2008/08/28 - 20:47:35 (ET)
Table 'Inna II' 9-max Seat #2 is the button
Seat 2: Alameda22 ($24.10 in chips) 
Seat 3: Draq0 ($31.90 in chips) 
Seat 4: Faraon777 ($32.90 in chips) 
Seat 5: KU84hoops ($15.45 in chips) 
Seat 6: Sora2527 ($22.65 in chips) 
Seat 7: Nick344 ($5 in chips) 
Seat 8: Evike ($11.50 in chips) 
Seat 9: Arsel ($23.80 in chips) 
Draq0: posts small blind $0.10
Faraon777: posts big blind $0.25
*** HOLE CARDS ***
Dealt to Alameda22 [5s Qs]
KU84hoops: folds 
Sora2527: folds 
Nick344: raises $0.25 to $0.50
Evike: folds 
Arsel: folds 
Alameda22: folds 
Draq0: folds 
Faraon777: folds 
Uncalled bet ($0.25) returned to Nick344
Nick344 collected $0.60 from pot
Nick344: doesn't show hand 
*** SUMMARY ***
Total pot $0.60 | Rake $0 
Seat 2: Alameda22 (button) folded before Flop (didn't bet)
Seat 3: Draq0 (small blind) folded before Flop
Seat 4: Faraon777 (big blind) folded before Flop
Seat 5: KU84hoops folded before Flop (didn't bet)
Seat 6: Sora2527 folded before Flop (didn't bet)
Seat 7: Nick344 collected ($0.60)
Seat 8: Evike folded before Flop (didn't bet)
Seat 9: Arsel folded before Flop (didn't bet)



PokerStars Game #19975987768:  Hold'em No Limit ($0.10/$0.25) - 2008/08/28 - 20:48:26 (ET)
Table 'Inna II' 9-max Seat #3 is the button
Seat 2: Alameda22 ($24.10 in chips) 
Seat 3: Draq0 ($31.80 in chips) 
Seat 4: Faraon777 ($32.65 in chips) 
Seat 5: KU84hoops ($15.45 in chips) 
Seat 6: Sora2527 ($22.65 in chips) 
Seat 7: Nick344 ($5.35 in chips) 
Seat 8: Evike ($11.50 in chips) 
Seat 9: Arsel ($23.80 in chips) 
Faraon777: posts small blind $0.10
KU84hoops: posts big blind $0.25
*** HOLE CARDS ***
Dealt to Alameda22 [Kd Ad]
Sora2527: folds 
Nick344: folds 
Evike: calls $0.25
Arsel: folds 
Arsel leaves the table
Alameda22: raises $0.75 to $1
Draq0: folds 
Faraon777: folds 
KU84hoops: folds 
Evike: folds 
Uncalled bet ($0.75) returned to Alameda22
Alameda22 collected $0.85 from pot
Alameda22: doesn't show hand 
*** SUMMARY ***
Total pot $0.85 | Rake $0 
Seat 2: Alameda22 collected ($0.85)
Seat 3: Draq0 (button) folded before Flop (didn't bet)
Seat 4: Faraon777 (small blind) folded before Flop
Seat 5: KU84hoops (big blind) folded before Flop
Seat 6: Sora2527 folded before Flop (didn't bet)
Seat 7: Nick344 folded before Flop (didn't bet)
Seat 8: Evike folded before Flop
Seat 9: Arsel folded before Flop (didn't bet)



PokerStars Game #19976003784:  Hold'em No Limit ($0.10/$0.25) - 2008/08/28 - 20:49:10 (ET)
Table 'Inna II' 9-max Seat #4 is the button
Seat 2: Alameda22 ($24.70 in chips) 
Seat 3: Draq0 ($31.80 in chips) 
Seat 4: Faraon777 ($32.55 in chips) 
Seat 5: KU84hoops ($15.20 in chips) 
Seat 6: Sora2527 ($22.65 in chips) 
Seat 7: Nick344 ($5.35 in chips) 
Seat 8: Evike ($11.25 in chips) 
KU84hoops: posts small blind $0.10
Sora2527: posts big blind $0.25
*** HOLE CARDS ***
Dealt to Alameda22 [9h Td]
riverd05201 joins the table at seat #1 
Nick344: calls $0.25
Evike: folds 
Alameda22: folds 
riverd05201 is sitting out
Draq0: calls $0.25
Faraon777: folds 
KU84hoops: calls $0.15
Sora2527: checks 
*** FLOP *** [7h 2h 7c]
KU84hoops: checks 
Sora2527: bets $0.75
Nick344: calls $0.75
Draq0: folds 
KU84hoops: folds 
*** TURN *** [7h 2h 7c] [9d]
Sora2527: bets $0.75
Nick344: calls $0.75
*** RIVER *** [7h 2h 7c 9d] [As]
Sora2527: bets $0.75
Nick344: calls $0.75
*** SHOW DOWN ***
Sora2527: shows [9s 2d] (two pair, Nines and Sevens)
Nick344: mucks hand 
Sora2527 collected $5.25 from pot
*** SUMMARY ***
Total pot $5.50 | Rake $0.25 
Board [7h 2h 7c 9d As]
Seat 2: Alameda22 folded before Flop (didn't bet)
Seat 3: Draq0 folded on the Flop
Seat 4: Faraon777 (button) folded before Flop (didn't bet)
Seat 5: KU84hoops (small blind) folded on the Flop
Seat 6: Sora2527 (big blind) showed [9s 2d] and won ($5.25) with two pair, Nines and Sevens
Seat 7: Nick344 mucked [5c 5s]
Seat 8: Evike folded before Flop (didn't bet)



PokerStars Game #19976024269:  Hold'em No Limit ($0.10/$0.25) - 2008/08/28 - 20:50:06 (ET)
Table 'Inna II' 9-max Seat #5 is the button
Seat 2: Alameda22 ($24.70 in chips) 
Seat 3: Draq0 ($31.55 in chips) 
Seat 4: Faraon777 ($32.55 in chips) 
Seat 5: KU84hoops ($14.95 in chips) 
Seat 6: Sora2527 ($25.40 in chips) 
Seat 7: Nick344 ($2.85 in chips) 
Seat 8: Evike ($11.25 in chips) 
Sora2527: posts small blind $0.10
Nick344: posts big blind $0.25
*** HOLE CARDS ***
Dealt to Alameda22 [6s Qc]
Nick344 said, "unbelievable"
Evike: folds 
Alameda22: folds 
Draq0: folds 
Faraon777: folds 
KU84hoops: calls $0.25
Sora2527: folds 
Nick344: checks 
*** FLOP *** [Qs 8s 8h]
Nick344: bets $0.25
Sora2527 said, "cry me a river, if you had a pair of twos with a nine kick beat you shoulda raised on the flop and id fold"
KU84hoops: folds 
Uncalled bet ($0.25) returned to Nick344
Nick344 collected $0.60 from pot
Sora2527 said, "when i hit the nine i knew i won though"
*** SUMMARY ***
Total pot $0.60 | Rake $0 
Board [Qs 8s 8h]
Seat 2: Alameda22 folded before Flop (didn't bet)
Seat 3: Draq0 folded before Flop (didn't bet)
Seat 4: Faraon777 folded before Flop (didn't bet)
Seat 5: KU84hoops (button) folded on the Flop
Seat 6: Sora2527 (small blind) folded before Flop
Seat 7: Nick344 (big blind) collected ($0.60)
Seat 8: Evike folded before Flop (didn't bet)



PokerStars Game #19976044296:  Hold'em No Limit ($0.10/$0.25) - 2008/08/28 - 20:51:01 (ET)
Table 'Inna II' 9-max Seat #6 is the button
Seat 2: Alameda22 ($24.70 in chips) 
Seat 3: Draq0 ($31.55 in chips) 
Seat 4: Faraon777 ($32.55 in chips) 
Seat 5: KU84hoops ($14.70 in chips) 
Seat 6: Sora2527 ($25.30 in chips) 
Seat 7: Nick344 ($3.20 in chips) 
Seat 8: Evike ($11.25 in chips) 
Sora2527 said, "thats your bad"
Nick344: posts small blind $0.10
Evike: posts big blind $0.25
*** HOLE CARDS ***
Dealt to Alameda22 [6d 4h]
Alameda22: folds 
Draq0: folds 
Nick344 said, "it is, i didn't realize i was going to get a paragraph"
Faraon777: folds 
Sora2527 said, "im sure you didnt or you wouldnt have complained"
KU84hoops: folds 
Sora2527: folds 
Nick344 said, "my bad though? with an overpair what am i supposed to do"
Nick344: calls $0.15
Evike: checks 
*** FLOP *** [7d Jc Ts]
Nick344 said, "expect a 9 2?"
Nick344: checks 
riverd05201 has returned
Evike: checks 
*** TURN *** [7d Jc Ts] [5c]
Nick344: checks 
Evike: checks 
*** RIVER *** [7d Jc Ts 5c] [7h]
Sora2527 said, "you had a pocket pair? you shoulda raised pre flop or raised on the flop"
Sora2527 said, "theres no way i had a 7 i wouldnt bet out with a strong hand like that"
Nick344: checks 
Evike: checks 
*** SHOW DOWN ***
Nick344: shows [Kd 9c] (a pair of Sevens)
Evike: shows [Ac 8h] (a pair of Sevens - Ace kicker)
Evike collected $0.50 from pot
Sora2527 said, "so you shoulda raised on the flop"
*** SUMMARY ***
Total pot $0.50 | Rake $0 
Board [7d Jc Ts 5c 7h]
Seat 2: Alameda22 folded before Flop (didn't bet)
Seat 3: Draq0 folded before Flop (didn't bet)
Seat 4: Faraon777 folded before Flop (didn't bet)
Seat 5: KU84hoops folded before Flop (didn't bet)
Seat 6: Sora2527 (button) folded before Flop (didn't bet)
Seat 7: Nick344 (small blind) showed [Kd 9c] and lost with a pair of Sevens
Seat 8: Evike (big blind) showed [Ac 8h] and won ($0.50) with a pair of Sevens



PokerStars Game #19976078320:  Hold'em No Limit ($0.10/$0.25) - 2008/08/28 - 20:52:34 (ET)
Table 'Inna II' 9-max Seat #7 is the button
Seat 1: riverd05201 ($9 in chips) 
Seat 2: Alameda22 ($24.70 in chips) 
Seat 3: Draq0 ($31.55 in chips) 
Seat 4: Faraon777 ($32.55 in chips) 
Seat 5: KU84hoops ($14.70 in chips) 
Seat 6: Sora2527 ($25.30 in chips) 
Seat 7: Nick344 ($2.95 in chips) 
Seat 8: Evike ($11.50 in chips) 
Evike: posts small blind $0.10
Sora2527 said, "or preflop and i woulda never been in"
riverd05201: posts big blind $0.25
*** HOLE CARDS ***
Dealt to Alameda22 [Ac 5s]
Sora2527 said, "thats why you raise preflop"
Alameda22: folds 
Draq0: folds 
Faraon777: calls $0.25
KU84hoops: folds 
Sora2527: calls $0.25
Nick344 said, "thanks, keep these lessons coming bro, maybe i'll be as good as you one day"
Nick344: calls $0.25
Evike: calls $0.15
riverd05201: checks 
*** FLOP *** [2c 4c 7d]
Evike: bets $1
riverd05201: folds 
Faraon777: calls $1
Sora2527 said, "well i have won over 20 grand the past 3 years playing so i doubt you'll get up there that good"
Sora2527 said, "but you can dream"
Sora2527: folds 
Nick344 said, "20 grand?"
Nick344 said, "at 10c 25c tables?"
Nick344: folds 
*** TURN *** [2c 4c 7d] [6h]
Sora2527 said, "no dumbass"
Evike: bets $1.75
Sora2527 said, "i just started playing online cash games"
Faraon777: calls $1.75
*** RIVER *** [2c 4c 7d 6h] [8c]
Sora2527 said, "i win in tournaments"
Sora2527 said, "i dont really like cash games"
Evike: bets $2
Faraon777: raises $3 to $5
Sora2527 said, "i play way more in real life thats where most my winnings are from"
Sora2527 said, "and some online tournaments too"
Sora2527 said, "i dont wanna play high stake cash games though"
Sora2527 said, "ppl get too lucky and call crap cuz they can by back in its a whole dif game that i dont like"
Evike: folds 
Uncalled bet ($3) returned to Faraon777
Faraon777 collected $10.25 from pot
Faraon777: doesn't show hand 
*** SUMMARY ***
Total pot $10.75 | Rake $0.50 
Board [2c 4c 7d 6h 8c]
Seat 1: riverd05201 (big blind) folded on the Flop
Seat 2: Alameda22 folded before Flop (didn't bet)
Seat 3: Draq0 folded before Flop (didn't bet)
Seat 4: Faraon777 collected ($10.25)
Seat 5: KU84hoops folded before Flop (didn't bet)
Seat 6: Sora2527 folded on the Flop
Seat 7: Nick344 (button) folded on the Flop
Seat 8: Evike (small blind) folded on the River



PokerStars Game #19976129103:  Hold'em No Limit ($0.10/$0.25) - 2008/08/28 - 20:54:55 (ET)
Table 'Inna II' 9-max Seat #8 is the button
Seat 1: riverd05201 ($8.75 in chips) 
Seat 2: Alameda22 ($24.70 in chips) 
Seat 3: Draq0 ($31.55 in chips) 
Seat 4: Faraon777 ($37.80 in chips) 
Seat 5: KU84hoops ($14.70 in chips) 
Seat 6: Sora2527 ($25.05 in chips) 
Seat 7: Nick344 ($2.70 in chips) 
Seat 8: Evike ($6.50 in chips) 
riverd05201: posts small blind $0.10
Alameda22: posts big blind $0.25
*** HOLE CARDS ***
Dealt to Alameda22 [Qc 7h]
Sora2527 said, "any more questions?"
Draq0: raises $0.50 to $0.75
Faraon777: folds 
Nick344 said, "yeah"
KU84hoops: folds 
Nick344 said, "done yet?"
Sora2527: folds 
Nick344: folds 
Evike: folds 
riverd05201: folds 
Alameda22: folds 
Uncalled bet ($0.50) returned to Draq0
Draq0 collected $0.60 from pot
Draq0: doesn't show hand 
Sora2527 said, "for now, i'll start up again later though"
*** SUMMARY ***
Total pot $0.60 | Rake $0 
Seat 1: riverd05201 (small blind) folded before Flop
Seat 2: Alameda22 (big blind) folded before Flop
Seat 3: Draq0 collected ($0.60)
Seat 4: Faraon777 folded before Flop (didn't bet)
Seat 5: KU84hoops folded before Flop (didn't bet)
Seat 6: Sora2527 folded before Flop (didn't bet)
Seat 7: Nick344 folded before Flop (didn't bet)
Seat 8: Evike (button) folded before Flop (didn't bet)



PokerStars Game #19976140661:  Hold'em No Limit ($0.10/$0.25) - 2008/08/28 - 20:55:27 (ET)
Table 'Inna II' 9-max Seat #1 is the button
Seat 1: riverd05201 ($8.65 in chips) 
Seat 2: Alameda22 ($24.45 in chips) 
Seat 3: Draq0 ($31.90 in chips) 
Seat 4: Faraon777 ($37.80 in chips) 
Seat 5: KU84hoops ($14.70 in chips) 
Seat 6: Sora2527 ($25.05 in chips) 
Seat 7: Nick344 ($2.70 in chips) 
Seat 8: Evike ($6.50 in chips) 
Alameda22: posts small blind $0.10
Draq0: posts big blind $0.25
*** HOLE CARDS ***
Dealt to Alameda22 [Js 5h]
Faraon777: folds 
KU84hoops: folds 
Sora2527: folds 
Nick344: folds 
Evike: folds 
riverd05201: raises $0.75 to $1
Alameda22: folds 
Nick344 said, "awesome"
Draq0: folds 
Uncalled bet ($0.75) returned to riverd05201
riverd05201 collected $0.60 from pot
riverd05201: doesn't show hand 
*** SUMMARY ***
Total pot $0.60 | Rake $0 
Seat 1: riverd05201 (button) collected ($0.60)
Seat 2: Alameda22 (small blind) folded before Flop
Seat 3: Draq0 (big blind) folded before Flop
Seat 4: Faraon777 folded before Flop (didn't bet)
Seat 5: KU84hoops folded before Flop (didn't bet)
Seat 6: Sora2527 folded before Flop (didn't bet)
Seat 7: Nick344 folded before Flop (didn't bet)
Seat 8: Evike folded before Flop (didn't bet)



PokerStars Game #19976153153:  Hold'em No Limit ($0.10/$0.25) - 2008/08/28 - 20:56:02 (ET)
Table 'Inna II' 9-max Seat #2 is the button
Seat 1: riverd05201 ($9 in chips) 
Seat 2: Alameda22 ($24.35 in chips) 
Seat 3: Draq0 ($31.65 in chips) 
Seat 5: KU84hoops ($14.70 in chips) 
Seat 6: Sora2527 ($25.05 in chips) 
Seat 7: Nick344 ($2.70 in chips) 
Seat 8: Evike ($6.50 in chips) 
Draq0: posts small blind $0.10
Faraon777: is sitting out 
Faraon777 leaves the table
KU84hoops: posts big blind $0.25
*** HOLE CARDS ***
Dealt to Alameda22 [Jc 7s]
Sora2527: folds 
Nick344: folds 
Evike: calls $0.25
riverd05201: raises $0.75 to $1
Alameda22: folds 
Draq0: folds 
KU84hoops: folds 
Evike: calls $0.75
*** FLOP *** [6d 5h Js]
Evike: checks 
riverd05201: checks 
*** TURN *** [6d 5h Js] [9h]
Evike: checks 
riverd05201: checks 
*** RIVER *** [6d 5h Js 9h] [2s]
Evike: checks 
riverd05201: checks 
*** SHOW DOWN ***
Evike: shows [Qc 2c] (a pair of Deuces)
riverd05201: mucks hand 
Evike collected $2.25 from pot
*** SUMMARY ***
Total pot $2.35 | Rake $0.10 
Board [6d 5h Js 9h 2s]
Seat 1: riverd05201 mucked [Qs Tc]
Seat 2: Alameda22 (button) folded before Flop (didn't bet)
Seat 3: Draq0 (small blind) folded before Flop
Seat 5: KU84hoops (big blind) folded before Flop
Seat 6: Sora2527 folded before Flop (didn't bet)
Seat 7: Nick344 folded before Flop (didn't bet)
Seat 8: Evike showed [Qc 2c] and won ($2.25) with a pair of Deuces



PokerStars Game #19976175458:  Hold'em No Limit ($0.10/$0.25) - 2008/08/28 - 20:57:04 (ET)
Table 'Inna II' 9-max Seat #3 is the button
Seat 1: riverd05201 ($8 in chips) 
Seat 2: Alameda22 ($24.35 in chips) 
Seat 3: Draq0 ($31.55 in chips) 
Seat 5: KU84hoops ($14.45 in chips) 
Seat 6: Sora2527 ($25.05 in chips) 
Seat 7: Nick344 ($2.70 in chips) 
Seat 8: Evike ($7.75 in chips) 
KU84hoops: posts small blind $0.10
Sora2527: posts big blind $0.25
*** HOLE CARDS ***
Dealt to Alameda22 [2d Ah]
Nick344: calls $0.25
Evike: folds 
riverd05201: folds 
riverd05201 leaves the table
Alameda22: folds 
Draq0: calls $0.25
KU84hoops: calls $0.15
Sora2527: checks 
*** FLOP *** [Jc Qh 3c]
KU84hoops: checks 
Sora2527: checks 
Nick344: bets $0.25
Draq0: folds 
KU84hoops: folds 
Sora2527: folds 
Uncalled bet ($0.25) returned to Nick344
Nick344 collected $0.95 from pot
*** SUMMARY ***
Total pot $1 | Rake $0.05 
Board [Jc Qh 3c]
Seat 1: riverd05201 folded before Flop (didn't bet)
Seat 2: Alameda22 folded before Flop (didn't bet)
Seat 3: Draq0 (button) folded on the Flop
Seat 5: KU84hoops (small blind) folded on the Flop
Seat 6: Sora2527 (big blind) folded on the Flop
Seat 7: Nick344 collected ($0.95)
Seat 8: Evike folded before Flop (didn't bet)



PokerStars Game #19976190580:  Hold'em No Limit ($0.10/$0.25) - 2008/08/28 - 20:57:46 (ET)
Table 'Inna II' 9-max Seat #5 is the button
Seat 2: Alameda22 ($24.35 in chips) 
Seat 3: Draq0 ($31.30 in chips) 
Seat 5: KU84hoops ($14.20 in chips) 
Seat 6: Sora2527 ($24.80 in chips) 
Seat 7: Nick344 ($3.40 in chips) 
Seat 8: Evike ($7.75 in chips) 
Sora2527: posts small blind $0.10
Nick344: posts big blind $0.25
*** HOLE CARDS ***
Dealt to Alameda22 [Qh Kh]
Evike: folds 
Alameda22: folds 
Draq0: folds 
KU84hoops: calls $0.25
Sora2527: folds 
Nick344: checks 
*** FLOP *** [6d 9s 8h]
Nick344: checks 
KU84hoops: bets $0.50
Nick344: folds 
Uncalled bet ($0.50) returned to KU84hoops
KU84hoops collected $0.60 from pot
KU84hoops: doesn't show hand 
*** SUMMARY ***
Total pot $0.60 | Rake $0 
Board [6d 9s 8h]
Seat 2: Alameda22 folded before Flop (didn't bet)
Seat 3: Draq0 folded before Flop (didn't bet)
Seat 5: KU84hoops (button) collected ($0.60)
Seat 6: Sora2527 (small blind) folded before Flop
Seat 7: Nick344 (big blind) folded on the Flop
Seat 8: Evike folded before Flop (didn't bet)



PokerStars Game #19976210253:  Hold'em No Limit ($0.10/$0.25) - 2008/08/28 - 20:58:40 (ET)
Table 'Inna II' 9-max Seat #6 is the button
Seat 2: Alameda22 ($24.35 in chips) 
Seat 3: Draq0 ($31.30 in chips) 
Seat 5: KU84hoops ($14.55 in chips) 
Seat 6: Sora2527 ($24.70 in chips) 
Seat 7: Nick344 ($3.15 in chips) 
Seat 8: Evike ($7.75 in chips) 
Nick344: posts small blind $0.10
Evike: posts big blind $0.25
*** HOLE CARDS ***
Dealt to Alameda22 [Kh Jh]
Alameda22: folds 
Draq0: raises $0.75 to $1
KU84hoops: folds 
Sora2527: folds 
Nick344: calls $0.90
Evike: folds 
*** FLOP *** [7c 9c Js]
Nick344: checks 
Draq0: bets $1.25
Nick344: folds 
Uncalled bet ($1.25) returned to Draq0
Draq0 collected $2.15 from pot
Draq0: doesn't show hand 
*** SUMMARY ***
Total pot $2.25 | Rake $0.10 
Board [7c 9c Js]
Seat 2: Alameda22 folded before Flop (didn't bet)
Seat 3: Draq0 collected ($2.15)
Seat 5: KU84hoops folded before Flop (didn't bet)
Seat 6: Sora2527 (button) folded before Flop (didn't bet)
Seat 7: Nick344 (small blind) folded on the Flop
Seat 8: Evike (big blind) folded before Flop



PokerStars Game #19976226924:  Hold'em No Limit ($0.10/$0.25) - 2008/08/28 - 20:59:27 (ET)
Table 'Inna II' 9-max Seat #7 is the button
Seat 2: Alameda22 ($24.35 in chips) 
Seat 3: Draq0 ($32.45 in chips) 
Seat 5: KU84hoops ($14.55 in chips) 
Seat 6: Sora2527 ($24.70 in chips) 
Seat 7: Nick344 ($2.15 in chips) 
Seat 8: Evike ($7.50 in chips) 
Evike: posts small blind $0.10
Alameda22: posts big blind $0.25
*** HOLE CARDS ***
Dealt to Alameda22 [2s Qc]
Draq0: calls $0.25
KU84hoops: calls $0.25
Sora2527: folds 
Nick344: calls $0.25
Evike: calls $0.15
Alameda22: checks 
*** FLOP *** [9c 5d 3d]
Evike: checks 
Alameda22: checks 
Draq0: checks 
KU84hoops: checks 
Nick344: bets $0.50
Evike: calls $0.50
Alameda22: folds 
Draq0: folds 
KU84hoops: calls $0.50
*** TURN *** [9c 5d 3d] [Kh]
Evike: bets $0.75
KU84hoops: folds 
Nick344: folds 
Uncalled bet ($0.75) returned to Evike
Evike collected $2.65 from pot
*** SUMMARY ***
Total pot $2.75 | Rake $0.10 
Board [9c 5d 3d Kh]
Seat 2: Alameda22 (big blind) folded on the Flop
Seat 3: Draq0 folded on the Flop
Seat 5: KU84hoops folded on the Turn
Seat 6: Sora2527 folded before Flop (didn't bet)
Seat 7: Nick344 (button) folded on the Turn
Seat 8: Evike (small blind) collected ($2.65)



