PokerStars Game #19837797357:  Hold'em No Limit ($0.10/$0.25) - 2008/08/23 - 13:53:47 (ET)
Table 'Menelaus III' 9-max Seat #7 is the button
Seat 1: gsxr_patrick ($30.50 in chips) 
Seat 2: fleischman84 ($10.05 in chips) 
Seat 3: RoyalRob_88 ($15.15 in chips) 
Seat 4: STEALurM0NEY ($24.65 in chips) 
Seat 6: Alameda22 ($25 in chips) 
Seat 7: 4220_max ($25 in chips) 
Seat 9: PLAYBOI23 ($13.65 in chips) 
E.raiser.01 will be allowed to play after the button
PLAYBOI23: posts small blind $0.10
gsxr_patrick: posts big blind $0.25
garrymdp: sits out 
Alameda22: posts big blind $0.25
*** HOLE CARDS ***
Dealt to Alameda22 [6c As]
fleischman84: folds 
RoyalRob_88: folds 
STEALurM0NEY: calls $0.25
Alameda22: checks 
RoyalRob_88 leaves the table
4220_max: raises $0.75 to $1
PLAYBOI23: folds 
gsxr_patrick: folds 
STEALurM0NEY: calls $0.75
LittleORK joins the table at seat #3 
Alameda22: folds 
*** FLOP *** [5h 4s Tc]
STEALurM0NEY: checks 
4220_max: bets $1
STEALurM0NEY: raises $1 to $2
4220_max: raises $2.25 to $4.25
STEALurM0NEY: calls $2.25
*** TURN *** [5h 4s Tc] [Kc]
STEALurM0NEY: checks 
4220_max: bets $3.75
STEALurM0NEY: folds 
Uncalled bet ($3.75) returned to 4220_max
4220_max collected $10.55 from pot
4220_max: doesn't show hand 
*** SUMMARY ***
Total pot $11.10 | Rake $0.55 
Board [5h 4s Tc Kc]
Seat 1: gsxr_patrick (big blind) folded before Flop
Seat 2: fleischman84 folded before Flop (didn't bet)
Seat 3: RoyalRob_88 folded before Flop (didn't bet)
Seat 4: STEALurM0NEY folded on the Turn
Seat 6: Alameda22 folded before Flop
Seat 7: 4220_max (button) collected ($10.55)
Seat 9: PLAYBOI23 (small blind) folded before Flop



PokerStars Game #19837831208:  Hold'em No Limit ($0.10/$0.25) - 2008/08/23 - 13:55:15 (ET)
Table 'Menelaus III' 9-max Seat #9 is the button
Seat 1: gsxr_patrick ($30.25 in chips) 
Seat 2: fleischman84 ($10.05 in chips) 
Seat 3: LittleORK ($25 in chips) 
Seat 4: STEALurM0NEY ($19.40 in chips) 
Seat 6: Alameda22 ($24.75 in chips) 
Seat 7: 4220_max ($30.30 in chips) 
Seat 9: PLAYBOI23 ($13.55 in chips) 
gsxr_patrick: posts small blind $0.10
fleischman84: posts big blind $0.25
LittleORK: posts big blind $0.25
garrymdp: sits out 
E.raiser.01: sits out 
*** HOLE CARDS ***
Dealt to Alameda22 [Qs 7d]
LittleORK: checks 
STEALurM0NEY: folds 
Alameda22: folds 
4220_max: raises $1 to $1.25
PLAYBOI23: folds 
gsxr_patrick: folds 
fleischman84: calls $1
LittleORK: calls $1
*** FLOP *** [4d Tc 9h]
fleischman84: checks 
LittleORK: checks 
4220_max: bets $1.25
fleischman84: raises $1.25 to $2.50
LittleORK: folds 
4220_max: calls $1.25
*** TURN *** [4d Tc 9h] [7s]
fleischman84: bets $2
4220_max: calls $2
*** RIVER *** [4d Tc 9h 7s] [6h]
fleischman84: bets $4.30 and is all-in
4220_max: calls $4.30
*** SHOW DOWN ***
fleischman84: shows [Th 4c] (two pair, Tens and Fours)
4220_max: shows [7h 8h] (a straight, Six to Ten)
4220_max collected $20.45 from pot
*** SUMMARY ***
Total pot $21.45 | Rake $1 
Board [4d Tc 9h 7s 6h]
Seat 1: gsxr_patrick (small blind) folded before Flop
Seat 2: fleischman84 (big blind) showed [Th 4c] and lost with two pair, Tens and Fours
Seat 3: LittleORK folded on the Flop
Seat 4: STEALurM0NEY folded before Flop (didn't bet)
Seat 6: Alameda22 folded before Flop (didn't bet)
Seat 7: 4220_max showed [7h 8h] and won ($20.45) with a straight, Six to Ten
Seat 9: PLAYBOI23 (button) folded before Flop (didn't bet)



PokerStars Game #19837872193:  Hold'em No Limit ($0.10/$0.25) - 2008/08/23 - 13:57:01 (ET)
Table 'Menelaus III' 9-max Seat #1 is the button
Seat 1: gsxr_patrick ($30.15 in chips) 
Seat 3: LittleORK ($23.75 in chips) 
Seat 4: STEALurM0NEY ($19.40 in chips) 
Seat 6: Alameda22 ($24.75 in chips) 
Seat 7: 4220_max ($40.70 in chips) 
Seat 9: PLAYBOI23 ($13.55 in chips) 
LittleORK: posts small blind $0.10
STEALurM0NEY: posts big blind $0.25
garrymdp: sits out 
E.raiser.01: sits out 
*** HOLE CARDS ***
Dealt to Alameda22 [As Qd]
Alameda22: raises $0.50 to $0.75
4220_max: folds 
fleischman84 leaves the table
PLAYBOI23: folds 
gsxr_patrick: folds 
LittleORK: folds 
STEALurM0NEY: folds 
Uncalled bet ($0.50) returned to Alameda22
MaiMai88 joins the table at seat #2 
Alameda22 collected $0.60 from pot
Alameda22: doesn't show hand 
*** SUMMARY ***
Total pot $0.60 | Rake $0 
Seat 1: gsxr_patrick (button) folded before Flop (didn't bet)
Seat 3: LittleORK (small blind) folded before Flop
Seat 4: STEALurM0NEY (big blind) folded before Flop
Seat 6: Alameda22 collected ($0.60)
Seat 7: 4220_max folded before Flop (didn't bet)
Seat 9: PLAYBOI23 folded before Flop (didn't bet)



PokerStars Game #19837881244:  Hold'em No Limit ($0.10/$0.25) - 2008/08/23 - 13:57:25 (ET)
Table 'Menelaus III' 9-max Seat #3 is the button
Seat 1: gsxr_patrick ($30.15 in chips) 
Seat 2: MaiMai88 ($5 in chips) 
Seat 3: LittleORK ($23.65 in chips) 
Seat 4: STEALurM0NEY ($19.15 in chips) 
Seat 5: garrymdp ($6 in chips) 
Seat 6: Alameda22 ($25.10 in chips) 
Seat 7: 4220_max ($40.70 in chips) 
Seat 9: PLAYBOI23 ($13.55 in chips) 
STEALurM0NEY: posts small blind $0.10
garrymdp: posts big blind $0.25
E.raiser.01: sits out 
MaiMai88: posts big blind $0.25
*** HOLE CARDS ***
Dealt to Alameda22 [2d 8h]
Alameda22: folds 
4220_max: raises $0.50 to $0.75
PLAYBOI23: folds 
gsxr_patrick: calls $0.75
MaiMai88: folds 
LittleORK: folds 
STEALurM0NEY: folds 
garrymdp: folds 
*** FLOP *** [3h 2s 9d]
4220_max: checks 
gsxr_patrick: bets $0.50
4220_max: folds 
Uncalled bet ($0.50) returned to gsxr_patrick
gsxr_patrick collected $2 from pot
*** SUMMARY ***
Total pot $2.10 | Rake $0.10 
Board [3h 2s 9d]
Seat 1: gsxr_patrick collected ($2)
Seat 2: MaiMai88 folded before Flop
Seat 3: LittleORK (button) folded before Flop (didn't bet)
Seat 4: STEALurM0NEY (small blind) folded before Flop
Seat 5: garrymdp (big blind) folded before Flop
Seat 6: Alameda22 folded before Flop (didn't bet)
Seat 7: 4220_max folded on the Flop
Seat 9: PLAYBOI23 folded before Flop (didn't bet)



PokerStars Game #19837898017:  Hold'em No Limit ($0.10/$0.25) - 2008/08/23 - 13:58:08 (ET)
Table 'Menelaus III' 9-max Seat #4 is the button
Seat 1: gsxr_patrick ($31.40 in chips) 
Seat 2: MaiMai88 ($4.75 in chips) 
Seat 3: LittleORK ($23.65 in chips) 
Seat 4: STEALurM0NEY ($19.05 in chips) 
Seat 5: garrymdp ($5.75 in chips) 
Seat 6: Alameda22 ($25.10 in chips) 
Seat 7: 4220_max ($39.95 in chips) 
Seat 9: PLAYBOI23 ($13.55 in chips) 
garrymdp: posts small blind $0.10
Alameda22: posts big blind $0.25
E.raiser.01: sits out 
*** HOLE CARDS ***
Dealt to Alameda22 [Ac Jc]
4220_max: folds 
PLAYBOI23: folds 
gsxr_patrick: calls $0.25
MaiMai88: folds 
LittleORK: folds 
STEALurM0NEY: folds 
garrymdp: folds 
Alameda22: raises $0.75 to $1
gsxr_patrick: raises $0.75 to $1.75
Alameda22: calls $0.75
*** FLOP *** [Kd 6h 8d]
Alameda22: checks 
gsxr_patrick: bets $1.50
Alameda22: folds 
Uncalled bet ($1.50) returned to gsxr_patrick
gsxr_patrick collected $3.45 from pot
gsxr_patrick: shows [Ad Ah] (a pair of Aces)
*** SUMMARY ***
Total pot $3.60 | Rake $0.15 
Board [Kd 6h 8d]
Seat 1: gsxr_patrick collected ($3.45)
Seat 2: MaiMai88 folded before Flop (didn't bet)
Seat 3: LittleORK folded before Flop (didn't bet)
Seat 4: STEALurM0NEY (button) folded before Flop (didn't bet)
Seat 5: garrymdp (small blind) folded before Flop
Seat 6: Alameda22 (big blind) folded on the Flop
Seat 7: 4220_max folded before Flop (didn't bet)
Seat 9: PLAYBOI23 folded before Flop (didn't bet)



PokerStars Game #19837920271:  Hold'em No Limit ($0.10/$0.25) - 2008/08/23 - 13:59:06 (ET)
Table 'Menelaus III' 9-max Seat #5 is the button
Seat 1: gsxr_patrick ($33.10 in chips) 
Seat 2: MaiMai88 ($4.75 in chips) 
Seat 3: LittleORK ($23.65 in chips) 
Seat 4: STEALurM0NEY ($19.05 in chips) 
Seat 5: garrymdp ($5.65 in chips) 
Seat 6: Alameda22 ($23.35 in chips) 
Seat 7: 4220_max ($39.95 in chips) 
Seat 9: PLAYBOI23 ($13.55 in chips) 
Alameda22: posts small blind $0.10
4220_max: posts big blind $0.25
E.raiser.01: sits out 
*** HOLE CARDS ***
Dealt to Alameda22 [4s Kd]
PLAYBOI23: folds 
gsxr_patrick: calls $0.25
MaiMai88: folds 
LittleORK: folds 
STEALurM0NEY: folds 
garrymdp: folds 
Alameda22: folds 
4220_max: raises $1.25 to $1.50
gsxr_patrick: calls $1.25
*** FLOP *** [Ts Jd 3c]
4220_max: bets $2.25
gsxr_patrick: folds 
Uncalled bet ($2.25) returned to 4220_max
4220_max collected $2.95 from pot
4220_max: doesn't show hand 
*** SUMMARY ***
Total pot $3.10 | Rake $0.15 
Board [Ts Jd 3c]
Seat 1: gsxr_patrick folded on the Flop
Seat 2: MaiMai88 folded before Flop (didn't bet)
Seat 3: LittleORK folded before Flop (didn't bet)
Seat 4: STEALurM0NEY folded before Flop (didn't bet)
Seat 5: garrymdp (button) folded before Flop (didn't bet)
Seat 6: Alameda22 (small blind) folded before Flop
Seat 7: 4220_max (big blind) collected ($2.95)
Seat 9: PLAYBOI23 folded before Flop (didn't bet)



PokerStars Game #19837934390:  Hold'em No Limit ($0.10/$0.25) - 2008/08/23 - 13:59:43 (ET)
Table 'Menelaus III' 9-max Seat #6 is the button
Seat 1: gsxr_patrick ($31.60 in chips) 
Seat 2: MaiMai88 ($4.75 in chips) 
Seat 3: LittleORK ($23.65 in chips) 
Seat 4: STEALurM0NEY ($19.05 in chips) 
Seat 5: garrymdp ($5.65 in chips) 
Seat 6: Alameda22 ($23.25 in chips) 
Seat 7: 4220_max ($41.40 in chips) 
Seat 8: E.raiser.01 ($25 in chips) 
Seat 9: PLAYBOI23 ($13.55 in chips) 
4220_max: posts small blind $0.10
E.raiser.01: posts big blind $0.25
*** HOLE CARDS ***
Dealt to Alameda22 [Jd 6d]
PLAYBOI23: folds 
gsxr_patrick: calls $0.25
MaiMai88: folds 
LittleORK: folds 
STEALurM0NEY: folds 
garrymdp: folds 
Alameda22: folds 
4220_max: raises $0.75 to $1
E.raiser.01: folds 
gsxr_patrick: calls $0.75
*** FLOP *** [Kd 9s Jc]
4220_max: bets $1.50
gsxr_patrick: calls $1.50
*** TURN *** [Kd 9s Jc] [6c]
4220_max: bets $1
gsxr_patrick: calls $1
*** RIVER *** [Kd 9s Jc 6c] [5c]
4220_max: bets $1.50
gsxr_patrick: folds 
Uncalled bet ($1.50) returned to 4220_max
4220_max collected $6.90 from pot
4220_max: doesn't show hand 
*** SUMMARY ***
Total pot $7.25 | Rake $0.35 
Board [Kd 9s Jc 6c 5c]
Seat 1: gsxr_patrick folded on the River
Seat 2: MaiMai88 folded before Flop (didn't bet)
Seat 3: LittleORK folded before Flop (didn't bet)
Seat 4: STEALurM0NEY folded before Flop (didn't bet)
Seat 5: garrymdp folded before Flop (didn't bet)
Seat 6: Alameda22 (button) folded before Flop (didn't bet)
Seat 7: 4220_max (small blind) collected ($6.90)
Seat 8: E.raiser.01 (big blind) folded before Flop
Seat 9: PLAYBOI23 folded before Flop (didn't bet)



PokerStars Game #19837957667:  Hold'em No Limit ($0.10/$0.25) - 2008/08/23 - 14:00:43 (ET)
Table 'Menelaus III' 9-max Seat #7 is the button
Seat 1: gsxr_patrick ($28.10 in chips) 
Seat 2: MaiMai88 ($4.75 in chips) 
Seat 3: LittleORK ($23.65 in chips) 
Seat 4: STEALurM0NEY ($19.05 in chips) 
Seat 5: garrymdp ($5.65 in chips) 
Seat 6: Alameda22 ($23.25 in chips) 
Seat 7: 4220_max ($44.80 in chips) 
Seat 8: E.raiser.01 ($24.75 in chips) 
Seat 9: PLAYBOI23 ($13.55 in chips) 
E.raiser.01: posts small blind $0.10
PLAYBOI23: posts big blind $0.25
*** HOLE CARDS ***
Dealt to Alameda22 [7c 2s]
gsxr_patrick: calls $0.25
MaiMai88: calls $0.25
LittleORK: folds 
STEALurM0NEY: folds 
garrymdp: folds 
Alameda22: folds 
4220_max: folds 
E.raiser.01: folds 
PLAYBOI23: checks 
*** FLOP *** [5c Ts 3s]
PLAYBOI23: checks 
gsxr_patrick: bets $0.50
MaiMai88: folds 
PLAYBOI23: folds 
Uncalled bet ($0.50) returned to gsxr_patrick
gsxr_patrick collected $0.85 from pot
gsxr_patrick: shows [5h 5s] (three of a kind, Fives)
*** SUMMARY ***
Total pot $0.85 | Rake $0 
Board [5c Ts 3s]
Seat 1: gsxr_patrick collected ($0.85)
Seat 2: MaiMai88 folded on the Flop
Seat 3: LittleORK folded before Flop (didn't bet)
Seat 4: STEALurM0NEY folded before Flop (didn't bet)
Seat 5: garrymdp folded before Flop (didn't bet)
Seat 6: Alameda22 folded before Flop (didn't bet)
Seat 7: 4220_max (button) folded before Flop (didn't bet)
Seat 8: E.raiser.01 (small blind) folded before Flop
Seat 9: PLAYBOI23 (big blind) folded on the Flop



PokerStars Game #19837978111:  Hold'em No Limit ($0.10/$0.25) - 2008/08/23 - 14:01:34 (ET)
Table 'Menelaus III' 9-max Seat #8 is the button
Seat 1: gsxr_patrick ($28.70 in chips) 
Seat 2: MaiMai88 ($4.50 in chips) 
Seat 3: LittleORK ($23.65 in chips) 
Seat 4: STEALurM0NEY ($19.05 in chips) 
Seat 5: garrymdp ($5.65 in chips) 
Seat 6: Alameda22 ($23.25 in chips) 
Seat 7: 4220_max ($44.80 in chips) 
Seat 8: E.raiser.01 ($24.65 in chips) 
Seat 9: PLAYBOI23 ($13.30 in chips) 
PLAYBOI23: posts small blind $0.10
gsxr_patrick: posts big blind $0.25
*** HOLE CARDS ***
Dealt to Alameda22 [6h 9h]
MaiMai88: folds 
LittleORK: folds 
STEALurM0NEY: folds 
garrymdp: folds 
Alameda22: folds 
4220_max: folds 
E.raiser.01: folds 
PLAYBOI23: folds 
Uncalled bet ($0.15) returned to gsxr_patrick
gsxr_patrick collected $0.20 from pot
gsxr_patrick: doesn't show hand 
*** SUMMARY ***
Total pot $0.20 | Rake $0 
Seat 1: gsxr_patrick (big blind) collected ($0.20)
Seat 2: MaiMai88 folded before Flop (didn't bet)
Seat 3: LittleORK folded before Flop (didn't bet)
Seat 4: STEALurM0NEY folded before Flop (didn't bet)
Seat 5: garrymdp folded before Flop (didn't bet)
Seat 6: Alameda22 folded before Flop (didn't bet)
Seat 7: 4220_max folded before Flop (didn't bet)
Seat 8: E.raiser.01 (button) folded before Flop (didn't bet)
Seat 9: PLAYBOI23 (small blind) folded before Flop



PokerStars Game #19837990576:  Hold'em No Limit ($0.10/$0.25) - 2008/08/23 - 14:02:06 (ET)
Table 'Menelaus III' 9-max Seat #9 is the button
Seat 1: gsxr_patrick ($28.80 in chips) 
Seat 2: MaiMai88 ($4.50 in chips) 
Seat 3: LittleORK ($23.65 in chips) 
Seat 4: STEALurM0NEY ($19.05 in chips) 
Seat 5: garrymdp ($5.65 in chips) 
Seat 6: Alameda22 ($23.25 in chips) 
Seat 7: 4220_max ($44.80 in chips) 
Seat 8: E.raiser.01 ($24.65 in chips) 
Seat 9: PLAYBOI23 ($13.20 in chips) 
gsxr_patrick: posts small blind $0.10
MaiMai88: posts big blind $0.25
*** HOLE CARDS ***
Dealt to Alameda22 [Js Jd]
LittleORK: folds 
STEALurM0NEY: folds 
garrymdp: folds 
Alameda22: raises $0.50 to $0.75
4220_max: calls $0.75
E.raiser.01: folds 
PLAYBOI23: folds 
gsxr_patrick: folds 
MaiMai88: folds 
*** FLOP *** [Th Kd 7s]
Alameda22: bets $1.25
4220_max: raises $1.25 to $2.50
Alameda22: calls $1.25
*** TURN *** [Th Kd 7s] [6c]
Alameda22: checks 
4220_max: bets $9.75
Alameda22: raises $10.25 to $20 and is all-in
4220_max: calls $10.25
*** RIVER *** [Th Kd 7s 6c] [Tc]
*** SHOW DOWN ***
Alameda22: shows [Js Jd] (two pair, Jacks and Tens)
4220_max: shows [Kh 3h] (two pair, Kings and Tens)
4220_max collected $44.55 from pot
*** SUMMARY ***
Total pot $46.85 | Rake $2.30 
Board [Th Kd 7s 6c Tc]
Seat 1: gsxr_patrick (small blind) folded before Flop
Seat 2: MaiMai88 (big blind) folded before Flop
Seat 3: LittleORK folded before Flop (didn't bet)
Seat 4: STEALurM0NEY folded before Flop (didn't bet)
Seat 5: garrymdp folded before Flop (didn't bet)
Seat 6: Alameda22 showed [Js Jd] and lost with two pair, Jacks and Tens
Seat 7: 4220_max showed [Kh 3h] and won ($44.55) with two pair, Kings and Tens
Seat 8: E.raiser.01 folded before Flop (didn't bet)
Seat 9: PLAYBOI23 (button) folded before Flop (didn't bet)



PokerStars Game #19838059994:  Hold'em No Limit ($0.10/$0.25) - 2008/08/23 - 14:05:06 (ET)
Table 'Menelaus III' 9-max Seat #2 is the button
Seat 1: gsxr_patrick ($28.70 in chips) 
Seat 2: MaiMai88 ($4.15 in chips) 
Seat 3: LittleORK ($23.40 in chips) 
Seat 4: STEALurM0NEY ($18.30 in chips) 
Seat 5: garrymdp ($5.65 in chips) 
Seat 6: Alameda22 ($25 in chips) 
Seat 7: 4220_max ($67.85 in chips) 
Seat 8: E.raiser.01 ($23.90 in chips) 
Seat 9: PLAYBOI23 ($13.20 in chips) 
LittleORK: posts small blind $0.10
STEALurM0NEY: posts big blind $0.25
*** HOLE CARDS ***
Dealt to Alameda22 [Tc Js]
garrymdp: calls $0.25
Alameda22: folds 
4220_max: folds 
E.raiser.01: folds 
PLAYBOI23: folds 
gsxr_patrick: calls $0.25
MaiMai88: raises $1.25 to $1.50
LittleORK: folds 
STEALurM0NEY: folds 
garrymdp: raises $2.50 to $4
gsxr_patrick: folds 
MaiMai88: raises $0.15 to $4.15 and is all-in
garrymdp: calls $0.15
*** FLOP *** [6d 8d 2c]
*** TURN *** [6d 8d 2c] [4s]
*** RIVER *** [6d 8d 2c 4s] [Kh]
*** SHOW DOWN ***
garrymdp: shows [Qc Qs] (a pair of Queens)
MaiMai88: mucks hand 
MaiMai88 leaves the table
garrymdp collected $8.50 from pot
*** SUMMARY ***
Total pot $8.90 | Rake $0.40 
Board [6d 8d 2c 4s Kh]
Seat 1: gsxr_patrick folded before Flop
Seat 2: MaiMai88 (button) mucked [Th Ad]
Seat 3: LittleORK (small blind) folded before Flop
Seat 4: STEALurM0NEY (big blind) folded before Flop
Seat 5: garrymdp showed [Qc Qs] and won ($8.50) with a pair of Queens
Seat 6: Alameda22 folded before Flop (didn't bet)
Seat 7: 4220_max folded before Flop (didn't bet)
Seat 8: E.raiser.01 folded before Flop (didn't bet)
Seat 9: PLAYBOI23 folded before Flop (didn't bet)



PokerStars Game #19838078761:  Hold'em No Limit ($0.10/$0.25) - 2008/08/23 - 14:05:55 (ET)
Table 'Menelaus III' 9-max Seat #3 is the button
Seat 1: gsxr_patrick ($28.45 in chips) 
Seat 3: LittleORK ($23.30 in chips) 
Seat 4: STEALurM0NEY ($18.05 in chips) 
Seat 5: garrymdp ($10 in chips) 
Seat 6: Alameda22 ($25 in chips) 
Seat 7: 4220_max ($67.85 in chips) 
Seat 8: E.raiser.01 ($23.90 in chips) 
Seat 9: PLAYBOI23 ($13.20 in chips) 
STEALurM0NEY: posts small blind $0.10
garrymdp: posts big blind $0.25
*** HOLE CARDS ***
Dealt to Alameda22 [6h 9s]
Alameda22: folds 
4220_max: raises $0.50 to $0.75
Usurpov joins the table at seat #2 
E.raiser.01: folds 
PLAYBOI23: folds 
gsxr_patrick: calls $0.75
LittleORK: folds 
STEALurM0NEY: folds 
garrymdp: folds 
*** FLOP *** [9h 3c 4h]
4220_max: bets $0.75
gsxr_patrick: calls $0.75
*** TURN *** [9h 3c 4h] [5h]
4220_max: checks 
gsxr_patrick: bets $1
4220_max: folds 
Uncalled bet ($1) returned to gsxr_patrick
gsxr_patrick collected $3.20 from pot
gsxr_patrick: doesn't show hand 
*** SUMMARY ***
Total pot $3.35 | Rake $0.15 
Board [9h 3c 4h 5h]
Seat 1: gsxr_patrick collected ($3.20)
Seat 3: LittleORK (button) folded before Flop (didn't bet)
Seat 4: STEALurM0NEY (small blind) folded before Flop
Seat 5: garrymdp (big blind) folded before Flop
Seat 6: Alameda22 folded before Flop (didn't bet)
Seat 7: 4220_max folded on the Turn
Seat 8: E.raiser.01 folded before Flop (didn't bet)
Seat 9: PLAYBOI23 folded before Flop (didn't bet)



PokerStars Game #19838105095:  Hold'em No Limit ($0.10/$0.25) - 2008/08/23 - 14:07:05 (ET)
Table 'Menelaus III' 9-max Seat #4 is the button
Seat 1: gsxr_patrick ($30.15 in chips) 
Seat 3: LittleORK ($23.30 in chips) 
Seat 4: STEALurM0NEY ($17.95 in chips) 
Seat 5: garrymdp ($9.75 in chips) 
Seat 6: Alameda22 ($25 in chips) 
Seat 7: 4220_max ($66.35 in chips) 
Seat 8: E.raiser.01 ($23.90 in chips) 
Seat 9: PLAYBOI23 ($13.20 in chips) 
garrymdp: posts small blind $0.10
Alameda22: posts big blind $0.25
Usurpov: sits out 
*** HOLE CARDS ***
Dealt to Alameda22 [4h 9d]
4220_max: folds 
E.raiser.01: folds 
PLAYBOI23 is connected 
PLAYBOI23: folds 
gsxr_patrick: calls $0.25
LittleORK: folds 
STEALurM0NEY: folds 
garrymdp: folds 
Alameda22: checks 
*** FLOP *** [Jh 6h 9s]
Alameda22: checks 
gsxr_patrick: checks 
*** TURN *** [Jh 6h 9s] [8s]
Alameda22: checks 
gsxr_patrick: checks 
*** RIVER *** [Jh 6h 9s 8s] [6c]
Alameda22: checks 
gsxr_patrick: bets $0.25
Alameda22: folds 
Uncalled bet ($0.25) returned to gsxr_patrick
gsxr_patrick collected $0.60 from pot
*** SUMMARY ***
Total pot $0.60 | Rake $0 
Board [Jh 6h 9s 8s 6c]
Seat 1: gsxr_patrick collected ($0.60)
Seat 3: LittleORK folded before Flop (didn't bet)
Seat 4: STEALurM0NEY (button) folded before Flop (didn't bet)
Seat 5: garrymdp (small blind) folded before Flop
Seat 6: Alameda22 (big blind) folded on the River
Seat 7: 4220_max folded before Flop (didn't bet)
Seat 8: E.raiser.01 folded before Flop (didn't bet)
Seat 9: PLAYBOI23 folded before Flop (didn't bet)



PokerStars Game #19838131119:  Hold'em No Limit ($0.10/$0.25) - 2008/08/23 - 14:08:13 (ET)
Table 'Menelaus III' 9-max Seat #5 is the button
Seat 1: gsxr_patrick ($30.50 in chips) 
Seat 3: LittleORK ($23.30 in chips) 
Seat 4: STEALurM0NEY ($17.95 in chips) 
Seat 5: garrymdp ($9.65 in chips) 
Seat 6: Alameda22 ($24.75 in chips) 
Seat 7: 4220_max ($66.35 in chips) 
Seat 8: E.raiser.01 ($23.90 in chips) 
Seat 9: PLAYBOI23 ($13.20 in chips) 
Alameda22: posts small blind $0.10
4220_max: posts big blind $0.25
Usurpov: sits out 
*** HOLE CARDS ***
Dealt to Alameda22 [Jd Ah]
E.raiser.01: folds 
PLAYBOI23: folds 
gsxr_patrick: calls $0.25
LittleORK: folds 
STEALurM0NEY: calls $0.25
garrymdp: calls $0.25
Alameda22: calls $0.15
4220_max: checks 
*** FLOP *** [Qc 8h 5s]
Alameda22: checks 
4220_max: checks 
gsxr_patrick: checks 
STEALurM0NEY: checks 
garrymdp: checks 
*** TURN *** [Qc 8h 5s] [4h]
Alameda22: checks 
4220_max: checks 
gsxr_patrick: checks 
STEALurM0NEY: checks 
garrymdp: checks 
*** RIVER *** [Qc 8h 5s 4h] [8c]
Alameda22: checks 
4220_max: checks 
gsxr_patrick: checks 
STEALurM0NEY: checks 
garrymdp: checks 
*** SHOW DOWN ***
Alameda22: shows [Jd Ah] (a pair of Eights)
4220_max: shows [7h 4d] (two pair, Eights and Fours)
gsxr_patrick: shows [4c 3h] (two pair, Eights and Fours)
STEALurM0NEY: mucks hand 
garrymdp: mucks hand 
4220_max collected $0.60 from pot
gsxr_patrick collected $0.60 from pot
*** SUMMARY ***
Total pot $1.25 | Rake $0.05 
Board [Qc 8h 5s 4h 8c]
Seat 1: gsxr_patrick showed [4c 3h] and won ($0.60) with two pair, Eights and Fours
Seat 3: LittleORK folded before Flop (didn't bet)
Seat 4: STEALurM0NEY mucked [Jc Kc]
Seat 5: garrymdp (button) mucked [Ad Th]
Seat 6: Alameda22 (small blind) showed [Jd Ah] and lost with a pair of Eights
Seat 7: 4220_max (big blind) showed [7h 4d] and won ($0.60) with two pair, Eights and Fours
Seat 8: E.raiser.01 folded before Flop (didn't bet)
Seat 9: PLAYBOI23 folded before Flop (didn't bet)



PokerStars Game #19838156945:  Hold'em No Limit ($0.10/$0.25) - 2008/08/23 - 14:09:21 (ET)
Table 'Menelaus III' 9-max Seat #6 is the button
Seat 1: gsxr_patrick ($30.85 in chips) 
Seat 3: LittleORK ($23.30 in chips) 
Seat 4: STEALurM0NEY ($17.70 in chips) 
Seat 5: garrymdp ($9.40 in chips) 
Seat 6: Alameda22 ($24.50 in chips) 
Seat 7: 4220_max ($66.70 in chips) 
Seat 8: E.raiser.01 ($23.90 in chips) 
Seat 9: PLAYBOI23 ($13.20 in chips) 
4220_max: posts small blind $0.10
E.raiser.01: posts big blind $0.25
Usurpov: sits out 
*** HOLE CARDS ***
Dealt to Alameda22 [5c 9s]
PLAYBOI23: calls $0.25
gsxr_patrick: calls $0.25
LittleORK: folds 
STEALurM0NEY: folds 
garrymdp: folds 
Alameda22: folds 
4220_max: folds 
E.raiser.01: checks 
*** FLOP *** [Js 8s 2c]
E.raiser.01: checks 
PLAYBOI23: checks 
gsxr_patrick: bets $0.50
E.raiser.01: folds 
PLAYBOI23: folds 
Uncalled bet ($0.50) returned to gsxr_patrick
gsxr_patrick collected $0.85 from pot
gsxr_patrick: doesn't show hand 
*** SUMMARY ***
Total pot $0.85 | Rake $0 
Board [Js 8s 2c]
Seat 1: gsxr_patrick collected ($0.85)
Seat 3: LittleORK folded before Flop (didn't bet)
Seat 4: STEALurM0NEY folded before Flop (didn't bet)
Seat 5: garrymdp folded before Flop (didn't bet)
Seat 6: Alameda22 (button) folded before Flop (didn't bet)
Seat 7: 4220_max (small blind) folded before Flop
Seat 8: E.raiser.01 (big blind) folded on the Flop
Seat 9: PLAYBOI23 folded on the Flop



PokerStars Game #19838176965:  Hold'em No Limit ($0.10/$0.25) - 2008/08/23 - 14:10:13 (ET)
Table 'Menelaus III' 9-max Seat #7 is the button
Seat 1: gsxr_patrick ($31.45 in chips) 
Seat 3: LittleORK ($23.30 in chips) 
Seat 4: STEALurM0NEY ($17.70 in chips) 
Seat 5: garrymdp ($9.40 in chips) 
Seat 6: Alameda22 ($24.50 in chips) 
Seat 7: 4220_max ($66.60 in chips) 
Seat 8: E.raiser.01 ($23.65 in chips) 
Seat 9: PLAYBOI23 ($12.95 in chips) 
E.raiser.01: posts small blind $0.10
PLAYBOI23: posts big blind $0.25
Usurpov: sits out 
*** HOLE CARDS ***
Dealt to Alameda22 [8d 6c]
gsxr_patrick: calls $0.25
LittleORK: raises $0.50 to $0.75
STEALurM0NEY: folds 
garrymdp: folds 
Alameda22: folds 
4220_max: calls $0.75
E.raiser.01: folds 
PLAYBOI23: folds 
gsxr_patrick: calls $0.50
*** FLOP *** [4d 4c 2s]
gsxr_patrick: checks 
LittleORK: bets $1
4220_max: folds 
gsxr_patrick: folds 
Uncalled bet ($1) returned to LittleORK
LittleORK collected $2.50 from pot
*** SUMMARY ***
Total pot $2.60 | Rake $0.10 
Board [4d 4c 2s]
Seat 1: gsxr_patrick folded on the Flop
Seat 3: LittleORK collected ($2.50)
Seat 4: STEALurM0NEY folded before Flop (didn't bet)
Seat 5: garrymdp folded before Flop (didn't bet)
Seat 6: Alameda22 folded before Flop (didn't bet)
Seat 7: 4220_max (button) folded on the Flop
Seat 8: E.raiser.01 (small blind) folded before Flop
Seat 9: PLAYBOI23 (big blind) folded before Flop



PokerStars Game #19838214360:  Hold'em No Limit ($0.10/$0.25) - 2008/08/23 - 14:11:51 (ET)
Table 'Menelaus III' 9-max Seat #8 is the button
Seat 1: gsxr_patrick ($30.70 in chips) 
Seat 3: LittleORK ($25.05 in chips) 
Seat 4: STEALurM0NEY ($17.70 in chips) 
Seat 5: garrymdp ($9.40 in chips) 
Seat 6: Alameda22 ($24.50 in chips) 
Seat 7: 4220_max ($65.85 in chips) 
Seat 8: E.raiser.01 ($23.55 in chips) 
Seat 9: PLAYBOI23 ($12.70 in chips) 
PLAYBOI23: posts small blind $0.10
gsxr_patrick: posts big blind $0.25
Usurpov: sits out 
*** HOLE CARDS ***
Dealt to Alameda22 [5d Ac]
LittleORK: folds 
STEALurM0NEY: folds 
garrymdp: folds 
Alameda22: folds 
4220_max: raises $0.50 to $0.75
E.raiser.01: folds 
PLAYBOI23: folds 
gsxr_patrick: calls $0.50
*** FLOP *** [Ks 6c As]
gsxr_patrick: bets $1
4220_max: folds 
Uncalled bet ($1) returned to gsxr_patrick
gsxr_patrick collected $1.55 from pot
gsxr_patrick: doesn't show hand 
*** SUMMARY ***
Total pot $1.60 | Rake $0.05 
Board [Ks 6c As]
Seat 1: gsxr_patrick (big blind) collected ($1.55)
Seat 3: LittleORK folded before Flop (didn't bet)
Seat 4: STEALurM0NEY folded before Flop (didn't bet)
Seat 5: garrymdp folded before Flop (didn't bet)
Seat 6: Alameda22 folded before Flop (didn't bet)
Seat 7: 4220_max folded on the Flop
Seat 8: E.raiser.01 (button) folded before Flop (didn't bet)
Seat 9: PLAYBOI23 (small blind) folded before Flop



PokerStars Game #19838237194:  Hold'em No Limit ($0.10/$0.25) - 2008/08/23 - 14:12:52 (ET)
Table 'Menelaus III' 9-max Seat #9 is the button
Seat 1: gsxr_patrick ($31.50 in chips) 
Seat 2: Usurpov ($25 in chips) 
Seat 3: LittleORK ($25.05 in chips) 
Seat 4: STEALurM0NEY ($17.70 in chips) 
Seat 5: garrymdp ($9.40 in chips) 
Seat 6: Alameda22 ($24.50 in chips) 
Seat 7: 4220_max ($65.10 in chips) 
Seat 8: E.raiser.01 ($23.55 in chips) 
Seat 9: PLAYBOI23 ($12.60 in chips) 
gsxr_patrick: posts small blind $0.10
Usurpov: posts big blind $0.25
*** HOLE CARDS ***
Dealt to Alameda22 [Jc Tc]
LittleORK: raises $0.75 to $1
STEALurM0NEY: folds 
garrymdp: folds 
Alameda22: folds 
4220_max: folds 
E.raiser.01: folds 
PLAYBOI23: folds 
gsxr_patrick: folds 
Usurpov: folds 
Uncalled bet ($0.75) returned to LittleORK
LittleORK collected $0.60 from pot
*** SUMMARY ***
Total pot $0.60 | Rake $0 
Seat 1: gsxr_patrick (small blind) folded before Flop
Seat 2: Usurpov (big blind) folded before Flop
Seat 3: LittleORK collected ($0.60)
Seat 4: STEALurM0NEY folded before Flop (didn't bet)
Seat 5: garrymdp folded before Flop (didn't bet)
Seat 6: Alameda22 folded before Flop (didn't bet)
Seat 7: 4220_max folded before Flop (didn't bet)
Seat 8: E.raiser.01 folded before Flop (didn't bet)
Seat 9: PLAYBOI23 (button) folded before Flop (didn't bet)



PokerStars Game #19838266219:  Hold'em No Limit ($0.10/$0.25) - 2008/08/23 - 14:14:08 (ET)
Table 'Menelaus III' 9-max Seat #1 is the button
Seat 1: gsxr_patrick ($31.40 in chips) 
Seat 2: Usurpov ($24.75 in chips) 
Seat 3: LittleORK ($25.40 in chips) 
Seat 4: STEALurM0NEY ($17.70 in chips) 
Seat 5: garrymdp ($9.40 in chips) 
Seat 6: Alameda22 ($24.50 in chips) 
Seat 7: 4220_max ($65.10 in chips) 
Seat 8: E.raiser.01 ($23.55 in chips) 
Seat 9: PLAYBOI23 ($12.60 in chips) 
Usurpov: posts small blind $0.10
LittleORK: posts big blind $0.25
*** HOLE CARDS ***
Dealt to Alameda22 [5d 3h]
STEALurM0NEY: raises $0.50 to $0.75
garrymdp: folds 
Alameda22: folds 
4220_max: folds 
E.raiser.01: folds 
PLAYBOI23: folds 
gsxr_patrick: folds 
Usurpov: folds 
LittleORK: folds 
Uncalled bet ($0.50) returned to STEALurM0NEY
STEALurM0NEY collected $0.60 from pot
STEALurM0NEY: doesn't show hand 
*** SUMMARY ***
Total pot $0.60 | Rake $0 
Seat 1: gsxr_patrick (button) folded before Flop (didn't bet)
Seat 2: Usurpov (small blind) folded before Flop
Seat 3: LittleORK (big blind) folded before Flop
Seat 4: STEALurM0NEY collected ($0.60)
Seat 5: garrymdp folded before Flop (didn't bet)
Seat 6: Alameda22 folded before Flop (didn't bet)
Seat 7: 4220_max folded before Flop (didn't bet)
Seat 8: E.raiser.01 folded before Flop (didn't bet)
Seat 9: PLAYBOI23 folded before Flop (didn't bet)



PokerStars Game #19838282976:  Hold'em No Limit ($0.10/$0.25) - 2008/08/23 - 14:14:53 (ET)
Table 'Menelaus III' 9-max Seat #2 is the button
Seat 1: gsxr_patrick ($31.40 in chips) 
Seat 2: Usurpov ($24.65 in chips) 
Seat 3: LittleORK ($25.15 in chips) 
Seat 4: STEALurM0NEY ($18.05 in chips) 
Seat 5: garrymdp ($9.40 in chips) 
Seat 6: Alameda22 ($24.50 in chips) 
Seat 7: 4220_max ($65.10 in chips) 
Seat 8: E.raiser.01 ($23.55 in chips) 
Seat 9: PLAYBOI23 ($12.60 in chips) 
LittleORK: posts small blind $0.10
STEALurM0NEY: posts big blind $0.25
*** HOLE CARDS ***
Dealt to Alameda22 [8c Ah]
garrymdp: folds 
Alameda22: folds 
4220_max: folds 
E.raiser.01: folds 
PLAYBOI23: folds 
gsxr_patrick: folds 
Usurpov: folds 
LittleORK: folds 
Uncalled bet ($0.15) returned to STEALurM0NEY
STEALurM0NEY collected $0.20 from pot
STEALurM0NEY: doesn't show hand 
4220_max leaves the table
*** SUMMARY ***
Total pot $0.20 | Rake $0 
Seat 1: gsxr_patrick folded before Flop (didn't bet)
Seat 2: Usurpov (button) folded before Flop (didn't bet)
Seat 3: LittleORK (small blind) folded before Flop
Seat 4: STEALurM0NEY (big blind) collected ($0.20)
Seat 5: garrymdp folded before Flop (didn't bet)
Seat 6: Alameda22 folded before Flop (didn't bet)
Seat 7: 4220_max folded before Flop (didn't bet)
Seat 8: E.raiser.01 folded before Flop (didn't bet)
Seat 9: PLAYBOI23 folded before Flop (didn't bet)



PokerStars Game #19838301951:  Hold'em No Limit ($0.10/$0.25) - 2008/08/23 - 14:15:41 (ET)
Table 'Menelaus III' 9-max Seat #3 is the button
Seat 1: gsxr_patrick ($31.40 in chips) 
Seat 2: Usurpov ($24.65 in chips) 
Seat 3: LittleORK ($25.05 in chips) 
Seat 4: STEALurM0NEY ($18.15 in chips) 
Seat 5: garrymdp ($9.40 in chips) 
Seat 6: Alameda22 ($24.50 in chips) 
Seat 8: E.raiser.01 ($23.55 in chips) 
Seat 9: PLAYBOI23 ($12.60 in chips) 
STEALurM0NEY: posts small blind $0.10
garrymdp: posts big blind $0.25
*** HOLE CARDS ***
Dealt to Alameda22 [Ac 4d]
Alameda22: folds 
skilljoy joins the table at seat #7 
E.raiser.01: calls $0.25
PLAYBOI23: folds 
gsxr_patrick: calls $0.25
Usurpov: folds 
LittleORK: calls $0.25
STEALurM0NEY: calls $0.15
garrymdp: checks 
*** FLOP *** [2c 5c 7d]
STEALurM0NEY: checks 
garrymdp: checks 
E.raiser.01: checks 
gsxr_patrick: checks 
LittleORK: bets $0.50
STEALurM0NEY: folds 
garrymdp: folds 
E.raiser.01: folds 
gsxr_patrick: folds 
Uncalled bet ($0.50) returned to LittleORK
LittleORK collected $1.20 from pot
*** SUMMARY ***
Total pot $1.25 | Rake $0.05 
Board [2c 5c 7d]
Seat 1: gsxr_patrick folded on the Flop
Seat 2: Usurpov folded before Flop (didn't bet)
Seat 3: LittleORK (button) collected ($1.20)
Seat 4: STEALurM0NEY (small blind) folded on the Flop
Seat 5: garrymdp (big blind) folded on the Flop
Seat 6: Alameda22 folded before Flop (didn't bet)
Seat 8: E.raiser.01 folded on the Flop
Seat 9: PLAYBOI23 folded before Flop (didn't bet)



PokerStars Game #19838338332:  Hold'em No Limit ($0.10/$0.25) - 2008/08/23 - 14:17:15 (ET)
Table 'Menelaus III' 9-max Seat #4 is the button
Seat 1: gsxr_patrick ($31.15 in chips) 
Seat 2: Usurpov ($24.65 in chips) 
Seat 3: LittleORK ($26 in chips) 
Seat 4: STEALurM0NEY ($17.90 in chips) 
Seat 5: garrymdp ($9.15 in chips) 
Seat 6: Alameda22 ($24.50 in chips) 
Seat 8: E.raiser.01 ($23.30 in chips) 
Seat 9: PLAYBOI23 ($12.60 in chips) 
garrymdp: posts small blind $0.10
Alameda22: posts big blind $0.25
skilljoy: sits out 
*** HOLE CARDS ***
Dealt to Alameda22 [4d 8c]
E.raiser.01: raises $0.75 to $1
PLAYBOI23: folds 
gsxr_patrick: calls $1
Usurpov: calls $1
LittleORK: folds 
STEALurM0NEY: folds 
garrymdp: folds 
Alameda22: folds 
*** FLOP *** [8s 9s Kd]
E.raiser.01: checks 
gsxr_patrick: bets $1
Usurpov: calls $1
E.raiser.01: folds 
*** TURN *** [8s 9s Kd] [6d]
gsxr_patrick: bets $2
Usurpov: calls $2
*** RIVER *** [8s 9s Kd 6d] [2c]
gsxr_patrick: bets $20
Usurpov: folds 
Uncalled bet ($20) returned to gsxr_patrick
gsxr_patrick collected $8.90 from pot
*** SUMMARY ***
Total pot $9.35 | Rake $0.45 
Board [8s 9s Kd 6d 2c]
Seat 1: gsxr_patrick collected ($8.90)
Seat 2: Usurpov folded on the River
Seat 3: LittleORK folded before Flop (didn't bet)
Seat 4: STEALurM0NEY (button) folded before Flop (didn't bet)
Seat 5: garrymdp (small blind) folded before Flop
Seat 6: Alameda22 (big blind) folded before Flop
Seat 8: E.raiser.01 folded on the Flop
Seat 9: PLAYBOI23 folded before Flop (didn't bet)



PokerStars Game #19838372640:  Hold'em No Limit ($0.10/$0.25) - 2008/08/23 - 14:18:44 (ET)
Table 'Menelaus III' 9-max Seat #5 is the button
Seat 1: gsxr_patrick ($36.05 in chips) 
Seat 2: Usurpov ($20.65 in chips) 
Seat 3: LittleORK ($26 in chips) 
Seat 4: STEALurM0NEY ($17.90 in chips) 
Seat 5: garrymdp ($9.05 in chips) 
Seat 6: Alameda22 ($24.25 in chips) 
Seat 7: skilljoy ($15 in chips) 
Seat 8: E.raiser.01 ($22.30 in chips) 
Seat 9: PLAYBOI23 ($12.60 in chips) 
Alameda22: posts small blind $0.10
skilljoy: posts big blind $0.25
*** HOLE CARDS ***
Dealt to Alameda22 [5d 4h]
E.raiser.01: raises $0.50 to $0.75
PLAYBOI23: folds 
gsxr_patrick: calls $0.75
Usurpov: folds 
LittleORK: raises $2.50 to $3.25
STEALurM0NEY: folds 
garrymdp: folds 
Alameda22: folds 
skilljoy: folds 
E.raiser.01: folds 
gsxr_patrick: folds 
Uncalled bet ($2.50) returned to LittleORK
LittleORK collected $2.60 from pot
*** SUMMARY ***
Total pot $2.60 | Rake $0 
Seat 1: gsxr_patrick folded before Flop
Seat 2: Usurpov folded before Flop (didn't bet)
Seat 3: LittleORK collected ($2.60)
Seat 4: STEALurM0NEY folded before Flop (didn't bet)
Seat 5: garrymdp (button) folded before Flop (didn't bet)
Seat 6: Alameda22 (small blind) folded before Flop
Seat 7: skilljoy (big blind) folded before Flop
Seat 8: E.raiser.01 folded before Flop
Seat 9: PLAYBOI23 folded before Flop (didn't bet)



PokerStars Game #19838393270:  Hold'em No Limit ($0.10/$0.25) - 2008/08/23 - 14:19:38 (ET)
Table 'Menelaus III' 9-max Seat #6 is the button
Seat 1: gsxr_patrick ($35.30 in chips) 
Seat 2: Usurpov ($25 in chips) 
Seat 3: LittleORK ($27.85 in chips) 
Seat 4: STEALurM0NEY ($17.90 in chips) 
Seat 5: garrymdp ($9.05 in chips) 
Seat 6: Alameda22 ($24.15 in chips) 
Seat 7: skilljoy ($14.75 in chips) 
Seat 8: E.raiser.01 ($21.55 in chips) 
Seat 9: PLAYBOI23 ($12.60 in chips) 
skilljoy: posts small blind $0.10
E.raiser.01: posts big blind $0.25
*** HOLE CARDS ***
Dealt to Alameda22 [Qc 2h]
PLAYBOI23: folds 
gsxr_patrick: calls $0.25
Usurpov: folds 
LittleORK: folds 
STEALurM0NEY: folds 
garrymdp: folds 
Alameda22: folds 
skilljoy: calls $0.15
E.raiser.01: checks 
*** FLOP *** [7h 5d Ah]
skilljoy: checks 
E.raiser.01: checks 
gsxr_patrick: checks 
*** TURN *** [7h 5d Ah] [4s]
skilljoy: checks 
E.raiser.01: checks 
gsxr_patrick: checks 
*** RIVER *** [7h 5d Ah 4s] [4d]
skilljoy: checks 
E.raiser.01: checks 
gsxr_patrick: checks 
*** SHOW DOWN ***
skilljoy: shows [9c 6c] (a pair of Fours)
E.raiser.01: shows [2s Kd] (a pair of Fours - Ace+King kicker)
gsxr_patrick: shows [7c Kc] (two pair, Sevens and Fours)
gsxr_patrick collected $0.75 from pot
*** SUMMARY ***
Total pot $0.75 | Rake $0 
Board [7h 5d Ah 4s 4d]
Seat 1: gsxr_patrick showed [7c Kc] and won ($0.75) with two pair, Sevens and Fours
Seat 2: Usurpov folded before Flop (didn't bet)
Seat 3: LittleORK folded before Flop (didn't bet)
Seat 4: STEALurM0NEY folded before Flop (didn't bet)
Seat 5: garrymdp folded before Flop (didn't bet)
Seat 6: Alameda22 (button) folded before Flop (didn't bet)
Seat 7: skilljoy (small blind) showed [9c 6c] and lost with a pair of Fours
Seat 8: E.raiser.01 (big blind) showed [2s Kd] and lost with a pair of Fours
Seat 9: PLAYBOI23 folded before Flop (didn't bet)



PokerStars Game #19838443187:  Hold'em No Limit ($0.10/$0.25) - 2008/08/23 - 14:21:48 (ET)
Table 'Menelaus III' 9-max Seat #7 is the button
Seat 1: gsxr_patrick ($35.80 in chips) 
Seat 2: Usurpov ($25 in chips) 
Seat 3: LittleORK ($27.85 in chips) 
Seat 4: STEALurM0NEY ($17.90 in chips) 
Seat 5: garrymdp ($9.05 in chips) 
Seat 6: Alameda22 ($24.15 in chips) 
Seat 7: skilljoy ($14.50 in chips) 
Seat 8: E.raiser.01 ($21.30 in chips) 
Seat 9: PLAYBOI23 ($12.60 in chips) 
E.raiser.01: posts small blind $0.10
PLAYBOI23: posts big blind $0.25
*** HOLE CARDS ***
Dealt to Alameda22 [Qd 7d]
gsxr_patrick: calls $0.25
Usurpov: folds 
LittleORK: folds 
STEALurM0NEY: folds 
garrymdp: folds 
Alameda22: folds 
skilljoy: folds 
E.raiser.01: folds 
PLAYBOI23: checks 
*** FLOP *** [8d 5c 2c]
PLAYBOI23: checks 
gsxr_patrick: bets $0.50
PLAYBOI23: folds 
Uncalled bet ($0.50) returned to gsxr_patrick
gsxr_patrick collected $0.60 from pot
gsxr_patrick: doesn't show hand 
*** SUMMARY ***
Total pot $0.60 | Rake $0 
Board [8d 5c 2c]
Seat 1: gsxr_patrick collected ($0.60)
Seat 2: Usurpov folded before Flop (didn't bet)
Seat 3: LittleORK folded before Flop (didn't bet)
Seat 4: STEALurM0NEY folded before Flop (didn't bet)
Seat 5: garrymdp folded before Flop (didn't bet)
Seat 6: Alameda22 folded before Flop (didn't bet)
Seat 7: skilljoy (button) folded before Flop (didn't bet)
Seat 8: E.raiser.01 (small blind) folded before Flop
Seat 9: PLAYBOI23 (big blind) folded on the Flop



PokerStars Game #19838475012:  Hold'em No Limit ($0.10/$0.25) - 2008/08/23 - 14:23:11 (ET)
Table 'Menelaus III' 9-max Seat #8 is the button
Seat 1: gsxr_patrick ($36.15 in chips) 
Seat 2: Usurpov ($25 in chips) 
Seat 3: LittleORK ($27.85 in chips) 
Seat 4: STEALurM0NEY ($17.90 in chips) 
Seat 5: garrymdp ($9.05 in chips) 
Seat 6: Alameda22 ($24.15 in chips) 
Seat 7: skilljoy ($14.50 in chips) 
Seat 8: E.raiser.01 ($21.20 in chips) 
Seat 9: PLAYBOI23 ($12.35 in chips) 
PLAYBOI23: posts small blind $0.10
gsxr_patrick: posts big blind $0.25
*** HOLE CARDS ***
Dealt to Alameda22 [9c 7c]
Usurpov: folds 
LittleORK: folds 
STEALurM0NEY: folds 
garrymdp: folds 
Alameda22: folds 
skilljoy: calls $0.25
E.raiser.01: raises $0.50 to $0.75
PLAYBOI23: folds 
gsxr_patrick: calls $0.50
skilljoy: folds 
*** FLOP *** [Qd 5c Th]
gsxr_patrick: checks 
E.raiser.01: bets $1.25
gsxr_patrick: calls $1.25
*** TURN *** [Qd 5c Th] [4s]
gsxr_patrick: checks 
E.raiser.01: checks 
*** RIVER *** [Qd 5c Th 4s] [4d]
gsxr_patrick: bets $0.50
E.raiser.01: folds 
Uncalled bet ($0.50) returned to gsxr_patrick
gsxr_patrick collected $4.15 from pot
gsxr_patrick: doesn't show hand 
*** SUMMARY ***
Total pot $4.35 | Rake $0.20 
Board [Qd 5c Th 4s 4d]
Seat 1: gsxr_patrick (big blind) collected ($4.15)
Seat 2: Usurpov folded before Flop (didn't bet)
Seat 3: LittleORK folded before Flop (didn't bet)
Seat 4: STEALurM0NEY folded before Flop (didn't bet)
Seat 5: garrymdp folded before Flop (didn't bet)
Seat 6: Alameda22 folded before Flop (didn't bet)
Seat 7: skilljoy folded before Flop
Seat 8: E.raiser.01 (button) folded on the River
Seat 9: PLAYBOI23 (small blind) folded before Flop



PokerStars Game #19838522955:  Hold'em No Limit ($0.10/$0.25) - 2008/08/23 - 14:25:16 (ET)
Table 'Menelaus III' 9-max Seat #9 is the button
Seat 1: gsxr_patrick ($38.30 in chips) 
Seat 2: Usurpov ($25 in chips) 
Seat 3: LittleORK ($27.85 in chips) 
Seat 4: STEALurM0NEY ($17.90 in chips) 
Seat 5: garrymdp ($9.05 in chips) 
Seat 6: Alameda22 ($24.15 in chips) 
Seat 7: skilljoy ($14.25 in chips) 
Seat 8: E.raiser.01 ($19.20 in chips) 
Seat 9: PLAYBOI23 ($12.25 in chips) 
gsxr_patrick: posts small blind $0.10
Usurpov: posts big blind $0.25
*** HOLE CARDS ***
Dealt to Alameda22 [2s Qd]
LittleORK: folds 
STEALurM0NEY: raises $0.35 to $0.60
garrymdp: folds 
Alameda22: folds 
skilljoy: folds 
E.raiser.01: folds 
PLAYBOI23: folds 
gsxr_patrick: calls $0.50
Usurpov: folds 
*** FLOP *** [Kd 5c 7s]
gsxr_patrick: checks 
STEALurM0NEY: checks 
*** TURN *** [Kd 5c 7s] [3h]
gsxr_patrick: checks 
STEALurM0NEY: checks 
*** RIVER *** [Kd 5c 7s 3h] [Tc]
gsxr_patrick: checks 
STEALurM0NEY: checks 
*** SHOW DOWN ***
gsxr_patrick: shows [4d 9c] (high card King)
STEALurM0NEY: shows [As 8c] (high card Ace)
STEALurM0NEY collected $1.40 from pot
*** SUMMARY ***
Total pot $1.45 | Rake $0.05 
Board [Kd 5c 7s 3h Tc]
Seat 1: gsxr_patrick (small blind) showed [4d 9c] and lost with high card King
Seat 2: Usurpov (big blind) folded before Flop
Seat 3: LittleORK folded before Flop (didn't bet)
Seat 4: STEALurM0NEY showed [As 8c] and won ($1.40) with high card Ace
Seat 5: garrymdp folded before Flop (didn't bet)
Seat 6: Alameda22 folded before Flop (didn't bet)
Seat 7: skilljoy folded before Flop (didn't bet)
Seat 8: E.raiser.01 folded before Flop (didn't bet)
Seat 9: PLAYBOI23 (button) folded before Flop (didn't bet)



PokerStars Game #19838550609:  Hold'em No Limit ($0.10/$0.25) - 2008/08/23 - 14:26:28 (ET)
Table 'Menelaus III' 9-max Seat #1 is the button
Seat 1: gsxr_patrick ($37.70 in chips) 
Seat 2: Usurpov ($24.75 in chips) 
Seat 3: LittleORK ($27.85 in chips) 
Seat 4: STEALurM0NEY ($18.70 in chips) 
Seat 5: garrymdp ($9.05 in chips) 
Seat 6: Alameda22 ($24.15 in chips) 
Seat 7: skilljoy ($14.25 in chips) 
Seat 8: E.raiser.01 ($19.20 in chips) 
Seat 9: PLAYBOI23 ($12.25 in chips) 
Usurpov: posts small blind $0.10
LittleORK: posts big blind $0.25
*** HOLE CARDS ***
Dealt to Alameda22 [2s 8s]
STEALurM0NEY: folds 
garrymdp: calls $0.25
Alameda22: folds 
skilljoy: folds 
E.raiser.01: raises $0.75 to $1
PLAYBOI23: folds 
gsxr_patrick: calls $1
Usurpov: folds 
LittleORK: folds 
garrymdp: folds 
*** FLOP *** [Qs Ks Th]
E.raiser.01: checks 
gsxr_patrick: bets $1
E.raiser.01: calls $1
*** TURN *** [Qs Ks Th] [3h]
E.raiser.01: checks 
gsxr_patrick: bets $2
E.raiser.01: folds 
Uncalled bet ($2) returned to gsxr_patrick
gsxr_patrick collected $4.40 from pot
gsxr_patrick: doesn't show hand 
*** SUMMARY ***
Total pot $4.60 | Rake $0.20 
Board [Qs Ks Th 3h]
Seat 1: gsxr_patrick (button) collected ($4.40)
Seat 2: Usurpov (small blind) folded before Flop
Seat 3: LittleORK (big blind) folded before Flop
Seat 4: STEALurM0NEY folded before Flop (didn't bet)
Seat 5: garrymdp folded before Flop
Seat 6: Alameda22 folded before Flop (didn't bet)
Seat 7: skilljoy folded before Flop (didn't bet)
Seat 8: E.raiser.01 folded on the Turn
Seat 9: PLAYBOI23 folded before Flop (didn't bet)



PokerStars Game #19838590146:  Hold'em No Limit ($0.10/$0.25) - 2008/08/23 - 14:28:11 (ET)
Table 'Menelaus III' 9-max Seat #2 is the button
Seat 1: gsxr_patrick ($40.10 in chips) 
Seat 2: Usurpov ($24.65 in chips) 
Seat 3: LittleORK ($27.60 in chips) 
Seat 4: STEALurM0NEY ($18.70 in chips) 
Seat 5: garrymdp ($8.80 in chips) 
Seat 6: Alameda22 ($24.15 in chips) 
Seat 7: skilljoy ($14.25 in chips) 
Seat 8: E.raiser.01 ($17.20 in chips) 
Seat 9: PLAYBOI23 ($12.25 in chips) 
LittleORK: posts small blind $0.10
STEALurM0NEY: posts big blind $0.25
*** HOLE CARDS ***
Dealt to Alameda22 [Kh Tc]
garrymdp: folds 
Alameda22: folds 
skilljoy: folds 
E.raiser.01: folds 
PLAYBOI23: folds 
gsxr_patrick: calls $0.25
Usurpov: folds 
LittleORK: folds 
STEALurM0NEY: checks 
*** FLOP *** [3c Qd 3d]
STEALurM0NEY: checks 
gsxr_patrick: bets $0.50
STEALurM0NEY: folds 
Uncalled bet ($0.50) returned to gsxr_patrick
gsxr_patrick collected $0.60 from pot
gsxr_patrick: doesn't show hand 
*** SUMMARY ***
Total pot $0.60 | Rake $0 
Board [3c Qd 3d]
Seat 1: gsxr_patrick collected ($0.60)
Seat 2: Usurpov (button) folded before Flop (didn't bet)
Seat 3: LittleORK (small blind) folded before Flop
Seat 4: STEALurM0NEY (big blind) folded on the Flop
Seat 5: garrymdp folded before Flop (didn't bet)
Seat 6: Alameda22 folded before Flop (didn't bet)
Seat 7: skilljoy folded before Flop (didn't bet)
Seat 8: E.raiser.01 folded before Flop (didn't bet)
Seat 9: PLAYBOI23 folded before Flop (didn't bet)



PokerStars Game #19838607350:  Hold'em No Limit ($0.10/$0.25) - 2008/08/23 - 14:28:56 (ET)
Table 'Menelaus III' 9-max Seat #3 is the button
Seat 1: gsxr_patrick ($40.45 in chips) 
Seat 2: Usurpov ($24.65 in chips) 
Seat 3: LittleORK ($27.50 in chips) 
Seat 4: STEALurM0NEY ($18.45 in chips) 
Seat 5: garrymdp ($8.80 in chips) 
Seat 6: Alameda22 ($24.15 in chips) 
Seat 7: skilljoy ($14.25 in chips) 
Seat 8: E.raiser.01 ($17.20 in chips) 
Seat 9: PLAYBOI23 ($12.25 in chips) 
STEALurM0NEY: posts small blind $0.10
garrymdp: posts big blind $0.25
*** HOLE CARDS ***
Dealt to Alameda22 [2c 6c]
Alameda22: folds 
skilljoy: folds 
E.raiser.01: folds 
PLAYBOI23: folds 
gsxr_patrick: folds 
Usurpov: folds 
LittleORK: folds 
STEALurM0NEY: folds 
Uncalled bet ($0.15) returned to garrymdp
garrymdp collected $0.20 from pot
garrymdp leaves the table
*** SUMMARY ***
Total pot $0.20 | Rake $0 
Seat 1: gsxr_patrick folded before Flop (didn't bet)
Seat 2: Usurpov folded before Flop (didn't bet)
Seat 3: LittleORK (button) folded before Flop (didn't bet)
Seat 4: STEALurM0NEY (small blind) folded before Flop
Seat 5: garrymdp (big blind) collected ($0.20)
Seat 6: Alameda22 folded before Flop (didn't bet)
Seat 7: skilljoy folded before Flop (didn't bet)
Seat 8: E.raiser.01 folded before Flop (didn't bet)
Seat 9: PLAYBOI23 folded before Flop (didn't bet)



PokerStars Game #19838629258:  Hold'em No Limit ($0.10/$0.25) - 2008/08/23 - 14:29:55 (ET)
Table 'Menelaus III' 9-max Seat #4 is the button
Seat 1: gsxr_patrick ($40.45 in chips) 
Seat 2: Usurpov ($24.65 in chips) 
Seat 3: LittleORK ($27.50 in chips) 
Seat 4: STEALurM0NEY ($18.35 in chips) 
Seat 6: Alameda22 ($24.15 in chips) 
Seat 8: E.raiser.01 ($17.20 in chips) 
Seat 9: PLAYBOI23 ($12.25 in chips) 
Alameda22: posts small blind $0.10
skilljoy: is sitting out 
E.raiser.01: posts big blind $0.25
*** HOLE CARDS ***
Dealt to Alameda22 [8d Qh]
realoli234 joins the table at seat #5 
skilljoy leaves the table
PLAYBOI23: folds 
gsxr_patrick: folds 
Usurpov: folds 
LittleORK: folds 
STEALurM0NEY: folds 
Alameda22: folds 
Uncalled bet ($0.15) returned to E.raiser.01
E.raiser.01 collected $0.20 from pot
*** SUMMARY ***
Total pot $0.20 | Rake $0 
Seat 1: gsxr_patrick folded before Flop (didn't bet)
Seat 2: Usurpov folded before Flop (didn't bet)
Seat 3: LittleORK folded before Flop (didn't bet)
Seat 4: STEALurM0NEY (button) folded before Flop (didn't bet)
Seat 6: Alameda22 (small blind) folded before Flop
Seat 8: E.raiser.01 (big blind) collected ($0.20)
Seat 9: PLAYBOI23 folded before Flop (didn't bet)



PokerStars Game #19838640367:  Hold'em No Limit ($0.10/$0.25) - 2008/08/23 - 14:30:23 (ET)
Table 'Menelaus III' 9-max Seat #6 is the button
Seat 1: gsxr_patrick ($40.45 in chips) 
Seat 2: Usurpov ($24.65 in chips) 
Seat 3: LittleORK ($27.50 in chips) 
Seat 4: STEALurM0NEY ($18.35 in chips) 
Seat 6: Alameda22 ($24.05 in chips) 
Seat 8: E.raiser.01 ($17.30 in chips) 
E.raiser.01: posts small blind $0.10
PLAYBOI23: is sitting out 
PLAYBOI23 leaves the table
gsxr_patrick: posts big blind $0.25
realoli234: sits out 
*** HOLE CARDS ***
Dealt to Alameda22 [7c 3d]
Usurpov: folds 
LittleORK: folds 
LittleORK is sitting out
STEALurM0NEY: calls $0.25
Alameda22: folds 
E.raiser.01: folds 
gsxr_patrick: checks 
*** FLOP *** [6d Ah 2c]
gsxr_patrick: bets $0.50
STEALurM0NEY: folds 
Uncalled bet ($0.50) returned to gsxr_patrick
gsxr_patrick collected $0.60 from pot
gsxr_patrick: doesn't show hand 
*** SUMMARY ***
Total pot $0.60 | Rake $0 
Board [6d Ah 2c]
Seat 1: gsxr_patrick (big blind) collected ($0.60)
Seat 2: Usurpov folded before Flop (didn't bet)
Seat 3: LittleORK folded before Flop (didn't bet)
Seat 4: STEALurM0NEY folded on the Flop
Seat 6: Alameda22 (button) folded before Flop (didn't bet)
Seat 8: E.raiser.01 (small blind) folded before Flop



PokerStars Game #19838668836:  Hold'em No Limit ($0.10/$0.25) - 2008/08/23 - 14:31:36 (ET)
Table 'Menelaus III' 9-max Seat #8 is the button
Seat 1: gsxr_patrick ($40.80 in chips) 
Seat 2: Usurpov ($24.65 in chips) 
Seat 4: STEALurM0NEY ($18.10 in chips) 
Seat 6: Alameda22 ($24.05 in chips) 
Seat 8: E.raiser.01 ($17.20 in chips) 
gsxr_patrick: posts small blind $0.10
Usurpov: posts big blind $0.25
realoli234: sits out 
*** HOLE CARDS ***
Dealt to Alameda22 [8c 6h]
STEALurM0NEY: folds 
Alameda22: folds 
E.raiser.01: folds 
gsxr_patrick: calls $0.15
Usurpov: checks 
*** FLOP *** [Qc 3c As]
gsxr_patrick: bets $0.50
Usurpov: folds 
Uncalled bet ($0.50) returned to gsxr_patrick
gsxr_patrick collected $0.50 from pot
gsxr_patrick: doesn't show hand 
*** SUMMARY ***
Total pot $0.50 | Rake $0 
Board [Qc 3c As]
Seat 1: gsxr_patrick (small blind) collected ($0.50)
Seat 2: Usurpov (big blind) folded on the Flop
Seat 4: STEALurM0NEY folded before Flop (didn't bet)
Seat 6: Alameda22 folded before Flop (didn't bet)
Seat 8: E.raiser.01 (button) folded before Flop (didn't bet)



PokerStars Game #19838685091:  Hold'em No Limit ($0.10/$0.25) - 2008/08/23 - 14:32:19 (ET)
Table 'Menelaus III' 9-max Seat #1 is the button
Seat 1: gsxr_patrick ($41.05 in chips) 
Seat 2: Usurpov ($24.40 in chips) 
Seat 4: STEALurM0NEY ($18.10 in chips) 
Seat 6: Alameda22 ($24.05 in chips) 
Seat 8: E.raiser.01 ($17.20 in chips) 
Usurpov: posts small blind $0.10
STEALurM0NEY: posts big blind $0.25
realoli234: sits out 
*** HOLE CARDS ***
Dealt to Alameda22 [Tc 4c]
Alameda22: folds 
E.raiser.01: raises $0.75 to $1
gsxr_patrick: calls $1
Usurpov: folds 
STEALurM0NEY: folds 
*** FLOP *** [Kc 5d Jh]
E.raiser.01: bets $1.50
gsxr_patrick: folds 
Uncalled bet ($1.50) returned to E.raiser.01
E.raiser.01 collected $2.25 from pot
*** SUMMARY ***
Total pot $2.35 | Rake $0.10 
Board [Kc 5d Jh]
Seat 1: gsxr_patrick (button) folded on the Flop
Seat 2: Usurpov (small blind) folded before Flop
Seat 4: STEALurM0NEY (big blind) folded before Flop
Seat 6: Alameda22 folded before Flop (didn't bet)
Seat 8: E.raiser.01 collected ($2.25)



PokerStars Game #19838704168:  Hold'em No Limit ($0.10/$0.25) - 2008/08/23 - 14:33:10 (ET)
Table 'Menelaus III' 9-max Seat #2 is the button
Seat 1: gsxr_patrick ($40.05 in chips) 
Seat 2: Usurpov ($24.30 in chips) 
Seat 4: STEALurM0NEY ($17.85 in chips) 
Seat 5: realoli234 ($5 in chips) 
Seat 6: Alameda22 ($24.05 in chips) 
Seat 8: E.raiser.01 ($18.45 in chips) 
STEALurM0NEY: posts small blind $0.10
realoli234: posts big blind $0.25
*** HOLE CARDS ***
Dealt to Alameda22 [Ks Ts]
Alameda22: folds 
II FISH II joins the table at seat #7 
E.raiser.01: folds 
gsxr_patrick: calls $0.25
Usurpov: folds 
kylescash joins the table at seat #9 
STEALurM0NEY: calls $0.15
realoli234: checks 
*** FLOP *** [Jc Ah Qd]
STEALurM0NEY: checks 
realoli234: checks 
gsxr_patrick: bets $0.50
STEALurM0NEY: folds 
realoli234: folds 
Uncalled bet ($0.50) returned to gsxr_patrick
gsxr_patrick collected $0.75 from pot
gsxr_patrick: doesn't show hand 
*** SUMMARY ***
Total pot $0.75 | Rake $0 
Board [Jc Ah Qd]
Seat 1: gsxr_patrick collected ($0.75)
Seat 2: Usurpov (button) folded before Flop (didn't bet)
Seat 4: STEALurM0NEY (small blind) folded on the Flop
Seat 5: realoli234 (big blind) folded on the Flop
Seat 6: Alameda22 folded before Flop (didn't bet)
Seat 8: E.raiser.01 folded before Flop (didn't bet)



PokerStars Game #19838727076:  Hold'em No Limit ($0.10/$0.25) - 2008/08/23 - 14:34:10 (ET)
Table 'Menelaus III' 9-max Seat #4 is the button
Seat 1: gsxr_patrick ($40.55 in chips) 
Seat 2: Usurpov ($24.30 in chips) 
Seat 4: STEALurM0NEY ($17.60 in chips) 
Seat 5: realoli234 ($4.75 in chips) 
Seat 6: Alameda22 ($24.05 in chips) 
Seat 8: E.raiser.01 ($18.45 in chips) 
Seat 9: kylescash ($15 in chips) 
realoli234: posts small blind $0.10
Alameda22: posts big blind $0.25
II FISH II: sits out 
kylescash: posts big blind $0.25
*** HOLE CARDS ***
Dealt to Alameda22 [7h 5c]
E.raiser.01: folds 
kylescash: raises $0.25 to $0.50
gsxr_patrick: folds 
Usurpov: folds 
STEALurM0NEY: folds 
realoli234: folds 
Alameda22: folds 
Uncalled bet ($0.25) returned to kylescash
kylescash collected $0.60 from pot
*** SUMMARY ***
Total pot $0.60 | Rake $0 
Seat 1: gsxr_patrick folded before Flop (didn't bet)
Seat 2: Usurpov folded before Flop (didn't bet)
Seat 4: STEALurM0NEY (button) folded before Flop (didn't bet)
Seat 5: realoli234 (small blind) folded before Flop
Seat 6: Alameda22 (big blind) folded before Flop
Seat 8: E.raiser.01 folded before Flop (didn't bet)
Seat 9: kylescash collected ($0.60)



PokerStars Game #19838744426:  Hold'em No Limit ($0.10/$0.25) - 2008/08/23 - 14:34:56 (ET)
Table 'Menelaus III' 9-max Seat #5 is the button
Seat 1: gsxr_patrick ($40.55 in chips) 
Seat 2: Usurpov ($24.30 in chips) 
Seat 4: STEALurM0NEY ($17.60 in chips) 
Seat 5: realoli234 ($4.65 in chips) 
Seat 6: Alameda22 ($23.80 in chips) 
Seat 7: II FISH II ($15 in chips) 
Seat 8: E.raiser.01 ($18.45 in chips) 
Seat 9: kylescash ($15.35 in chips) 
Alameda22: posts small blind $0.10
II FISH II: posts big blind $0.25
*** HOLE CARDS ***
Dealt to Alameda22 [3c Ac]
E.raiser.01: calls $0.25
kylescash: calls $0.25
gsxr_patrick: folds 
Usurpov: folds 
STEALurM0NEY: calls $0.25
realoli234: folds 
Alameda22: calls $0.15
II FISH II: checks 
*** FLOP *** [8c 3s 7s]
Alameda22: checks 
II FISH II: bets $0.25
E.raiser.01: folds 
kylescash: folds 
STEALurM0NEY: folds 
Alameda22: folds 
Uncalled bet ($0.25) returned to II FISH II
II FISH II collected $1.20 from pot
*** SUMMARY ***
Total pot $1.25 | Rake $0.05 
Board [8c 3s 7s]
Seat 1: gsxr_patrick folded before Flop (didn't bet)
Seat 2: Usurpov folded before Flop (didn't bet)
Seat 4: STEALurM0NEY folded on the Flop
Seat 5: realoli234 (button) folded before Flop (didn't bet)
Seat 6: Alameda22 (small blind) folded on the Flop
Seat 7: II FISH II (big blind) collected ($1.20)
Seat 8: E.raiser.01 folded on the Flop
Seat 9: kylescash folded on the Flop



PokerStars Game #19838764368:  Hold'em No Limit ($0.10/$0.25) - 2008/08/23 - 14:35:49 (ET)
Table 'Menelaus III' 9-max Seat #6 is the button
Seat 1: gsxr_patrick ($40.55 in chips) 
Seat 2: Usurpov ($24.30 in chips) 
Seat 4: STEALurM0NEY ($17.35 in chips) 
Seat 5: realoli234 ($4.65 in chips) 
Seat 6: Alameda22 ($23.55 in chips) 
Seat 7: II FISH II ($15.95 in chips) 
Seat 8: E.raiser.01 ($18.20 in chips) 
Seat 9: kylescash ($15.10 in chips) 
II FISH II: posts small blind $0.10
E.raiser.01: posts big blind $0.25
*** HOLE CARDS ***
Dealt to Alameda22 [Qc 9c]
kylescash: folds 
gsxr_patrick: folds 
Usurpov: folds 
STEALurM0NEY: folds 
realoli234: folds 
Alameda22: raises $0.50 to $0.75
II FISH II: folds 
E.raiser.01: raises $1.25 to $2
Alameda22: calls $1.25
*** FLOP *** [8c Th 2c]
E.raiser.01: bets $3.25
Alameda22: raises $18.30 to $21.55 and is all-in
E.raiser.01 said, "?"
E.raiser.01 said, "88?"
LittleORK has returned
E.raiser.01 said, "F...G DAY"
E.raiser.01: folds 
Uncalled bet ($18.30) returned to Alameda22
Alameda22 collected $10.10 from pot
Alameda22: doesn't show hand 
*** SUMMARY ***
Total pot $10.60 | Rake $0.50 
Board [8c Th 2c]
Seat 1: gsxr_patrick folded before Flop (didn't bet)
Seat 2: Usurpov folded before Flop (didn't bet)
Seat 4: STEALurM0NEY folded before Flop (didn't bet)
Seat 5: realoli234 folded before Flop (didn't bet)
Seat 6: Alameda22 (button) collected ($10.10)
Seat 7: II FISH II (small blind) folded before Flop
Seat 8: E.raiser.01 (big blind) folded on the Flop
Seat 9: kylescash folded before Flop (didn't bet)



PokerStars Game #19838811200:  Hold'em No Limit ($0.10/$0.25) - 2008/08/23 - 14:37:53 (ET)
Table 'Menelaus III' 9-max Seat #7 is the button
Seat 1: gsxr_patrick ($40.55 in chips) 
Seat 2: Usurpov ($24.30 in chips) 
Seat 3: LittleORK ($27.50 in chips) 
Seat 4: STEALurM0NEY ($17.35 in chips) 
Seat 5: realoli234 ($4.65 in chips) 
Seat 6: Alameda22 ($28.40 in chips) 
Seat 7: II FISH II ($15.85 in chips) 
Seat 8: E.raiser.01 ($12.95 in chips) 
Seat 9: kylescash ($15.10 in chips) 
E.raiser.01: posts small blind $0.10
kylescash: posts big blind $0.25
LittleORK: posts small & big blinds $0.35
*** HOLE CARDS ***
Dealt to Alameda22 [9s Js]
gsxr_patrick: folds 
Usurpov: folds 
LittleORK: checks 
STEALurM0NEY: raises $0.75 to $1
realoli234: folds 
Alameda22: folds 
II FISH II: folds 
E.raiser.01: folds 
kylescash: calls $0.75
LittleORK: folds 
*** FLOP *** [Ks 4d 6d]
kylescash: checks 
STEALurM0NEY: bets $1.50
kylescash: calls $1.50
*** TURN *** [Ks 4d 6d] [Ts]
kylescash: checks 
STEALurM0NEY: bets $3.75
kylescash: folds 
Uncalled bet ($3.75) returned to STEALurM0NEY
STEALurM0NEY collected $5.20 from pot
STEALurM0NEY: doesn't show hand 
*** SUMMARY ***
Total pot $5.45 | Rake $0.25 
Board [Ks 4d 6d Ts]
Seat 1: gsxr_patrick folded before Flop (didn't bet)
Seat 2: Usurpov folded before Flop (didn't bet)
Seat 3: LittleORK folded before Flop
Seat 4: STEALurM0NEY collected ($5.20)
Seat 5: realoli234 folded before Flop (didn't bet)
Seat 6: Alameda22 folded before Flop (didn't bet)
Seat 7: II FISH II (button) folded before Flop (didn't bet)
Seat 8: E.raiser.01 (small blind) folded before Flop
Seat 9: kylescash (big blind) folded on the Turn



PokerStars Game #19838831798:  Hold'em No Limit ($0.10/$0.25) - 2008/08/23 - 14:38:48 (ET)
Table 'Menelaus III' 9-max Seat #8 is the button
Seat 1: gsxr_patrick ($40.55 in chips) 
Seat 2: Usurpov ($24.30 in chips) 
Seat 3: LittleORK ($27.15 in chips) 
Seat 4: STEALurM0NEY ($20.05 in chips) 
Seat 5: realoli234 ($4.65 in chips) 
Seat 6: Alameda22 ($28.40 in chips) 
Seat 7: II FISH II ($15.85 in chips) 
Seat 8: E.raiser.01 ($12.85 in chips) 
Seat 9: kylescash ($12.60 in chips) 
kylescash: posts small blind $0.10
gsxr_patrick: posts big blind $0.25
*** HOLE CARDS ***
Dealt to Alameda22 [Jc Jd]
Usurpov: folds 
LittleORK: raises $0.50 to $0.75
STEALurM0NEY: folds 
realoli234: folds 
Alameda22: raises $1.50 to $2.25
II FISH II: folds 
E.raiser.01: folds 
kylescash: folds 
gsxr_patrick: folds 
LittleORK: folds 
Uncalled bet ($1.50) returned to Alameda22
Alameda22 collected $1.85 from pot
Alameda22: doesn't show hand 
*** SUMMARY ***
Total pot $1.85 | Rake $0 
Seat 1: gsxr_patrick (big blind) folded before Flop
Seat 2: Usurpov folded before Flop (didn't bet)
Seat 3: LittleORK folded before Flop
Seat 4: STEALurM0NEY folded before Flop (didn't bet)
Seat 5: realoli234 folded before Flop (didn't bet)
Seat 6: Alameda22 collected ($1.85)
Seat 7: II FISH II folded before Flop (didn't bet)
Seat 8: E.raiser.01 (button) folded before Flop (didn't bet)
Seat 9: kylescash (small blind) folded before Flop



PokerStars Game #19838853537:  Hold'em No Limit ($0.10/$0.25) - 2008/08/23 - 14:39:46 (ET)
Table 'Menelaus III' 9-max Seat #9 is the button
Seat 1: gsxr_patrick ($40.30 in chips) 
Seat 2: Usurpov ($24.30 in chips) 
Seat 3: LittleORK ($26.40 in chips) 
Seat 4: STEALurM0NEY ($20.05 in chips) 
Seat 5: realoli234 ($4.65 in chips) 
Seat 6: Alameda22 ($29.50 in chips) 
Seat 7: II FISH II ($15.85 in chips) 
Seat 8: E.raiser.01 ($12.85 in chips) 
Seat 9: kylescash ($12.50 in chips) 
gsxr_patrick: posts small blind $0.10
Usurpov: posts big blind $0.25
*** HOLE CARDS ***
Dealt to Alameda22 [4c Tc]
LittleORK: folds 
STEALurM0NEY: folds 
realoli234: calls $0.25
Alameda22: folds 
II FISH II: calls $0.25
E.raiser.01: folds 
kylescash: calls $0.25
gsxr_patrick: calls $0.15
Usurpov: checks 
*** FLOP *** [3h Qc 6d]
STEALurM0NEY leaves the table
gsxr_patrick: checks 
Usurpov: checks 
realoli234: checks 
II FISH II: checks 
kylescash: bets $0.25
gsxr_patrick: calls $0.25
Usurpov: folds 
realoli234: folds 
II FISH II: folds 
*** TURN *** [3h Qc 6d] [3d]
gsxr_patrick: checks 
kylescash: checks 
*** RIVER *** [3h Qc 6d 3d] [Jh]
gsxr_patrick: bets $0.75
kylescash: calls $0.75
*** SHOW DOWN ***
gsxr_patrick: shows [7c 5h] (a pair of Threes)
kylescash: shows [4h 6h] (two pair, Sixes and Threes)
kylescash collected $3.10 from pot
*** SUMMARY ***
Total pot $3.25 | Rake $0.15 
Board [3h Qc 6d 3d Jh]
Seat 1: gsxr_patrick (small blind) showed [7c 5h] and lost with a pair of Threes
Seat 2: Usurpov (big blind) folded on the Flop
Seat 3: LittleORK folded before Flop (didn't bet)
Seat 4: STEALurM0NEY folded before Flop (didn't bet)
Seat 5: realoli234 folded on the Flop
Seat 6: Alameda22 folded before Flop (didn't bet)
Seat 7: II FISH II folded on the Flop
Seat 8: E.raiser.01 folded before Flop (didn't bet)
Seat 9: kylescash (button) showed [4h 6h] and won ($3.10) with two pair, Sixes and Threes



PokerStars Game #19838884613:  Hold'em No Limit ($0.10/$0.25) - 2008/08/23 - 14:41:07 (ET)
Table 'Menelaus III' 9-max Seat #1 is the button
Seat 1: gsxr_patrick ($39.05 in chips) 
Seat 2: Usurpov ($24.05 in chips) 
Seat 3: LittleORK ($26.40 in chips) 
Seat 5: realoli234 ($4.40 in chips) 
Seat 6: Alameda22 ($29.50 in chips) 
Seat 7: II FISH II ($15.60 in chips) 
Seat 8: E.raiser.01 ($12.85 in chips) 
Seat 9: kylescash ($14.35 in chips) 
Usurpov: posts small blind $0.10
LittleORK: posts big blind $0.25
*** HOLE CARDS ***
Dealt to Alameda22 [8s 6h]
realoli234: folds 
lastboss84 joins the table at seat #4 
Alameda22: folds 
II FISH II: folds 
E.raiser.01: raises $0.50 to $0.75
kylescash: folds 
gsxr_patrick: folds 
Usurpov: folds 
LittleORK: folds 
Uncalled bet ($0.50) returned to E.raiser.01
E.raiser.01 collected $0.60 from pot
*** SUMMARY ***
Total pot $0.60 | Rake $0 
Seat 1: gsxr_patrick (button) folded before Flop (didn't bet)
Seat 2: Usurpov (small blind) folded before Flop
Seat 3: LittleORK (big blind) folded before Flop
Seat 5: realoli234 folded before Flop (didn't bet)
Seat 6: Alameda22 folded before Flop (didn't bet)
Seat 7: II FISH II folded before Flop (didn't bet)
Seat 8: E.raiser.01 collected ($0.60)
Seat 9: kylescash folded before Flop (didn't bet)



PokerStars Game #19838908736:  Hold'em No Limit ($0.10/$0.25) - 2008/08/23 - 14:42:09 (ET)
Table 'Menelaus III' 9-max Seat #2 is the button
Seat 1: gsxr_patrick ($39.05 in chips) 
Seat 2: Usurpov ($23.95 in chips) 
Seat 3: LittleORK ($26.15 in chips) 
Seat 4: lastboss84 ($8 in chips) 
Seat 5: realoli234 ($4.40 in chips) 
Seat 6: Alameda22 ($29.50 in chips) 
Seat 7: II FISH II ($15.60 in chips) 
Seat 8: E.raiser.01 ($13.20 in chips) 
Seat 9: kylescash ($14.35 in chips) 
LittleORK: posts small blind $0.10
lastboss84: posts big blind $0.25
*** HOLE CARDS ***
Dealt to Alameda22 [Qd 6h]
realoli234: folds 
Alameda22: folds 
II FISH II: calls $0.25
E.raiser.01: folds 
kylescash: calls $0.25
gsxr_patrick: calls $0.25
Usurpov: calls $0.25
LittleORK: folds 
lastboss84: checks 
*** FLOP *** [2c 6c 4h]
lastboss84: checks 
II FISH II: checks 
kylescash: bets $0.25
gsxr_patrick: folds 
Usurpov: calls $0.25
lastboss84: calls $0.25
II FISH II: calls $0.25
*** TURN *** [2c 6c 4h] [7d]
lastboss84: checks 
II FISH II: checks 
kylescash: checks 
Usurpov: checks 
*** RIVER *** [2c 6c 4h 7d] [3c]
lastboss84: checks 
II FISH II: checks 
kylescash: checks 
Usurpov: bets $2.50
lastboss84: folds 
II FISH II: folds 
kylescash: folds 
Uncalled bet ($2.50) returned to Usurpov
Usurpov collected $2.25 from pot
Usurpov: doesn't show hand 
*** SUMMARY ***
Total pot $2.35 | Rake $0.10 
Board [2c 6c 4h 7d 3c]
Seat 1: gsxr_patrick folded on the Flop
Seat 2: Usurpov (button) collected ($2.25)
Seat 3: LittleORK (small blind) folded before Flop
Seat 4: lastboss84 (big blind) folded on the River
Seat 5: realoli234 folded before Flop (didn't bet)
Seat 6: Alameda22 folded before Flop (didn't bet)
Seat 7: II FISH II folded on the River
Seat 8: E.raiser.01 folded before Flop (didn't bet)
Seat 9: kylescash folded on the River



PokerStars Game #19838949410:  Hold'em No Limit ($0.10/$0.25) - 2008/08/23 - 14:43:55 (ET)
Table 'Menelaus III' 9-max Seat #3 is the button
Seat 1: gsxr_patrick ($38.80 in chips) 
Seat 2: Usurpov ($25.70 in chips) 
Seat 3: LittleORK ($26.05 in chips) 
Seat 4: lastboss84 ($7.50 in chips) 
Seat 5: realoli234 ($4.40 in chips) 
Seat 6: Alameda22 ($29.50 in chips) 
Seat 7: II FISH II ($15.10 in chips) 
Seat 8: E.raiser.01 ($13.20 in chips) 
Seat 9: kylescash ($13.85 in chips) 
lastboss84: posts small blind $0.10
realoli234: posts big blind $0.25
*** HOLE CARDS ***
Dealt to Alameda22 [2h 3d]
Alameda22: folds 
II FISH II: folds 
E.raiser.01: raises $0.50 to $0.75
kylescash: folds 
gsxr_patrick: folds 
Usurpov: folds 
LittleORK: folds 
lastboss84: folds 
realoli234: folds 
Uncalled bet ($0.50) returned to E.raiser.01
E.raiser.01 collected $0.60 from pot
*** SUMMARY ***
Total pot $0.60 | Rake $0 
Seat 1: gsxr_patrick folded before Flop (didn't bet)
Seat 2: Usurpov folded before Flop (didn't bet)
Seat 3: LittleORK (button) folded before Flop (didn't bet)
Seat 4: lastboss84 (small blind) folded before Flop
Seat 5: realoli234 (big blind) folded before Flop
Seat 6: Alameda22 folded before Flop (didn't bet)
Seat 7: II FISH II folded before Flop (didn't bet)
Seat 8: E.raiser.01 collected ($0.60)
Seat 9: kylescash folded before Flop (didn't bet)



PokerStars Game #19838965258:  Hold'em No Limit ($0.10/$0.25) - 2008/08/23 - 14:44:36 (ET)
Table 'Menelaus III' 9-max Seat #4 is the button
Seat 1: gsxr_patrick ($38.80 in chips) 
Seat 2: Usurpov ($25.70 in chips) 
Seat 3: LittleORK ($26.05 in chips) 
Seat 4: lastboss84 ($7.40 in chips) 
Seat 5: realoli234 ($4.15 in chips) 
Seat 6: Alameda22 ($29.50 in chips) 
Seat 7: II FISH II ($15.10 in chips) 
Seat 8: E.raiser.01 ($13.55 in chips) 
Seat 9: kylescash ($13.85 in chips) 
realoli234: posts small blind $0.10
Alameda22: posts big blind $0.25
*** HOLE CARDS ***
Dealt to Alameda22 [Ts 2c]
II FISH II: folds 
E.raiser.01: folds 
kylescash: folds 
gsxr_patrick: calls $0.25
Usurpov: folds 
LittleORK: folds 
lastboss84: calls $0.25
realoli234: folds 
Alameda22: checks 
*** FLOP *** [Qc 4h Tc]
Alameda22: checks 
gsxr_patrick: checks 
lastboss84: checks 
*** TURN *** [Qc 4h Tc] [Qd]
Alameda22: checks 
gsxr_patrick: checks 
lastboss84: bets $0.50
Alameda22: folds 
gsxr_patrick: folds 
Uncalled bet ($0.50) returned to lastboss84
lastboss84 collected $0.85 from pot
lastboss84: doesn't show hand 
*** SUMMARY ***
Total pot $0.85 | Rake $0 
Board [Qc 4h Tc Qd]
Seat 1: gsxr_patrick folded on the Turn
Seat 2: Usurpov folded before Flop (didn't bet)
Seat 3: LittleORK folded before Flop (didn't bet)
Seat 4: lastboss84 (button) collected ($0.85)
Seat 5: realoli234 (small blind) folded before Flop
Seat 6: Alameda22 (big blind) folded on the Turn
Seat 7: II FISH II folded before Flop (didn't bet)
Seat 8: E.raiser.01 folded before Flop (didn't bet)
Seat 9: kylescash folded before Flop (didn't bet)



PokerStars Game #19838992577:  Hold'em No Limit ($0.10/$0.25) - 2008/08/23 - 14:45:47 (ET)
Table 'Menelaus III' 9-max Seat #5 is the button
Seat 1: gsxr_patrick ($38.55 in chips) 
Seat 2: Usurpov ($25.70 in chips) 
Seat 3: LittleORK ($26.05 in chips) 
Seat 4: lastboss84 ($8 in chips) 
Seat 5: realoli234 ($4.05 in chips) 
Seat 6: Alameda22 ($29.25 in chips) 
Seat 7: II FISH II ($15.10 in chips) 
Seat 8: E.raiser.01 ($13.55 in chips) 
Seat 9: kylescash ($13.85 in chips) 
Alameda22: posts small blind $0.10
II FISH II: posts big blind $0.25
*** HOLE CARDS ***
Dealt to Alameda22 [6c Jh]
E.raiser.01: folds 
kylescash: calls $0.25
gsxr_patrick: calls $0.25
Usurpov: folds 
LittleORK: folds 
lastboss84: folds 
realoli234: folds 
Alameda22: folds 
II FISH II: checks 
*** FLOP *** [3h Jc 9d]
II FISH II: checks 
kylescash: checks 
gsxr_patrick: bets $0.50
II FISH II: folds 
kylescash: calls $0.50
*** TURN *** [3h Jc 9d] [Ah]
kylescash: checks 
gsxr_patrick: bets $1
kylescash: calls $1
*** RIVER *** [3h Jc 9d Ah] [6d]
kylescash: checks 
gsxr_patrick: checks 
*** SHOW DOWN ***
kylescash: shows [6h 8h] (a pair of Sixes)
gsxr_patrick: mucks hand 
kylescash collected $3.70 from pot
kylescash said, "lmao"
*** SUMMARY ***
Total pot $3.85 | Rake $0.15 
Board [3h Jc 9d Ah 6d]
Seat 1: gsxr_patrick mucked [Qd 8d]
Seat 2: Usurpov folded before Flop (didn't bet)
Seat 3: LittleORK folded before Flop (didn't bet)
Seat 4: lastboss84 folded before Flop (didn't bet)
Seat 5: realoli234 (button) folded before Flop (didn't bet)
Seat 6: Alameda22 (small blind) folded before Flop
Seat 7: II FISH II (big blind) folded on the Flop
Seat 8: E.raiser.01 folded before Flop (didn't bet)
Seat 9: kylescash showed [6h 8h] and won ($3.70) with a pair of Sixes



PokerStars Game #19839026717:  Hold'em No Limit ($0.10/$0.25) - 2008/08/23 - 14:47:12 (ET)
Table 'Menelaus III' 9-max Seat #6 is the button
Seat 1: gsxr_patrick ($36.80 in chips) 
Seat 2: Usurpov ($25.70 in chips) 
Seat 3: LittleORK ($26.05 in chips) 
Seat 4: lastboss84 ($8 in chips) 
Seat 5: realoli234 ($4.05 in chips) 
Seat 6: Alameda22 ($29.15 in chips) 
Seat 7: II FISH II ($14.85 in chips) 
Seat 8: E.raiser.01 ($13.55 in chips) 
Seat 9: kylescash ($15.80 in chips) 
II FISH II: posts small blind $0.10
E.raiser.01: posts big blind $0.25
*** HOLE CARDS ***
Dealt to Alameda22 [Ts 2s]
kylescash: calls $0.25
gsxr_patrick: folds 
Usurpov: folds 
LittleORK: folds 
lastboss84 said, "lol"
lastboss84: calls $0.25
realoli234: folds 
Alameda22: folds 
II FISH II: calls $0.15
E.raiser.01: checks 
*** FLOP *** [2d Kh Th]
II FISH II: checks 
E.raiser.01: checks 
kylescash: bets $0.25
gsxr_patrick said, "That's only gonna last so long. Enjoy it while you can."
lastboss84: raises $0.75 to $1
II FISH II: folds 
E.raiser.01: folds 
kylescash: folds 
Uncalled bet ($0.75) returned to lastboss84
lastboss84 collected $1.45 from pot
lastboss84: doesn't show hand 
*** SUMMARY ***
Total pot $1.50 | Rake $0.05 
Board [2d Kh Th]
Seat 1: gsxr_patrick folded before Flop (didn't bet)
Seat 2: Usurpov folded before Flop (didn't bet)
Seat 3: LittleORK folded before Flop (didn't bet)
Seat 4: lastboss84 collected ($1.45)
Seat 5: realoli234 folded before Flop (didn't bet)
Seat 6: Alameda22 (button) folded before Flop (didn't bet)
Seat 7: II FISH II (small blind) folded on the Flop
Seat 8: E.raiser.01 (big blind) folded on the Flop
Seat 9: kylescash folded on the Flop



PokerStars Game #19839053577:  Hold'em No Limit ($0.10/$0.25) - 2008/08/23 - 14:48:18 (ET)
Table 'Menelaus III' 9-max Seat #7 is the button
Seat 1: gsxr_patrick ($36.80 in chips) 
Seat 2: Usurpov ($25.70 in chips) 
Seat 3: LittleORK ($26.05 in chips) 
Seat 4: lastboss84 ($8.95 in chips) 
Seat 5: realoli234 ($4.05 in chips) 
Seat 6: Alameda22 ($29.15 in chips) 
Seat 7: II FISH II ($14.60 in chips) 
Seat 8: E.raiser.01 ($13.30 in chips) 
Seat 9: kylescash ($15.30 in chips) 
E.raiser.01: posts small blind $0.10
kylescash: posts big blind $0.25
*** HOLE CARDS ***
Dealt to Alameda22 [3d 8d]
gsxr_patrick: calls $0.25
Usurpov: raises $1 to $1.25
LittleORK: folds 
lastboss84: folds 
realoli234: raises $1.25 to $2.50
Alameda22: folds 
II FISH II: folds 
E.raiser.01: folds 
kylescash: folds 
gsxr_patrick: folds 
Usurpov: folds 
Uncalled bet ($1.25) returned to realoli234
kylescash said, "yea ive heard that before.  youll be eating those words  soon enough"
realoli234 collected $3.10 from pot
realoli234: doesn't show hand 
*** SUMMARY ***
Total pot $3.10 | Rake $0 
Seat 1: gsxr_patrick folded before Flop
Seat 2: Usurpov folded before Flop
Seat 3: LittleORK folded before Flop (didn't bet)
Seat 4: lastboss84 folded before Flop (didn't bet)
Seat 5: realoli234 collected ($3.10)
Seat 6: Alameda22 folded before Flop (didn't bet)
Seat 7: II FISH II (button) folded before Flop (didn't bet)
Seat 8: E.raiser.01 (small blind) folded before Flop
Seat 9: kylescash (big blind) folded before Flop



PokerStars Game #19839070407:  Hold'em No Limit ($0.10/$0.25) - 2008/08/23 - 14:49:00 (ET)
Table 'Menelaus III' 9-max Seat #8 is the button
Seat 1: gsxr_patrick ($36.55 in chips) 
Seat 2: Usurpov ($24.45 in chips) 
Seat 3: LittleORK ($26.05 in chips) 
Seat 4: lastboss84 ($8.95 in chips) 
Seat 5: realoli234 ($5.90 in chips) 
Seat 6: Alameda22 ($29.15 in chips) 
Seat 7: II FISH II ($14.60 in chips) 
Seat 8: E.raiser.01 ($13.20 in chips) 
Seat 9: kylescash ($15.05 in chips) 
kylescash: posts small blind $0.10
gsxr_patrick: posts big blind $0.25
*** HOLE CARDS ***
Dealt to Alameda22 [Td 5c]
Usurpov: folds 
gsxr_patrick said, "We'll see."
LittleORK: folds 
lastboss84: folds 
realoli234: raises $0.50 to $0.75
kylescash said, "no kidding"
Alameda22: folds 
II FISH II: folds 
E.raiser.01: folds 
kylescash: folds 
gsxr_patrick: folds 
Uncalled bet ($0.50) returned to realoli234
realoli234 collected $0.60 from pot
realoli234: doesn't show hand 
*** SUMMARY ***
Total pot $0.60 | Rake $0 
Seat 1: gsxr_patrick (big blind) folded before Flop
Seat 2: Usurpov folded before Flop (didn't bet)
Seat 3: LittleORK folded before Flop (didn't bet)
Seat 4: lastboss84 folded before Flop (didn't bet)
Seat 5: realoli234 collected ($0.60)
Seat 6: Alameda22 folded before Flop (didn't bet)
Seat 7: II FISH II folded before Flop (didn't bet)
Seat 8: E.raiser.01 (button) folded before Flop (didn't bet)
Seat 9: kylescash (small blind) folded before Flop



PokerStars Game #19839087864:  Hold'em No Limit ($0.10/$0.25) - 2008/08/23 - 14:49:43 (ET)
Table 'Menelaus III' 9-max Seat #9 is the button
Seat 1: gsxr_patrick ($36.30 in chips) 
Seat 2: Usurpov ($24.45 in chips) 
Seat 3: LittleORK ($26.05 in chips) 
Seat 4: lastboss84 ($8.95 in chips) 
Seat 5: realoli234 ($6.25 in chips) 
Seat 6: Alameda22 ($29.15 in chips) 
Seat 7: II FISH II ($14.60 in chips) 
Seat 8: E.raiser.01 ($13.20 in chips) 
Seat 9: kylescash ($14.95 in chips) 
gsxr_patrick: posts small blind $0.10
Usurpov: posts big blind $0.25
*** HOLE CARDS ***
Dealt to Alameda22 [3c 4s]
gsxr_patrick said, "I was chasing a flush draw. So what's the big deal?"
LittleORK: folds 
lastboss84: folds 
realoli234: folds 
Alameda22: folds 
II FISH II: raises $0.50 to $0.75
E.raiser.01: folds 
kylescash: folds 
gsxr_patrick: folds 
Usurpov: raises $1.50 to $2.25
II FISH II: calls $1.50
*** FLOP *** [Ah 5c 2d]
Usurpov: bets $3
II FISH II: calls $3
*** TURN *** [Ah 5c 2d] [Ac]
Usurpov: bets $3.25
II FISH II: calls $3.25
*** RIVER *** [Ah 5c 2d Ac] [8c]
Usurpov: bets $6.50
II FISH II: calls $6.10 and is all-in
Uncalled bet ($0.40) returned to Usurpov
*** SHOW DOWN ***
Usurpov: shows [As Kh] (three of a kind, Aces)
II FISH II: mucks hand 
Usurpov collected $27.90 from pot
*** SUMMARY ***
Total pot $29.30 | Rake $1.40 
Board [Ah 5c 2d Ac 8c]
Seat 1: gsxr_patrick (small blind) folded before Flop
Seat 2: Usurpov (big blind) showed [As Kh] and won ($27.90) with three of a kind, Aces
Seat 3: LittleORK folded before Flop (didn't bet)
Seat 4: lastboss84 folded before Flop (didn't bet)
Seat 5: realoli234 folded before Flop (didn't bet)
Seat 6: Alameda22 folded before Flop (didn't bet)
Seat 7: II FISH II mucked [Th Ts]
Seat 8: E.raiser.01 folded before Flop (didn't bet)
Seat 9: kylescash (button) folded before Flop (didn't bet)



PokerStars Game #19839121731:  Hold'em No Limit ($0.10/$0.25) - 2008/08/23 - 14:51:08 (ET)
Table 'Menelaus III' 9-max Seat #1 is the button
Seat 1: gsxr_patrick ($36.20 in chips) 
Seat 2: Usurpov ($37.75 in chips) 
Seat 3: LittleORK ($26.05 in chips) 
Seat 4: lastboss84 ($8.95 in chips) 
Seat 5: realoli234 ($6.25 in chips) 
Seat 6: Alameda22 ($29.15 in chips) 
Seat 8: E.raiser.01 ($13.20 in chips) 
Seat 9: kylescash ($14.95 in chips) 
Usurpov: posts small blind $0.10
LittleORK: posts big blind $0.25
*** HOLE CARDS ***
Dealt to Alameda22 [Ad 6c]
lastboss84 said, "your a fish?"
lastboss84: folds 
realoli234: folds 
kylescash said, "i just laughed your the one who started talking.   so tell me whats the big deal."
Alameda22: folds 
lastboss84 said, "fishermans price"
E.raiser.01: folds 
kylescash: folds 
gsxr_patrick: folds 
Usurpov: calls $0.15
II FISH II leaves the table
sonce1 joins the table at seat #7 
gsxr_patrick said, "You laughed cuz I missed my flush draw? Any good poker player would do that."
LittleORK: checks 
*** FLOP *** [4c 8s 6h]
Usurpov: checks 
kylescash said, "whatever just play"
gsxr_patrick said, "k"
lastboss84 said, "its ok patrick next hand"
LittleORK: checks 
*** TURN *** [4c 8s 6h] [Jc]
Usurpov: checks 
gsxr_patrick said, "k"
LittleORK: bets $1.50
Usurpov: folds 
Uncalled bet ($1.50) returned to LittleORK
LittleORK collected $0.50 from pot
LittleORK is sitting out
*** SUMMARY ***
Total pot $0.50 | Rake $0 
Board [4c 8s 6h Jc]
Seat 1: gsxr_patrick (button) folded before Flop (didn't bet)
Seat 2: Usurpov (small blind) folded on the Turn
Seat 3: LittleORK (big blind) collected ($0.50)
Seat 4: lastboss84 folded before Flop (didn't bet)
Seat 5: realoli234 folded before Flop (didn't bet)
Seat 6: Alameda22 folded before Flop (didn't bet)
Seat 8: E.raiser.01 folded before Flop (didn't bet)
Seat 9: kylescash folded before Flop (didn't bet)



PokerStars Game #19839163869:  Hold'em No Limit ($0.10/$0.25) - 2008/08/23 - 14:52:54 (ET)
Table 'Menelaus III' 9-max Seat #2 is the button
Seat 1: gsxr_patrick ($36.20 in chips) 
Seat 2: Usurpov ($37.50 in chips) 
Seat 4: lastboss84 ($8.95 in chips) 
Seat 6: Alameda22 ($29.15 in chips) 
Seat 8: E.raiser.01 ($13.20 in chips) 
Seat 9: kylescash ($14.95 in chips) 
lastboss84: posts small blind $0.10
realoli234: is sitting out 
Alameda22: posts big blind $0.25
realoli234 leaves the table
sonce1: sits out 
*** HOLE CARDS ***
Dealt to Alameda22 [Ts 6h]
E.raiser.01: raises $0.50 to $0.75
kylescash: folds 
gsxr_patrick: folds 
Usurpov: folds 
lastboss84: folds 
Alameda22: folds 
Uncalled bet ($0.50) returned to E.raiser.01
E.raiser.01 collected $0.60 from pot
*** SUMMARY ***
Total pot $0.60 | Rake $0 
Seat 1: gsxr_patrick folded before Flop (didn't bet)
Seat 2: Usurpov (button) folded before Flop (didn't bet)
Seat 4: lastboss84 (small blind) folded before Flop
Seat 6: Alameda22 (big blind) folded before Flop
Seat 8: E.raiser.01 collected ($0.60)
Seat 9: kylescash folded before Flop (didn't bet)



PokerStars Game #19839176362:  Hold'em No Limit ($0.10/$0.25) - 2008/08/23 - 14:53:25 (ET)
Table 'Menelaus III' 9-max Seat #4 is the button
Seat 1: gsxr_patrick ($36.20 in chips) 
Seat 2: Usurpov ($37.50 in chips) 
Seat 4: lastboss84 ($8.85 in chips) 
Seat 6: Alameda22 ($28.90 in chips) 
Seat 7: sonce1 ($8.85 in chips) 
Seat 8: E.raiser.01 ($13.55 in chips) 
Seat 9: kylescash ($14.95 in chips) 
Alameda22: posts small blind $0.10
sonce1: posts big blind $0.25
*** HOLE CARDS ***
Dealt to Alameda22 [2c 6d]
E.raiser.01: folds 
kylescash: folds 
gsxr_patrick: calls $0.25
Usurpov: folds 
lastboss84: folds 
Alameda22: folds 
sonce1: checks 
*** FLOP *** [Qc 9d 2h]
sonce1: checks 
gsxr_patrick: checks 
*** TURN *** [Qc 9d 2h] [5d]
sonce1: checks 
gsxr_patrick: checks 
*** RIVER *** [Qc 9d 2h 5d] [7h]
sonce1: bets $0.25
gsxr_patrick: calls $0.25
*** SHOW DOWN ***
sonce1: shows [Ac 9h] (a pair of Nines)
gsxr_patrick: shows [3s 7s] (a pair of Sevens)
sonce1 collected $1.05 from pot
*** SUMMARY ***
Total pot $1.10 | Rake $0.05 
Board [Qc 9d 2h 5d 7h]
Seat 1: gsxr_patrick showed [3s 7s] and lost with a pair of Sevens
Seat 2: Usurpov folded before Flop (didn't bet)
Seat 4: lastboss84 (button) folded before Flop (didn't bet)
Seat 6: Alameda22 (small blind) folded before Flop
Seat 7: sonce1 (big blind) showed [Ac 9h] and won ($1.05) with a pair of Nines
Seat 8: E.raiser.01 folded before Flop (didn't bet)
Seat 9: kylescash folded before Flop (didn't bet)



PokerStars Game #19839196221:  Hold'em No Limit ($0.10/$0.25) - 2008/08/23 - 14:54:15 (ET)
Table 'Menelaus III' 9-max Seat #6 is the button
Seat 1: gsxr_patrick ($35.70 in chips) 
Seat 2: Usurpov ($37.50 in chips) 
Seat 4: lastboss84 ($8.85 in chips) 
Seat 6: Alameda22 ($28.80 in chips) 
Seat 7: sonce1 ($9.40 in chips) 
Seat 8: E.raiser.01 ($13.55 in chips) 
Seat 9: kylescash ($14.95 in chips) 
sonce1: posts small blind $0.10
E.raiser.01: posts big blind $0.25
*** HOLE CARDS ***
Dealt to Alameda22 [Td 2h]
kylescash: folds 
gsxr_patrick: folds 
Usurpov: folds 
lastboss84: folds 
Alameda22: folds 
sonce1: folds 
Uncalled bet ($0.15) returned to E.raiser.01
E.raiser.01 collected $0.20 from pot
*** SUMMARY ***
Total pot $0.20 | Rake $0 
Seat 1: gsxr_patrick folded before Flop (didn't bet)
Seat 2: Usurpov folded before Flop (didn't bet)
Seat 4: lastboss84 folded before Flop (didn't bet)
Seat 6: Alameda22 (button) folded before Flop (didn't bet)
Seat 7: sonce1 (small blind) folded before Flop
Seat 8: E.raiser.01 (big blind) collected ($0.20)
Seat 9: kylescash folded before Flop (didn't bet)



PokerStars Game #19839206763:  Hold'em No Limit ($0.10/$0.25) - 2008/08/23 - 14:54:41 (ET)
Table 'Menelaus III' 9-max Seat #7 is the button
Seat 1: gsxr_patrick ($35.70 in chips) 
Seat 2: Usurpov ($37.50 in chips) 
Seat 4: lastboss84 ($8.85 in chips) 
Seat 6: Alameda22 ($28.80 in chips) 
Seat 7: sonce1 ($9.30 in chips) 
Seat 8: E.raiser.01 ($13.65 in chips) 
Seat 9: kylescash ($14.95 in chips) 
E.raiser.01: posts small blind $0.10
kylescash: posts big blind $0.25
*** HOLE CARDS ***
Dealt to Alameda22 [4d 7s]
gsxr_patrick: folds 
Usurpov: folds 
lastboss84: folds 
Alameda22: folds 
sonce1: calls $0.25
kylescash said, "ZZZZZZZZZZZZZZZZZZZZZZZZZ"
E.raiser.01: folds 
kylescash: raises $0.75 to $1
sonce1: folds 
Uncalled bet ($0.75) returned to kylescash
kylescash collected $0.60 from pot
kylescash: doesn't show hand 
*** SUMMARY ***
Total pot $0.60 | Rake $0 
Seat 1: gsxr_patrick folded before Flop (didn't bet)
Seat 2: Usurpov folded before Flop (didn't bet)
Seat 4: lastboss84 folded before Flop (didn't bet)
Seat 6: Alameda22 folded before Flop (didn't bet)
Seat 7: sonce1 (button) folded before Flop
Seat 8: E.raiser.01 (small blind) folded before Flop
Seat 9: kylescash (big blind) collected ($0.60)



PokerStars Game #19839229083:  Hold'em No Limit ($0.10/$0.25) - 2008/08/23 - 14:55:38 (ET)
Table 'Menelaus III' 9-max Seat #8 is the button
Seat 1: gsxr_patrick ($35.70 in chips) 
Seat 2: Usurpov ($37.50 in chips) 
Seat 4: lastboss84 ($8.85 in chips) 
Seat 6: Alameda22 ($28.80 in chips) 
Seat 7: sonce1 ($9.05 in chips) 
Seat 8: E.raiser.01 ($13.55 in chips) 
Seat 9: kylescash ($15.30 in chips) 
kylescash: posts small blind $0.10
gsxr_patrick: posts big blind $0.25
*** HOLE CARDS ***
Dealt to Alameda22 [6s Qd]
Usurpov: folds 
lastboss84: calls $0.25
Alameda22: folds 
sonce1: calls $0.25
E.raiser.01: folds 
kylescash: calls $0.15
gsxr_patrick: checks 
*** FLOP *** [3c 4h 3d]
kylescash: checks 
gsxr_patrick: checks 
lastboss84: checks 
sonce1: checks 
*** TURN *** [3c 4h 3d] [Th]
kylescash: bets $0.50
gsxr_patrick: raises $0.50 to $1
lastboss84: folds 
sonce1: folds 
kylescash: calls $0.50
*** RIVER *** [3c 4h 3d Th] [2c]
kylescash: checks 
gsxr_patrick: bets $14
lastboss84 said, "33333333333333333333"
kylescash: raises $0.05 to $14.05 and is all-in
gsxr_patrick: calls $0.05
*** SHOW DOWN ***
kylescash: shows [Td Jc] (two pair, Tens and Threes)
gsxr_patrick: shows [Jh 3s] (three of a kind, Threes)
gsxr_patrick collected $29.55 from pot
kylescash leaves the table
*** SUMMARY ***
Total pot $31.10 | Rake $1.55 
Board [3c 4h 3d Th 2c]
Seat 1: gsxr_patrick (big blind) showed [Jh 3s] and won ($29.55) with three of a kind, Threes
Seat 2: Usurpov folded before Flop (didn't bet)
Seat 4: lastboss84 folded on the Turn
Seat 6: Alameda22 folded before Flop (didn't bet)
Seat 7: sonce1 folded on the Turn
Seat 8: E.raiser.01 (button) folded before Flop (didn't bet)
Seat 9: kylescash (small blind) showed [Td Jc] and lost with two pair, Tens and Threes



PokerStars Game #19839257367:  Hold'em No Limit ($0.10/$0.25) - 2008/08/23 - 14:56:50 (ET)
Table 'Menelaus III' 9-max Seat #1 is the button
Seat 1: gsxr_patrick ($49.95 in chips) 
Seat 2: Usurpov ($37.50 in chips) 
Seat 4: lastboss84 ($8.60 in chips) 
Seat 6: Alameda22 ($28.80 in chips) 
Seat 7: sonce1 ($8.80 in chips) 
Seat 8: E.raiser.01 ($13.55 in chips) 
Usurpov: posts small blind $0.10
lastboss84: posts big blind $0.25
*** HOLE CARDS ***
Dealt to Alameda22 [7d 6s]
gsxr_patrick said, "Any questions?"
Alameda22: folds 
sonce1: calls $0.25
E.raiser.01: folds 
gsxr_patrick: calls $0.25
lastboss84 said, "that was so obvious"
Usurpov: folds 
lastboss84 said, "nh though"
lastboss84: checks 
*** FLOP *** [Ks 9d Js]
gsxr_patrick said, "He should have known."
lastboss84: checks 
sonce1: checks 
gsxr_patrick said, "ty"
lastboss84 said, "well played"
gsxr_patrick: bets $0.50
lastboss84: folds 
sonce1: calls $0.50
*** TURN *** [Ks 9d Js] [Ac]
sonce1: checks 
gsxr_patrick: bets $0.50
sonce1: folds 
Uncalled bet ($0.50) returned to gsxr_patrick
gsxr_patrick said, "ty"
gsxr_patrick collected $1.80 from pot
gsxr_patrick: doesn't show hand 
*** SUMMARY ***
Total pot $1.85 | Rake $0.05 
Board [Ks 9d Js Ac]
Seat 1: gsxr_patrick (button) collected ($1.80)
Seat 2: Usurpov (small blind) folded before Flop
Seat 4: lastboss84 (big blind) folded on the Flop
Seat 6: Alameda22 folded before Flop (didn't bet)
Seat 7: sonce1 folded on the Turn
Seat 8: E.raiser.01 folded before Flop (didn't bet)



PokerStars Game #19839287553:  Hold'em No Limit ($0.10/$0.25) - 2008/08/23 - 14:58:06 (ET)
Table 'Menelaus III' 9-max Seat #2 is the button
Seat 1: gsxr_patrick ($51 in chips) 
Seat 2: Usurpov ($37.40 in chips) 
Seat 4: lastboss84 ($8.35 in chips) 
Seat 6: Alameda22 ($28.80 in chips) 
Seat 7: sonce1 ($8.05 in chips) 
Seat 8: E.raiser.01 ($13.55 in chips) 
lastboss84: posts small blind $0.10
Alameda22: posts big blind $0.25
*** HOLE CARDS ***
Dealt to Alameda22 [4c Qd]
sonce1: folds 
jl89120 joins the table at seat #5 
gsxr_patrick said, "I knew I could slow roll him."
E.raiser.01: folds 
gsxr_patrick: calls $0.25
Usurpov: folds 
lastboss84: folds 
lastboss84 said, "he was waiting for u to bluff one lol"
Alameda22: checks 
*** FLOP *** [8s 7h 2h]
Alameda22: checks 
gsxr_patrick: bets $0.50
Alameda22: folds 
Uncalled bet ($0.50) returned to gsxr_patrick
gsxr_patrick collected $0.60 from pot
gsxr_patrick: shows [8d 4d] (a pair of Eights)
*** SUMMARY ***
Total pot $0.60 | Rake $0 
Board [8s 7h 2h]
Seat 1: gsxr_patrick collected ($0.60)
Seat 2: Usurpov (button) folded before Flop (didn't bet)
Seat 4: lastboss84 (small blind) folded before Flop
Seat 6: Alameda22 (big blind) folded on the Flop
Seat 7: sonce1 folded before Flop (didn't bet)
Seat 8: E.raiser.01 folded before Flop (didn't bet)



PokerStars Game #19839316499:  Hold'em No Limit ($0.10/$0.25) - 2008/08/23 - 14:59:20 (ET)
Table 'Menelaus III' 9-max Seat #4 is the button
Seat 1: gsxr_patrick ($51.35 in chips) 
Seat 2: Usurpov ($37.40 in chips) 
Seat 4: lastboss84 ($8.25 in chips) 
Seat 6: Alameda22 ($28.55 in chips) 
Seat 7: sonce1 ($8.05 in chips) 
Seat 8: E.raiser.01 ($13.55 in chips) 
jl89120 will be allowed to play after the button
gsxr_patrick said, "I know."
Alameda22: posts small blind $0.10
sonce1: posts big blind $0.25
*** HOLE CARDS ***
Dealt to Alameda22 [9c 9h]
E.raiser.01: folds 
gsxr_patrick: calls $0.25
Usurpov: folds 
lastboss84: raises $2 to $2.25
Alameda22: folds 
sonce1: folds 
gsxr_patrick: folds 
Uncalled bet ($2) returned to lastboss84
ehbowen21 joins the table at seat #9 
lastboss84 collected $0.85 from pot
lastboss84: doesn't show hand 
*** SUMMARY ***
Total pot $0.85 | Rake $0 
Seat 1: gsxr_patrick folded before Flop
Seat 2: Usurpov folded before Flop (didn't bet)
Seat 4: lastboss84 (button) collected ($0.85)
Seat 6: Alameda22 (small blind) folded before Flop
Seat 7: sonce1 (big blind) folded before Flop
Seat 8: E.raiser.01 folded before Flop (didn't bet)



PokerStars Game #19839334707:  Hold'em No Limit ($0.10/$0.25) - 2008/08/23 - 15:00:03 (ET)
Table 'Menelaus III' 9-max Seat #6 is the button
Seat 1: gsxr_patrick ($51.10 in chips) 
Seat 2: Usurpov ($37.40 in chips) 
Seat 4: lastboss84 ($8.85 in chips) 
Seat 5: jl89120 ($15 in chips) 
Seat 6: Alameda22 ($28.45 in chips) 
Seat 7: sonce1 ($7.80 in chips) 
Seat 8: E.raiser.01 ($13.55 in chips) 
Seat 9: ehbowen21 ($15 in chips) 
sonce1: posts small blind $0.10
E.raiser.01: posts big blind $0.25
ehbowen21: posts big blind $0.25
jl89120: posts big blind $0.25
*** HOLE CARDS ***
Dealt to Alameda22 [Tc 5d]
ehbowen21: raises $0.50 to $0.75
gsxr_patrick: folds 
Usurpov: folds 
lastboss84: folds 
jl89120: calls $0.50
Alameda22: folds 
sonce1: calls $0.65
E.raiser.01: folds 
*** FLOP *** [Qs Ks Ac]
sonce1: checks 
ehbowen21: bets $1.25
jl89120: folds 
sonce1: folds 
Uncalled bet ($1.25) returned to ehbowen21
ehbowen21 collected $2.40 from pot
*** SUMMARY ***
Total pot $2.50 | Rake $0.10 
Board [Qs Ks Ac]
Seat 1: gsxr_patrick folded before Flop (didn't bet)
Seat 2: Usurpov folded before Flop (didn't bet)
Seat 4: lastboss84 folded before Flop (didn't bet)
Seat 5: jl89120 folded on the Flop
Seat 6: Alameda22 (button) folded before Flop (didn't bet)
Seat 7: sonce1 (small blind) folded on the Flop
Seat 8: E.raiser.01 (big blind) folded before Flop
Seat 9: ehbowen21 collected ($2.40)



PokerStars Game #19839355164:  Hold'em No Limit ($0.10/$0.25) - 2008/08/23 - 15:00:55 (ET)
Table 'Menelaus III' 9-max Seat #7 is the button
Seat 1: gsxr_patrick ($51.10 in chips) 
Seat 2: Usurpov ($37.40 in chips) 
Seat 4: lastboss84 ($8.85 in chips) 
Seat 5: jl89120 ($14.25 in chips) 
Seat 6: Alameda22 ($28.45 in chips) 
Seat 7: sonce1 ($7.05 in chips) 
Seat 8: E.raiser.01 ($13.30 in chips) 
Seat 9: ehbowen21 ($16.65 in chips) 
E.raiser.01: posts small blind $0.10
ehbowen21: posts big blind $0.25
*** HOLE CARDS ***
Dealt to Alameda22 [As 4h]
gsxr_patrick: calls $0.25
Usurpov: folds 
lastboss84: folds 
jl89120: folds 
Alameda22: folds 
sonce1: folds 
E.raiser.01: folds 
ehbowen21: raises $0.50 to $0.75
gsxr_patrick: calls $0.50
*** FLOP *** [8c 7h 8h]
ehbowen21: bets $0.75
gsxr_patrick: folds 
Uncalled bet ($0.75) returned to ehbowen21
ehbowen21 collected $1.55 from pot
*** SUMMARY ***
Total pot $1.60 | Rake $0.05 
Board [8c 7h 8h]
Seat 1: gsxr_patrick folded on the Flop
Seat 2: Usurpov folded before Flop (didn't bet)
Seat 4: lastboss84 folded before Flop (didn't bet)
Seat 5: jl89120 folded before Flop (didn't bet)
Seat 6: Alameda22 folded before Flop (didn't bet)
Seat 7: sonce1 (button) folded before Flop (didn't bet)
Seat 8: E.raiser.01 (small blind) folded before Flop
Seat 9: ehbowen21 (big blind) collected ($1.55)



PokerStars Game #19839373472:  Hold'em No Limit ($0.10/$0.25) - 2008/08/23 - 15:01:38 (ET)
Table 'Menelaus III' 9-max Seat #8 is the button
Seat 1: gsxr_patrick ($50.35 in chips) 
Seat 2: Usurpov ($37.40 in chips) 
Seat 4: lastboss84 ($8.85 in chips) 
Seat 5: jl89120 ($14.25 in chips) 
Seat 6: Alameda22 ($28.45 in chips) 
Seat 7: sonce1 ($7.05 in chips) 
Seat 8: E.raiser.01 ($13.20 in chips) 
Seat 9: ehbowen21 ($17.45 in chips) 
ehbowen21: posts small blind $0.10
gsxr_patrick: posts big blind $0.25
*** HOLE CARDS ***
Dealt to Alameda22 [9s Tc]
Usurpov: folds 
lastboss84: folds 
jl89120: folds 
LittleORK has returned
Alameda22: folds 
sonce1: folds 
E.raiser.01: raises $0.75 to $1
ehbowen21: calls $0.90
gsxr_patrick: calls $0.75
*** FLOP *** [5c Kh 6c]
ehbowen21: checks 
gsxr_patrick: checks 
E.raiser.01: bets $2.25
ehbowen21: folds 
gsxr_patrick: folds 
Uncalled bet ($2.25) returned to E.raiser.01
E.raiser.01 collected $2.85 from pot
*** SUMMARY ***
Total pot $3 | Rake $0.15 
Board [5c Kh 6c]
Seat 1: gsxr_patrick (big blind) folded on the Flop
Seat 2: Usurpov folded before Flop (didn't bet)
Seat 4: lastboss84 folded before Flop (didn't bet)
Seat 5: jl89120 folded before Flop (didn't bet)
Seat 6: Alameda22 folded before Flop (didn't bet)
Seat 7: sonce1 folded before Flop (didn't bet)
Seat 8: E.raiser.01 (button) collected ($2.85)
Seat 9: ehbowen21 (small blind) folded on the Flop



PokerStars Game #19839396543:  Hold'em No Limit ($0.10/$0.25) - 2008/08/23 - 15:02:34 (ET)
Table 'Menelaus III' 9-max Seat #9 is the button
Seat 1: gsxr_patrick ($49.35 in chips) 
Seat 2: Usurpov ($37.40 in chips) 
Seat 3: LittleORK ($26.30 in chips) 
Seat 4: lastboss84 ($8.85 in chips) 
Seat 5: jl89120 ($14.25 in chips) 
Seat 6: Alameda22 ($28.45 in chips) 
Seat 7: sonce1 ($7.05 in chips) 
Seat 8: E.raiser.01 ($15.05 in chips) 
Seat 9: ehbowen21 ($16.45 in chips) 
gsxr_patrick: posts small blind $0.10
Usurpov: posts big blind $0.25
LittleORK: posts small & big blinds $0.35
*** HOLE CARDS ***
Dealt to Alameda22 [9s 9d]
LittleORK: checks 
lastboss84: folds 
jl89120: raises $0.25 to $0.50
Alameda22: calls $0.50
sonce1: folds 
E.raiser.01: folds 
ehbowen21: calls $0.50
gsxr_patrick: calls $0.40
Usurpov: folds 
LittleORK: folds 
*** FLOP *** [Ts Kd Ac]
gsxr_patrick: bets $0.50
jl89120: calls $0.50
Alameda22: folds 
ehbowen21: folds 
*** TURN *** [Ts Kd Ac] [Kc]
gsxr_patrick: bets $0.50
jl89120: calls $0.50
*** RIVER *** [Ts Kd Ac Kc] [Th]
gsxr_patrick: bets $0.50
jl89120: calls $0.50
*** SHOW DOWN ***
gsxr_patrick: shows [Jd 4d] (two pair, Kings and Tens)
jl89120: shows [9h Ah] (two pair, Aces and Kings)
jl89120 collected $5.35 from pot
gsxr_patrick said, "nh"
*** SUMMARY ***
Total pot $5.60 | Rake $0.25 
Board [Ts Kd Ac Kc Th]
Seat 1: gsxr_patrick (small blind) showed [Jd 4d] and lost with two pair, Kings and Tens
Seat 2: Usurpov (big blind) folded before Flop
Seat 3: LittleORK folded before Flop
Seat 4: lastboss84 folded before Flop (didn't bet)
Seat 5: jl89120 showed [9h Ah] and won ($5.35) with two pair, Aces and Kings
Seat 6: Alameda22 folded on the Flop
Seat 7: sonce1 folded before Flop (didn't bet)
Seat 8: E.raiser.01 folded before Flop (didn't bet)
Seat 9: ehbowen21 (button) folded on the Flop



PokerStars Game #19839431717:  Hold'em No Limit ($0.10/$0.25) - 2008/08/23 - 15:03:58 (ET)
Table 'Menelaus III' 9-max Seat #1 is the button
Seat 1: gsxr_patrick ($47.35 in chips) 
Seat 2: Usurpov ($37.15 in chips) 
Seat 3: LittleORK ($25.95 in chips) 
Seat 4: lastboss84 ($8.85 in chips) 
Seat 5: jl89120 ($17.60 in chips) 
Seat 6: Alameda22 ($27.95 in chips) 
Seat 7: sonce1 ($7.05 in chips) 
Seat 8: E.raiser.01 ($15.05 in chips) 
Seat 9: ehbowen21 ($15.95 in chips) 
Usurpov: posts small blind $0.10
LittleORK: posts big blind $0.25
*** HOLE CARDS ***
Dealt to Alameda22 [3d 2s]
lastboss84: folds 
jl89120 said, "ty"
jl89120: folds 
Alameda22: folds 
sonce1: folds 
E.raiser.01: folds 
ehbowen21: folds 
gsxr_patrick: calls $0.25
Usurpov: folds 
LittleORK: checks 
*** FLOP *** [7d Kd 9d]
LittleORK: checks 
gsxr_patrick: checks 
*** TURN *** [7d Kd 9d] [Th]
LittleORK: bets $1.50
gsxr_patrick: calls $1.50
*** RIVER *** [7d Kd 9d Th] [3c]
LittleORK: bets $2.25
gsxr_patrick: folds 
Uncalled bet ($2.25) returned to LittleORK
LittleORK collected $3.45 from pot
*** SUMMARY ***
Total pot $3.60 | Rake $0.15 
Board [7d Kd 9d Th 3c]
Seat 1: gsxr_patrick (button) folded on the River
Seat 2: Usurpov (small blind) folded before Flop
Seat 3: LittleORK (big blind) collected ($3.45)
Seat 4: lastboss84 folded before Flop (didn't bet)
Seat 5: jl89120 folded before Flop (didn't bet)
Seat 6: Alameda22 folded before Flop (didn't bet)
Seat 7: sonce1 folded before Flop (didn't bet)
Seat 8: E.raiser.01 folded before Flop (didn't bet)
Seat 9: ehbowen21 folded before Flop (didn't bet)



PokerStars Game #19839454820:  Hold'em No Limit ($0.10/$0.25) - 2008/08/23 - 15:04:54 (ET)
Table 'Menelaus III' 9-max Seat #2 is the button
Seat 1: gsxr_patrick ($45.60 in chips) 
Seat 2: Usurpov ($37.05 in chips) 
Seat 3: LittleORK ($27.65 in chips) 
Seat 4: lastboss84 ($8.85 in chips) 
Seat 5: jl89120 ($17.60 in chips) 
Seat 6: Alameda22 ($27.95 in chips) 
Seat 7: sonce1 ($7.05 in chips) 
Seat 8: E.raiser.01 ($15.05 in chips) 
Seat 9: ehbowen21 ($15.95 in chips) 
LittleORK: posts small blind $0.10
lastboss84: posts big blind $0.25
*** HOLE CARDS ***
Dealt to Alameda22 [4d Tc]
jl89120: folds 
Alameda22: folds 
sonce1: raises $0.50 to $0.75
E.raiser.01: folds 
ehbowen21: folds 
gsxr_patrick: folds 
Usurpov: folds 
LittleORK: folds 
lastboss84: folds 
Uncalled bet ($0.50) returned to sonce1
sonce1 collected $0.60 from pot
sonce1: doesn't show hand 
*** SUMMARY ***
Total pot $0.60 | Rake $0 
Seat 1: gsxr_patrick folded before Flop (didn't bet)
Seat 2: Usurpov (button) folded before Flop (didn't bet)
Seat 3: LittleORK (small blind) folded before Flop
Seat 4: lastboss84 (big blind) folded before Flop
Seat 5: jl89120 folded before Flop (didn't bet)
Seat 6: Alameda22 folded before Flop (didn't bet)
Seat 7: sonce1 collected ($0.60)
Seat 8: E.raiser.01 folded before Flop (didn't bet)
Seat 9: ehbowen21 folded before Flop (didn't bet)



PokerStars Game #19839467448:  Hold'em No Limit ($0.10/$0.25) - 2008/08/23 - 15:05:24 (ET)
Table 'Menelaus III' 9-max Seat #3 is the button
Seat 1: gsxr_patrick ($45.60 in chips) 
Seat 2: Usurpov ($37.05 in chips) 
Seat 3: LittleORK ($27.55 in chips) 
Seat 4: lastboss84 ($8.60 in chips) 
Seat 5: jl89120 ($17.60 in chips) 
Seat 6: Alameda22 ($27.95 in chips) 
Seat 7: sonce1 ($7.40 in chips) 
Seat 8: E.raiser.01 ($15.05 in chips) 
Seat 9: ehbowen21 ($15.95 in chips) 
lastboss84: posts small blind $0.10
jl89120: posts big blind $0.25
*** HOLE CARDS ***
Dealt to Alameda22 [9d 3s]
Alameda22: folds 
sonce1: folds 
E.raiser.01: folds 
ehbowen21: raises $0.25 to $0.50
gsxr_patrick: folds 
Usurpov: folds 
LittleORK: folds 
lastboss84: folds 
jl89120: folds 
Uncalled bet ($0.25) returned to ehbowen21
ehbowen21 collected $0.60 from pot
*** SUMMARY ***
Total pot $0.60 | Rake $0 
Seat 1: gsxr_patrick folded before Flop (didn't bet)
Seat 2: Usurpov folded before Flop (didn't bet)
Seat 3: LittleORK (button) folded before Flop (didn't bet)
Seat 4: lastboss84 (small blind) folded before Flop
Seat 5: jl89120 (big blind) folded before Flop
Seat 6: Alameda22 folded before Flop (didn't bet)
Seat 7: sonce1 folded before Flop (didn't bet)
Seat 8: E.raiser.01 folded before Flop (didn't bet)
Seat 9: ehbowen21 collected ($0.60)



PokerStars Game #19839482784:  Hold'em No Limit ($0.10/$0.25) - 2008/08/23 - 15:06:01 (ET)
Table 'Menelaus III' 9-max Seat #4 is the button
Seat 1: gsxr_patrick ($45.60 in chips) 
Seat 2: Usurpov ($37.05 in chips) 
Seat 3: LittleORK ($27.55 in chips) 
Seat 4: lastboss84 ($8.50 in chips) 
Seat 5: jl89120 ($17.35 in chips) 
Seat 6: Alameda22 ($27.95 in chips) 
Seat 7: sonce1 ($7.40 in chips) 
Seat 8: E.raiser.01 ($15.05 in chips) 
Seat 9: ehbowen21 ($16.30 in chips) 
jl89120: posts small blind $0.10
Alameda22: posts big blind $0.25
*** HOLE CARDS ***
Dealt to Alameda22 [4h Td]
sonce1: folds 
E.raiser.01: folds 
ehbowen21: folds 
gsxr_patrick: folds 
Usurpov: folds 
LittleORK: folds 
lastboss84: folds 
jl89120: folds 
Uncalled bet ($0.15) returned to Alameda22
Alameda22 collected $0.20 from pot
Alameda22: doesn't show hand 
*** SUMMARY ***
Total pot $0.20 | Rake $0 
Seat 1: gsxr_patrick folded before Flop (didn't bet)
Seat 2: Usurpov folded before Flop (didn't bet)
Seat 3: LittleORK folded before Flop (didn't bet)
Seat 4: lastboss84 (button) folded before Flop (didn't bet)
Seat 5: jl89120 (small blind) folded before Flop
Seat 6: Alameda22 (big blind) collected ($0.20)
Seat 7: sonce1 folded before Flop (didn't bet)
Seat 8: E.raiser.01 folded before Flop (didn't bet)
Seat 9: ehbowen21 folded before Flop (didn't bet)



PokerStars Game #19839491997:  Hold'em No Limit ($0.10/$0.25) - 2008/08/23 - 15:06:24 (ET)
Table 'Menelaus III' 9-max Seat #5 is the button
Seat 1: gsxr_patrick ($45.60 in chips) 
Seat 2: Usurpov ($37.05 in chips) 
Seat 3: LittleORK ($27.55 in chips) 
Seat 4: lastboss84 ($8.50 in chips) 
Seat 5: jl89120 ($17.25 in chips) 
Seat 6: Alameda22 ($28.05 in chips) 
Seat 7: sonce1 ($7.40 in chips) 
Seat 8: E.raiser.01 ($15.05 in chips) 
Seat 9: ehbowen21 ($16.30 in chips) 
Alameda22: posts small blind $0.10
sonce1: posts big blind $0.25
*** HOLE CARDS ***
Dealt to Alameda22 [As Kd]
E.raiser.01: folds 
E.raiser.01 is sitting out
ehbowen21: folds 
gsxr_patrick: calls $0.25
Usurpov: folds 
LittleORK: folds 
lastboss84: folds 
jl89120: folds 
Alameda22: raises $0.75 to $1
sonce1: folds 
gsxr_patrick: calls $0.75
*** FLOP *** [6c 4h Kc]
Alameda22: bets $1.50
gsxr_patrick: folds 
Uncalled bet ($1.50) returned to Alameda22
lastboss84 leaves the table
Alameda22 collected $2.15 from pot
Alameda22: doesn't show hand 
*** SUMMARY ***
Total pot $2.25 | Rake $0.10 
Board [6c 4h Kc]
Seat 1: gsxr_patrick folded on the Flop
Seat 2: Usurpov folded before Flop (didn't bet)
Seat 3: LittleORK folded before Flop (didn't bet)
Seat 4: lastboss84 folded before Flop (didn't bet)
Seat 5: jl89120 (button) folded before Flop (didn't bet)
Seat 6: Alameda22 (small blind) collected ($2.15)
Seat 7: sonce1 (big blind) folded before Flop
Seat 8: E.raiser.01 folded before Flop (didn't bet)
Seat 9: ehbowen21 folded before Flop (didn't bet)



PokerStars Game #19839510955:  Hold'em No Limit ($0.10/$0.25) - 2008/08/23 - 15:07:10 (ET)
Table 'Menelaus III' 9-max Seat #6 is the button
Seat 1: gsxr_patrick ($44.60 in chips) 
Seat 2: Usurpov ($37.05 in chips) 
Seat 3: LittleORK ($27.55 in chips) 
Seat 5: jl89120 ($17.25 in chips) 
Seat 6: Alameda22 ($29.20 in chips) 
Seat 7: sonce1 ($7.15 in chips) 
Seat 9: ehbowen21 ($16.30 in chips) 
sonce1: posts small blind $0.10
ehbowen21: posts big blind $0.25
*** HOLE CARDS ***
Dealt to Alameda22 [Kh Ah]
gsxr_patrick: calls $0.25
Usurpov: folds 
Aylindirk joins the table at seat #4 
LittleORK: folds 
jl89120: folds 
Alameda22: raises $0.75 to $1
sonce1: folds 
ehbowen21: raises $1.50 to $2.50
gsxr_patrick: raises $1.50 to $4
Alameda22: folds 
ehbowen21: calls $1.50
*** FLOP *** [Kc 6s 9c]
ehbowen21: checks 
gsxr_patrick: bets $40.60 and is all-in
ehbowen21: calls $12.30 and is all-in
Uncalled bet ($28.30) returned to gsxr_patrick
*** TURN *** [Kc 6s 9c] [Qs]
*** RIVER *** [Kc 6s 9c Qs] [5s]
*** SHOW DOWN ***
ehbowen21: shows [Tc Ts] (a pair of Tens)
gsxr_patrick: shows [Qh Qd] (three of a kind, Queens)
gsxr_patrick collected $32.05 from pot
*** SUMMARY ***
Total pot $33.70 | Rake $1.65 
Board [Kc 6s 9c Qs 5s]
Seat 1: gsxr_patrick showed [Qh Qd] and won ($32.05) with three of a kind, Queens
Seat 2: Usurpov folded before Flop (didn't bet)
Seat 3: LittleORK folded before Flop (didn't bet)
Seat 5: jl89120 folded before Flop (didn't bet)
Seat 6: Alameda22 (button) folded before Flop
Seat 7: sonce1 (small blind) folded before Flop
Seat 9: ehbowen21 (big blind) showed [Tc Ts] and lost with a pair of Tens



PokerStars Game #19839544662:  Hold'em No Limit ($0.10/$0.25) - 2008/08/23 - 15:08:32 (ET)
Table 'Menelaus III' 9-max Seat #7 is the button
Seat 1: gsxr_patrick ($60.35 in chips) 
Seat 2: Usurpov ($37.05 in chips) 
Seat 3: LittleORK ($27.55 in chips) 
Seat 5: jl89120 ($17.25 in chips) 
Seat 6: Alameda22 ($28.20 in chips) 
Seat 7: sonce1 ($7.05 in chips) 
gsxr_patrick: posts small blind $0.10
Usurpov: posts big blind $0.25
Aylindirk: sits out 
*** HOLE CARDS ***
Dealt to Alameda22 [Ks 6d]
ehbowen21 has returned
LittleORK: folds 
jl89120: folds 
Alameda22: folds 
sonce1: folds 
gsxr_patrick: calls $0.15
Usurpov: checks 
*** FLOP *** [8s 6h 7c]
gsxr_patrick: bets $0.50
Usurpov: folds 
Uncalled bet ($0.50) returned to gsxr_patrick
gsxr_patrick collected $0.50 from pot
gsxr_patrick: doesn't show hand 
*** SUMMARY ***
Total pot $0.50 | Rake $0 
Board [8s 6h 7c]
Seat 1: gsxr_patrick (small blind) collected ($0.50)
Seat 2: Usurpov (big blind) folded on the Flop
Seat 3: LittleORK folded before Flop (didn't bet)
Seat 5: jl89120 folded before Flop (didn't bet)
Seat 6: Alameda22 folded before Flop (didn't bet)
Seat 7: sonce1 (button) folded before Flop (didn't bet)



PokerStars Game #19839561056:  Hold'em No Limit ($0.10/$0.25) - 2008/08/23 - 15:09:12 (ET)
Table 'Menelaus III' 9-max Seat #1 is the button
Seat 1: gsxr_patrick ($60.60 in chips) 
Seat 2: Usurpov ($36.80 in chips) 
Seat 3: LittleORK ($27.55 in chips) 
Seat 5: jl89120 ($17.25 in chips) 
Seat 6: Alameda22 ($28.20 in chips) 
Seat 7: sonce1 ($7.05 in chips) 
Seat 9: ehbowen21 ($15 in chips) 
Usurpov: posts small blind $0.10
LittleORK: posts big blind $0.25
Aylindirk: sits out 
ehbowen21: posts small blind $0.10
*** HOLE CARDS ***
Dealt to Alameda22 [Th Qd]
jl89120: folds 
Alameda22: folds 
sonce1: calls $0.25
ehbowen21: raises $0.50 to $0.75
gsxr_patrick: calls $0.75
Usurpov: folds 
LittleORK: folds 
sonce1: calls $0.50
*** FLOP *** [6c 8h 2c]
sonce1: checks 
ehbowen21: bets $1
gsxr_patrick: raises $14 to $15
sonce1: folds 
ehbowen21: folds 
Uncalled bet ($14) returned to gsxr_patrick
gsxr_patrick collected $4.50 from pot
gsxr_patrick: shows [6h 6d] (three of a kind, Sixes)
*** SUMMARY ***
Total pot $4.70 | Rake $0.20 
Board [6c 8h 2c]
Seat 1: gsxr_patrick (button) collected ($4.50)
Seat 2: Usurpov (small blind) folded before Flop
Seat 3: LittleORK (big blind) folded before Flop
Seat 5: jl89120 folded before Flop (didn't bet)
Seat 6: Alameda22 folded before Flop (didn't bet)
Seat 7: sonce1 folded on the Flop
Seat 9: ehbowen21 folded on the Flop



PokerStars Game #19839581421:  Hold'em No Limit ($0.10/$0.25) - 2008/08/23 - 15:09:59 (ET)
Table 'Menelaus III' 9-max Seat #2 is the button
Seat 1: gsxr_patrick ($63.35 in chips) 
Seat 2: Usurpov ($36.70 in chips) 
Seat 3: LittleORK ($27.30 in chips) 
Seat 4: Aylindirk ($5 in chips) 
Seat 5: jl89120 ($17.25 in chips) 
Seat 6: Alameda22 ($28.20 in chips) 
Seat 7: sonce1 ($6.30 in chips) 
Seat 9: ehbowen21 ($13.15 in chips) 
LittleORK: posts small blind $0.10
Aylindirk: posts big blind $0.25
*** HOLE CARDS ***
Dealt to Alameda22 [3c Kh]
jl89120: folds 
Alameda22: folds 
sonce1: folds 
ehbowen21: raises $0.50 to $0.75
gsxr_patrick: calls $0.75
Usurpov: folds 
LittleORK: folds 
Aylindirk: folds 
*** FLOP *** [Jh 7c 8s]
ehbowen21: bets $1
gsxr_patrick: raises $1 to $2
ehbowen21: raises $10.40 to $12.40 and is all-in
gsxr_patrick: calls $10.40
*** TURN *** [Jh 7c 8s] [As]
*** RIVER *** [Jh 7c 8s As] [2d]
*** SHOW DOWN ***
ehbowen21: shows [9s 9d] (a pair of Nines)
gsxr_patrick: shows [Qs Jc] (a pair of Jacks)
gsxr_patrick collected $25.35 from pot
*** SUMMARY ***
Total pot $26.65 | Rake $1.30 
Board [Jh 7c 8s As 2d]
Seat 1: gsxr_patrick showed [Qs Jc] and won ($25.35) with a pair of Jacks
Seat 2: Usurpov (button) folded before Flop (didn't bet)
Seat 3: LittleORK (small blind) folded before Flop
Seat 4: Aylindirk (big blind) folded before Flop
Seat 5: jl89120 folded before Flop (didn't bet)
Seat 6: Alameda22 folded before Flop (didn't bet)
Seat 7: sonce1 folded before Flop (didn't bet)
Seat 9: ehbowen21 showed [9s 9d] and lost with a pair of Nines



PokerStars Game #19839605293:  Hold'em No Limit ($0.10/$0.25) - 2008/08/23 - 15:10:56 (ET)
Table 'Menelaus III' 9-max Seat #3 is the button
Seat 1: gsxr_patrick ($75.55 in chips) 
Seat 2: Usurpov ($36.70 in chips) 
Seat 3: LittleORK ($27.20 in chips) 
Seat 4: Aylindirk ($4.75 in chips) 
Seat 5: jl89120 ($17.25 in chips) 
Seat 6: Alameda22 ($28.20 in chips) 
Seat 7: sonce1 ($6.30 in chips) 
Aylindirk: posts small blind $0.10
jl89120: posts big blind $0.25
*** HOLE CARDS ***
Dealt to Alameda22 [4h Ac]
ehbowen21 has returned
Alameda22: folds 
sonce1: folds 
gsxr_patrick: calls $0.25
Usurpov: raises $1.25 to $1.50
LittleORK: folds 
Aylindirk: folds 
jl89120: calls $1.25
gsxr_patrick: folds 
*** FLOP *** [7d 8c Jh]
jl89120: checks 
Usurpov: checks 
*** TURN *** [7d 8c Jh] [Th]
jl89120: bets $1
Usurpov: folds 
Uncalled bet ($1) returned to jl89120
jl89120 collected $3.20 from pot
*** SUMMARY ***
Total pot $3.35 | Rake $0.15 
Board [7d 8c Jh Th]
Seat 1: gsxr_patrick folded before Flop
Seat 2: Usurpov folded on the Turn
Seat 3: LittleORK (button) folded before Flop (didn't bet)
Seat 4: Aylindirk (small blind) folded before Flop
Seat 5: jl89120 (big blind) collected ($3.20)
Seat 6: Alameda22 folded before Flop (didn't bet)
Seat 7: sonce1 folded before Flop (didn't bet)



PokerStars Game #19839631069:  Hold'em No Limit ($0.10/$0.25) - 2008/08/23 - 15:11:57 (ET)
Table 'Menelaus III' 9-max Seat #4 is the button
Seat 1: gsxr_patrick ($75.30 in chips) 
Seat 2: Usurpov ($35.20 in chips) 
Seat 3: LittleORK ($27.20 in chips) 
Seat 4: Aylindirk ($4.65 in chips) 
Seat 5: jl89120 ($18.95 in chips) 
Seat 6: Alameda22 ($28.20 in chips) 
Seat 7: sonce1 ($6.30 in chips) 
Seat 9: ehbowen21 ($14.60 in chips) 
jl89120: posts small blind $0.10
Alameda22: posts big blind $0.25
*** HOLE CARDS ***
Dealt to Alameda22 [9c Tc]
E.raiser.01 has returned
sonce1: folds 
ehbowen21: raises $0.50 to $0.75
gsxr_patrick: raises $0.50 to $1.25
Usurpov: folds 
LittleORK: folds 
Aylindirk: folds 
jl89120: folds 
Alameda22: calls $1
ehbowen21: calls $0.50
*** FLOP *** [Td 3d Qd]
Alameda22: checks 
ehbowen21: bets $1.25
gsxr_patrick: raises $1.25 to $2.50
Alameda22: folds 
ehbowen21: calls $1.25
*** TURN *** [Td 3d Qd] [5d]
ehbowen21: bets $2.50
gsxr_patrick: calls $2.50
*** RIVER *** [Td 3d Qd 5d] [Qc]
ehbowen21: bets $4
gsxr_patrick: folds 
Uncalled bet ($4) returned to ehbowen21
ehbowen21 collected $13.20 from pot
*** SUMMARY ***
Total pot $13.85 | Rake $0.65 
Board [Td 3d Qd 5d Qc]
Seat 1: gsxr_patrick folded on the River
Seat 2: Usurpov folded before Flop (didn't bet)
Seat 3: LittleORK folded before Flop (didn't bet)
Seat 4: Aylindirk (button) folded before Flop (didn't bet)
Seat 5: jl89120 (small blind) folded before Flop
Seat 6: Alameda22 (big blind) folded on the Flop
Seat 7: sonce1 folded before Flop (didn't bet)
Seat 9: ehbowen21 collected ($13.20)



PokerStars Game #19839669318:  Hold'em No Limit ($0.10/$0.25) - 2008/08/23 - 15:13:28 (ET)
Table 'Menelaus III' 9-max Seat #5 is the button
Seat 1: gsxr_patrick ($69.05 in chips) 
Seat 2: Usurpov ($35.20 in chips) 
Seat 3: LittleORK ($27.20 in chips) 
Seat 4: Aylindirk ($4.65 in chips) 
Seat 5: jl89120 ($18.85 in chips) 
Seat 6: Alameda22 ($26.95 in chips) 
Seat 7: sonce1 ($6.30 in chips) 
Seat 9: ehbowen21 ($21.55 in chips) 
Alameda22: posts small blind $0.10
sonce1: posts big blind $0.25
E.raiser.01: sits out 
*** HOLE CARDS ***
Dealt to Alameda22 [5d 9c]
ehbowen21: folds 
gsxr_patrick: calls $0.25
Usurpov: folds 
LittleORK: folds 
Aylindirk: folds 
jl89120: calls $0.25
Alameda22: folds 
sonce1: checks 
*** FLOP *** [4s 8c Td]
sonce1: checks 
gsxr_patrick: bets $0.25
jl89120: calls $0.25
sonce1: calls $0.25
*** TURN *** [4s 8c Td] [Tc]
sonce1: checks 
gsxr_patrick: bets $1
jl89120: calls $1
sonce1: calls $1
*** RIVER *** [4s 8c Td Tc] [3d]
sonce1: bets $4.80 and is all-in
gsxr_patrick: calls $4.80
jl89120: folds 
*** SHOW DOWN ***
sonce1: shows [Th 3s] (a full house, Tens full of Threes)
gsxr_patrick: shows [Qh Qs] (two pair, Queens and Tens)
sonce1 collected $13.50 from pot
*** SUMMARY ***
Total pot $14.20 | Rake $0.70 
Board [4s 8c Td Tc 3d]
Seat 1: gsxr_patrick showed [Qh Qs] and lost with two pair, Queens and Tens
Seat 2: Usurpov folded before Flop (didn't bet)
Seat 3: LittleORK folded before Flop (didn't bet)
Seat 4: Aylindirk folded before Flop (didn't bet)
Seat 5: jl89120 (button) folded on the River
Seat 6: Alameda22 (small blind) folded before Flop
Seat 7: sonce1 (big blind) showed [Th 3s] and won ($13.50) with a full house, Tens full of Threes
Seat 9: ehbowen21 folded before Flop (didn't bet)



PokerStars Game #19839701425:  Hold'em No Limit ($0.10/$0.25) - 2008/08/23 - 15:14:44 (ET)
Table 'Menelaus III' 9-max Seat #6 is the button
Seat 1: gsxr_patrick ($62.75 in chips) 
Seat 2: Usurpov ($35.20 in chips) 
Seat 3: LittleORK ($27.20 in chips) 
Seat 4: Aylindirk ($4.65 in chips) 
Seat 5: jl89120 ($17.35 in chips) 
Seat 6: Alameda22 ($26.85 in chips) 
Seat 7: sonce1 ($13.50 in chips) 
Seat 8: E.raiser.01 ($15.05 in chips) 
Seat 9: ehbowen21 ($21.55 in chips) 
sonce1: posts small blind $0.10
gsxr_patrick said, "nice one!"
E.raiser.01: posts big blind $0.25
*** HOLE CARDS ***
Dealt to Alameda22 [2c 5s]
ehbowen21: raises $0.50 to $0.75
gsxr_patrick: folds 
Usurpov: raises $2 to $2.75
LittleORK: folds 
Aylindirk: folds 
jl89120: folds 
Alameda22: folds 
sonce1: folds 
E.raiser.01: folds 
ehbowen21: calls $2
*** FLOP *** [8c 7s 6c]
ehbowen21: checks 
Usurpov: bets $4.50
ehbowen21: raises $14.30 to $18.80 and is all-in
Usurpov: calls $14.30
*** TURN *** [8c 7s 6c] [5c]
*** RIVER *** [8c 7s 6c 5c] [Jd]
*** SHOW DOWN ***
ehbowen21: shows [3h 3c] (a pair of Threes)
Usurpov: shows [Ad As] (a pair of Aces)
Usurpov collected $41.30 from pot
ehbowen21 leaves the table
*** SUMMARY ***
Total pot $43.45 | Rake $2.15 
Board [8c 7s 6c 5c Jd]
Seat 1: gsxr_patrick folded before Flop (didn't bet)
Seat 2: Usurpov showed [Ad As] and won ($41.30) with a pair of Aces
Seat 3: LittleORK folded before Flop (didn't bet)
Seat 4: Aylindirk folded before Flop (didn't bet)
Seat 5: jl89120 folded before Flop (didn't bet)
Seat 6: Alameda22 (button) folded before Flop (didn't bet)
Seat 7: sonce1 (small blind) folded before Flop
Seat 8: E.raiser.01 (big blind) folded before Flop
Seat 9: ehbowen21 showed [3h 3c] and lost with a pair of Threes



PokerStars Game #19839725185:  Hold'em No Limit ($0.10/$0.25) - 2008/08/23 - 15:15:40 (ET)
Table 'Menelaus III' 9-max Seat #7 is the button
Seat 1: gsxr_patrick ($62.75 in chips) 
Seat 2: Usurpov ($54.95 in chips) 
Seat 3: LittleORK ($27.20 in chips) 
Seat 4: Aylindirk ($4.65 in chips) 
Seat 5: jl89120 ($17.35 in chips) 
Seat 6: Alameda22 ($26.85 in chips) 
Seat 7: sonce1 ($13.40 in chips) 
Seat 8: E.raiser.01 ($14.80 in chips) 
E.raiser.01: posts small blind $0.10
gsxr_patrick: posts big blind $0.25
*** HOLE CARDS ***
Dealt to Alameda22 [8d 5d]
EiQ_200 joins the table at seat #9 
Usurpov: folds 
LittleORK: folds 
Aylindirk: folds 
jl89120: folds 
Alameda22: folds 
sonce1: folds 
E.raiser.01: folds 
Uncalled bet ($0.15) returned to gsxr_patrick
gsxr_patrick collected $0.20 from pot
gsxr_patrick: doesn't show hand 
*** SUMMARY ***
Total pot $0.20 | Rake $0 
Seat 1: gsxr_patrick (big blind) collected ($0.20)
Seat 2: Usurpov folded before Flop (didn't bet)
Seat 3: LittleORK folded before Flop (didn't bet)
Seat 4: Aylindirk folded before Flop (didn't bet)
Seat 5: jl89120 folded before Flop (didn't bet)
Seat 6: Alameda22 folded before Flop (didn't bet)
Seat 7: sonce1 (button) folded before Flop (didn't bet)
Seat 8: E.raiser.01 (small blind) folded before Flop



PokerStars Game #19839740889:  Hold'em No Limit ($0.10/$0.25) - 2008/08/23 - 15:16:17 (ET)
Table 'Menelaus III' 9-max Seat #8 is the button
Seat 1: gsxr_patrick ($62.85 in chips) 
Seat 2: Usurpov ($54.95 in chips) 
Seat 3: LittleORK ($27.20 in chips) 
Seat 4: Aylindirk ($4.65 in chips) 
Seat 5: jl89120 ($17.35 in chips) 
Seat 6: Alameda22 ($26.85 in chips) 
Seat 7: sonce1 ($13.40 in chips) 
Seat 8: E.raiser.01 ($14.70 in chips) 
EiQ_200 will be allowed to play after the button
gsxr_patrick: posts small blind $0.10
Usurpov: posts big blind $0.25
*** HOLE CARDS ***
Dealt to Alameda22 [Kh Ad]
LittleORK: folds 
Aylindirk: folds 
jl89120: calls $0.25
Alameda22: raises $0.75 to $1
sonce1: folds 
E.raiser.01: folds 
gsxr_patrick: folds 
Usurpov: calls $0.75
jl89120: calls $0.75
*** FLOP *** [8h 2s 4c]
Usurpov: bets $2.25
jl89120: folds 
Alameda22: folds 
Uncalled bet ($2.25) returned to Usurpov
Usurpov collected $2.95 from pot
Usurpov: doesn't show hand 
*** SUMMARY ***
Total pot $3.10 | Rake $0.15 
Board [8h 2s 4c]
Seat 1: gsxr_patrick (small blind) folded before Flop
Seat 2: Usurpov (big blind) collected ($2.95)
Seat 3: LittleORK folded before Flop (didn't bet)
Seat 4: Aylindirk folded before Flop (didn't bet)
Seat 5: jl89120 folded on the Flop
Seat 6: Alameda22 folded on the Flop
Seat 7: sonce1 folded before Flop (didn't bet)
Seat 8: E.raiser.01 (button) folded before Flop (didn't bet)



PokerStars Game #19839763954:  Hold'em No Limit ($0.10/$0.25) - 2008/08/23 - 15:17:11 (ET)
Table 'Menelaus III' 9-max Seat #1 is the button
Seat 1: gsxr_patrick ($62.75 in chips) 
Seat 2: Usurpov ($56.90 in chips) 
Seat 3: LittleORK ($27.20 in chips) 
Seat 4: Aylindirk ($4.65 in chips) 
Seat 5: jl89120 ($16.35 in chips) 
Seat 6: Alameda22 ($25.85 in chips) 
Seat 7: sonce1 ($13.40 in chips) 
Seat 8: E.raiser.01 ($14.70 in chips) 
Seat 9: EiQ_200 ($25 in chips) 
Usurpov: posts small blind $0.10
LittleORK: posts big blind $0.25
EiQ_200: posts big blind $0.25
*** HOLE CARDS ***
Dealt to Alameda22 [Kd 7c]
Aylindirk: folds 
jl89120: folds 
Alameda22: folds 
sonce1: folds 
E.raiser.01: calls $0.25
EiQ_200: checks 
gsxr_patrick: folds 
Usurpov: folds 
LittleORK: checks 
*** FLOP *** [4h 7d 2s]
LittleORK: checks 
E.raiser.01: checks 
EiQ_200: checks 
*** TURN *** [4h 7d 2s] [4d]
LittleORK: checks 
E.raiser.01: checks 
EiQ_200: checks 
*** RIVER *** [4h 7d 2s 4d] [Tc]
LittleORK: checks 
E.raiser.01: checks 
EiQ_200: checks 
*** SHOW DOWN ***
LittleORK: shows [9s 3s] (a pair of Fours)
E.raiser.01: shows [Jc Qc] (a pair of Fours - Queen kicker)
EiQ_200: shows [As 6d] (a pair of Fours - Ace kicker)
EiQ_200 collected $0.85 from pot
*** SUMMARY ***
Total pot $0.85 | Rake $0 
Board [4h 7d 2s 4d Tc]
Seat 1: gsxr_patrick (button) folded before Flop (didn't bet)
Seat 2: Usurpov (small blind) folded before Flop
Seat 3: LittleORK (big blind) showed [9s 3s] and lost with a pair of Fours
Seat 4: Aylindirk folded before Flop (didn't bet)
Seat 5: jl89120 folded before Flop (didn't bet)
Seat 6: Alameda22 folded before Flop (didn't bet)
Seat 7: sonce1 folded before Flop (didn't bet)
Seat 8: E.raiser.01 showed [Jc Qc] and lost with a pair of Fours
Seat 9: EiQ_200 showed [As 6d] and won ($0.85) with a pair of Fours



PokerStars Game #19839794864:  Hold'em No Limit ($0.10/$0.25) - 2008/08/23 - 15:18:24 (ET)
Table 'Menelaus III' 9-max Seat #2 is the button
Seat 1: gsxr_patrick ($62.75 in chips) 
Seat 2: Usurpov ($56.80 in chips) 
Seat 3: LittleORK ($26.95 in chips) 
Seat 4: Aylindirk ($4.65 in chips) 
Seat 5: jl89120 ($16.35 in chips) 
Seat 6: Alameda22 ($25.85 in chips) 
Seat 7: sonce1 ($13.40 in chips) 
Seat 8: E.raiser.01 ($14.45 in chips) 
Seat 9: EiQ_200 ($25.60 in chips) 
LittleORK: posts small blind $0.10
Aylindirk: posts big blind $0.25
*** HOLE CARDS ***
Dealt to Alameda22 [Jc 9d]
jl89120: calls $0.25
Alameda22: folds 
sonce1: calls $0.25
E.raiser.01: folds 
EiQ_200: calls $0.25
gsxr_patrick: folds 
Usurpov: folds 
LittleORK: raises $0.50 to $0.75
Aylindirk: folds 
jl89120: calls $0.50
sonce1: calls $0.50
EiQ_200: calls $0.50
*** FLOP *** [Jd Ad 5s]
LittleORK: bets $1.25
jl89120: calls $1.25
sonce1: calls $1.25
EiQ_200: folds 
*** TURN *** [Jd Ad 5s] [8h]
LittleORK: bets $1.25
jl89120: calls $1.25
sonce1: calls $1.25
*** RIVER *** [Jd Ad 5s 8h] [3h]
LittleORK: checks 
jl89120: checks 
sonce1: checks 
*** SHOW DOWN ***
LittleORK: shows [Qd Kd] (high card Ace)
jl89120: shows [Qs Ks] (high card Ace)
sonce1: shows [Qc Ah] (a pair of Aces)
sonce1 collected $10.25 from pot
*** SUMMARY ***
Total pot $10.75 | Rake $0.50 
Board [Jd Ad 5s 8h 3h]
Seat 1: gsxr_patrick folded before Flop (didn't bet)
Seat 2: Usurpov (button) folded before Flop (didn't bet)
Seat 3: LittleORK (small blind) showed [Qd Kd] and lost with high card Ace
Seat 4: Aylindirk (big blind) folded before Flop
Seat 5: jl89120 showed [Qs Ks] and lost with high card Ace
Seat 6: Alameda22 folded before Flop (didn't bet)
Seat 7: sonce1 showed [Qc Ah] and won ($10.25) with a pair of Aces
Seat 8: E.raiser.01 folded before Flop (didn't bet)
Seat 9: EiQ_200 folded on the Flop



PokerStars Game #19839820951:  Hold'em No Limit ($0.10/$0.25) - 2008/08/23 - 15:19:25 (ET)
Table 'Menelaus III' 9-max Seat #3 is the button
Seat 1: gsxr_patrick ($62.75 in chips) 
Seat 2: Usurpov ($56.80 in chips) 
Seat 3: LittleORK ($23.70 in chips) 
Seat 4: Aylindirk ($4.40 in chips) 
Seat 5: jl89120 ($13.10 in chips) 
Seat 6: Alameda22 ($25.85 in chips) 
Seat 7: sonce1 ($20.40 in chips) 
Seat 8: E.raiser.01 ($14.45 in chips) 
Seat 9: EiQ_200 ($24.85 in chips) 
Aylindirk: posts small blind $0.10
jl89120: posts big blind $0.25
*** HOLE CARDS ***
Dealt to Alameda22 [7c Kc]
Alameda22: folds 
sonce1: folds 
E.raiser.01: folds 
EiQ_200: folds 
gsxr_patrick: calls $0.25
Usurpov: raises $1.25 to $1.50
LittleORK: folds 
Aylindirk: folds 
jl89120: folds 
gsxr_patrick: folds 
Uncalled bet ($1.25) returned to Usurpov
Usurpov collected $0.85 from pot
Usurpov: doesn't show hand 
*** SUMMARY ***
Total pot $0.85 | Rake $0 
Seat 1: gsxr_patrick folded before Flop
Seat 2: Usurpov collected ($0.85)
Seat 3: LittleORK (button) folded before Flop (didn't bet)
Seat 4: Aylindirk (small blind) folded before Flop
Seat 5: jl89120 (big blind) folded before Flop
Seat 6: Alameda22 folded before Flop (didn't bet)
Seat 7: sonce1 folded before Flop (didn't bet)
Seat 8: E.raiser.01 folded before Flop (didn't bet)
Seat 9: EiQ_200 folded before Flop (didn't bet)



PokerStars Game #19839849828:  Hold'em No Limit ($0.10/$0.25) - 2008/08/23 - 15:20:34 (ET)
Table 'Menelaus III' 9-max Seat #4 is the button
Seat 1: gsxr_patrick ($62.50 in chips) 
Seat 2: Usurpov ($57.40 in chips) 
Seat 3: LittleORK ($23.70 in chips) 
Seat 4: Aylindirk ($4.30 in chips) 
Seat 5: jl89120 ($12.85 in chips) 
Seat 6: Alameda22 ($25.85 in chips) 
Seat 7: sonce1 ($20.40 in chips) 
Seat 8: E.raiser.01 ($14.45 in chips) 
Seat 9: EiQ_200 ($24.85 in chips) 
jl89120: posts small blind $0.10
Alameda22: posts big blind $0.25
*** HOLE CARDS ***
Dealt to Alameda22 [2c Th]
sonce1: folds 
E.raiser.01: folds 
EiQ_200: folds 
gsxr_patrick: calls $0.25
Usurpov: folds 
LittleORK: folds 
Aylindirk: folds 
jl89120: folds 
Alameda22: checks 
*** FLOP *** [6h Jh Qh]
Alameda22: checks 
gsxr_patrick: bets $0.50
Alameda22: folds 
Uncalled bet ($0.50) returned to gsxr_patrick
gsxr_patrick collected $0.60 from pot
gsxr_patrick: doesn't show hand 
*** SUMMARY ***
Total pot $0.60 | Rake $0 
Board [6h Jh Qh]
Seat 1: gsxr_patrick collected ($0.60)
Seat 2: Usurpov folded before Flop (didn't bet)
Seat 3: LittleORK folded before Flop (didn't bet)
Seat 4: Aylindirk (button) folded before Flop (didn't bet)
Seat 5: jl89120 (small blind) folded before Flop
Seat 6: Alameda22 (big blind) folded on the Flop
Seat 7: sonce1 folded before Flop (didn't bet)
Seat 8: E.raiser.01 folded before Flop (didn't bet)
Seat 9: EiQ_200 folded before Flop (didn't bet)



PokerStars Game #19839872589:  Hold'em No Limit ($0.10/$0.25) - 2008/08/23 - 15:21:29 (ET)
Table 'Menelaus III' 9-max Seat #5 is the button
Seat 1: gsxr_patrick ($62.85 in chips) 
Seat 2: Usurpov ($57.40 in chips) 
Seat 3: LittleORK ($23.70 in chips) 
Seat 4: Aylindirk ($4.30 in chips) 
Seat 5: jl89120 ($12.75 in chips) 
Seat 6: Alameda22 ($25.60 in chips) 
Seat 7: sonce1 ($20.40 in chips) 
Seat 8: E.raiser.01 ($14.45 in chips) 
Seat 9: EiQ_200 ($24.85 in chips) 
Alameda22: posts small blind $0.10
sonce1: posts big blind $0.25
*** HOLE CARDS ***
Dealt to Alameda22 [Qs 8h]
E.raiser.01: calls $0.25
EiQ_200: folds 
gsxr_patrick: calls $0.25
Usurpov: folds 
LittleORK: folds 
Aylindirk: folds 
jl89120: calls $0.25
Alameda22: folds 
sonce1: checks 
*** FLOP *** [6c Ah Jd]
sonce1: checks 
E.raiser.01: checks 
gsxr_patrick: checks 
jl89120: checks 
*** TURN *** [6c Ah Jd] [5h]
sonce1: checks 
E.raiser.01: bets $0.75
gsxr_patrick: folds 
jl89120: calls $0.75
sonce1: folds 
*** RIVER *** [6c Ah Jd 5h] [Kd]
E.raiser.01: bets $1.75
jl89120: calls $1.75
*** SHOW DOWN ***
E.raiser.01: shows [5c 5s] (three of a kind, Fives)
jl89120: mucks hand 
E.raiser.01 collected $5.80 from pot
*** SUMMARY ***
Total pot $6.10 | Rake $0.30 
Board [6c Ah Jd 5h Kd]
Seat 1: gsxr_patrick folded on the Turn
Seat 2: Usurpov folded before Flop (didn't bet)
Seat 3: LittleORK folded before Flop (didn't bet)
Seat 4: Aylindirk folded before Flop (didn't bet)
Seat 5: jl89120 (button) mucked [Ad 2c]
Seat 6: Alameda22 (small blind) folded before Flop
Seat 7: sonce1 (big blind) folded on the Turn
Seat 8: E.raiser.01 showed [5c 5s] and won ($5.80) with three of a kind, Fives
Seat 9: EiQ_200 folded before Flop (didn't bet)



PokerStars Game #19839907168:  Hold'em No Limit ($0.10/$0.25) - 2008/08/23 - 15:22:50 (ET)
Table 'Menelaus III' 9-max Seat #6 is the button
Seat 1: gsxr_patrick ($62.60 in chips) 
Seat 2: Usurpov ($57.40 in chips) 
Seat 3: LittleORK ($23.70 in chips) 
Seat 4: Aylindirk ($4.30 in chips) 
Seat 5: jl89120 ($10 in chips) 
Seat 6: Alameda22 ($25.50 in chips) 
Seat 7: sonce1 ($20.15 in chips) 
Seat 8: E.raiser.01 ($17.50 in chips) 
Seat 9: EiQ_200 ($24.85 in chips) 
sonce1: posts small blind $0.10
E.raiser.01: posts big blind $0.25
*** HOLE CARDS ***
Dealt to Alameda22 [Th Qc]
EiQ_200: folds 
gsxr_patrick: calls $0.25
Usurpov: folds 
LittleORK: folds 
Aylindirk: folds 
jl89120: folds 
Alameda22: folds 
sonce1: calls $0.15
E.raiser.01: checks 
*** FLOP *** [8d Ac 2c]
sonce1: checks 
E.raiser.01: checks 
gsxr_patrick: bets $0.50
LittleORK is sitting out
sonce1: calls $0.50
E.raiser.01: folds 
*** TURN *** [8d Ac 2c] [9d]
sonce1: checks 
gsxr_patrick: bets $1
sonce1: folds 
Uncalled bet ($1) returned to gsxr_patrick
gsxr_patrick collected $1.70 from pot
gsxr_patrick: doesn't show hand 
*** SUMMARY ***
Total pot $1.75 | Rake $0.05 
Board [8d Ac 2c 9d]
Seat 1: gsxr_patrick collected ($1.70)
Seat 2: Usurpov folded before Flop (didn't bet)
Seat 3: LittleORK folded before Flop (didn't bet)
Seat 4: Aylindirk folded before Flop (didn't bet)
Seat 5: jl89120 folded before Flop (didn't bet)
Seat 6: Alameda22 (button) folded before Flop (didn't bet)
Seat 7: sonce1 (small blind) folded on the Turn
Seat 8: E.raiser.01 (big blind) folded on the Flop
Seat 9: EiQ_200 folded before Flop (didn't bet)



PokerStars Game #19839945921:  Hold'em No Limit ($0.10/$0.25) - 2008/08/23 - 15:24:21 (ET)
Table 'Menelaus III' 9-max Seat #7 is the button
Seat 1: gsxr_patrick ($63.55 in chips) 
Seat 2: Usurpov ($57.40 in chips) 
Seat 4: Aylindirk ($4.30 in chips) 
Seat 5: jl89120 ($10 in chips) 
Seat 6: Alameda22 ($25.50 in chips) 
Seat 7: sonce1 ($19.40 in chips) 
Seat 8: E.raiser.01 ($17.25 in chips) 
Seat 9: EiQ_200 ($24.85 in chips) 
E.raiser.01: posts small blind $0.10
EiQ_200: posts big blind $0.25
*** HOLE CARDS ***
Dealt to Alameda22 [9d 6c]
gsxr_patrick: folds 
Usurpov: folds 
Aylindirk: folds 
jl89120: folds 
Alameda22: folds 
sonce1: folds 
E.raiser.01: raises $0.75 to $1
EiQ_200: folds 
Uncalled bet ($0.75) returned to E.raiser.01
E.raiser.01 collected $0.50 from pot
*** SUMMARY ***
Total pot $0.50 | Rake $0 
Seat 1: gsxr_patrick folded before Flop (didn't bet)
Seat 2: Usurpov folded before Flop (didn't bet)
Seat 4: Aylindirk folded before Flop (didn't bet)
Seat 5: jl89120 folded before Flop (didn't bet)
Seat 6: Alameda22 folded before Flop (didn't bet)
Seat 7: sonce1 (button) folded before Flop (didn't bet)
Seat 8: E.raiser.01 (small blind) collected ($0.50)
Seat 9: EiQ_200 (big blind) folded before Flop



PokerStars Game #19839965272:  Hold'em No Limit ($0.10/$0.25) - 2008/08/23 - 15:25:06 (ET)
Table 'Menelaus III' 9-max Seat #8 is the button
Seat 1: gsxr_patrick ($63.55 in chips) 
Seat 2: Usurpov ($57.40 in chips) 
Seat 4: Aylindirk ($4.30 in chips) 
Seat 5: jl89120 ($10 in chips) 
Seat 6: Alameda22 ($25.50 in chips) 
Seat 7: sonce1 ($19.40 in chips) 
Seat 8: E.raiser.01 ($17.50 in chips) 
Seat 9: EiQ_200 ($24.60 in chips) 
EiQ_200: posts small blind $0.10
gsxr_patrick: posts big blind $0.25
*** HOLE CARDS ***
Dealt to Alameda22 [8c 5d]
Usurpov: folds 
Aylindirk: folds 
jl89120: folds 
Alameda22: folds 
sonce1: folds 
E.raiser.01: folds 
EiQ_200: folds 
Uncalled bet ($0.15) returned to gsxr_patrick
gsxr_patrick collected $0.20 from pot
gsxr_patrick: shows [2s 2d] (a pair of Deuces)
*** SUMMARY ***
Total pot $0.20 | Rake $0 
Seat 1: gsxr_patrick (big blind) collected ($0.20)
Seat 2: Usurpov folded before Flop (didn't bet)
Seat 4: Aylindirk folded before Flop (didn't bet)
Seat 5: jl89120 folded before Flop (didn't bet)
Seat 6: Alameda22 folded before Flop (didn't bet)
Seat 7: sonce1 folded before Flop (didn't bet)
Seat 8: E.raiser.01 (button) folded before Flop (didn't bet)
Seat 9: EiQ_200 (small blind) folded before Flop



PokerStars Game #19839980733:  Hold'em No Limit ($0.10/$0.25) - 2008/08/23 - 15:25:42 (ET)
Table 'Menelaus III' 9-max Seat #9 is the button
Seat 1: gsxr_patrick ($63.65 in chips) 
Seat 2: Usurpov ($57.40 in chips) 
Seat 4: Aylindirk ($4.30 in chips) 
Seat 5: jl89120 ($10 in chips) 
Seat 6: Alameda22 ($25.50 in chips) 
Seat 7: sonce1 ($19.40 in chips) 
Seat 8: E.raiser.01 ($17.50 in chips) 
Seat 9: EiQ_200 ($24.50 in chips) 
gsxr_patrick: posts small blind $0.10
Usurpov: posts big blind $0.25
*** HOLE CARDS ***
Dealt to Alameda22 [9h Jh]
Aylindirk: folds 
jl89120: folds 
Alameda22: folds 
sonce1: folds 
E.raiser.01: folds 
EiQ_200: folds 
gsxr_patrick: calls $0.15
Usurpov: checks 
*** FLOP *** [Qs 6c 3d]
gsxr_patrick: bets $0.50
Usurpov: folds 
Uncalled bet ($0.50) returned to gsxr_patrick
gsxr_patrick collected $0.50 from pot
gsxr_patrick: doesn't show hand 
*** SUMMARY ***
Total pot $0.50 | Rake $0 
Board [Qs 6c 3d]
Seat 1: gsxr_patrick (small blind) collected ($0.50)
Seat 2: Usurpov (big blind) folded on the Flop
Seat 4: Aylindirk folded before Flop (didn't bet)
Seat 5: jl89120 folded before Flop (didn't bet)
Seat 6: Alameda22 folded before Flop (didn't bet)
Seat 7: sonce1 folded before Flop (didn't bet)
Seat 8: E.raiser.01 folded before Flop (didn't bet)
Seat 9: EiQ_200 (button) folded before Flop (didn't bet)



PokerStars Game #19839999245:  Hold'em No Limit ($0.10/$0.25) - 2008/08/23 - 15:26:26 (ET)
Table 'Menelaus III' 9-max Seat #1 is the button
Seat 1: gsxr_patrick ($63.90 in chips) 
Seat 2: Usurpov ($57.15 in chips) 
Seat 4: Aylindirk ($4.30 in chips) 
Seat 5: jl89120 ($10 in chips) 
Seat 6: Alameda22 ($25.50 in chips) 
Seat 7: sonce1 ($19.40 in chips) 
Seat 8: E.raiser.01 ($17.50 in chips) 
Seat 9: EiQ_200 ($24.50 in chips) 
Usurpov: posts small blind $0.10
Aylindirk: posts big blind $0.25
*** HOLE CARDS ***
Dealt to Alameda22 [Kh Jd]
jl89120: folds 
Alameda22: folds 
sonce1: folds 
jl89120 leaves the table
janeX14511 joins the table at seat #5 
E.raiser.01: folds 
EiQ_200: folds 
gsxr_patrick: calls $0.25
Usurpov: calls $0.15
Aylindirk: checks 
*** FLOP *** [4s 3s 8s]
Usurpov: checks 
Aylindirk: checks 
gsxr_patrick: checks 
*** TURN *** [4s 3s 8s] [Td]
Usurpov: checks 
Aylindirk: checks 
gsxr_patrick: bets $0.25
Usurpov: folds 
Aylindirk: folds 
Uncalled bet ($0.25) returned to gsxr_patrick
gsxr_patrick collected $0.75 from pot
gsxr_patrick: shows [Tc Js] (a pair of Tens)
*** SUMMARY ***
Total pot $0.75 | Rake $0 
Board [4s 3s 8s Td]
Seat 1: gsxr_patrick (button) collected ($0.75)
Seat 2: Usurpov (small blind) folded on the Turn
Seat 4: Aylindirk (big blind) folded on the Turn
Seat 5: jl89120 folded before Flop (didn't bet)
Seat 6: Alameda22 folded before Flop (didn't bet)
Seat 7: sonce1 folded before Flop (didn't bet)
Seat 8: E.raiser.01 folded before Flop (didn't bet)
Seat 9: EiQ_200 folded before Flop (didn't bet)



PokerStars Game #19840025809:  Hold'em No Limit ($0.10/$0.25) - 2008/08/23 - 15:27:28 (ET)
Table 'Menelaus III' 9-max Seat #2 is the button
Seat 1: gsxr_patrick ($64.40 in chips) 
Seat 2: Usurpov ($56.90 in chips) 
Seat 4: Aylindirk ($4.05 in chips) 
Seat 5: janeX14511 ($25 in chips) 
Seat 6: Alameda22 ($25.50 in chips) 
Seat 7: sonce1 ($19.40 in chips) 
Seat 8: E.raiser.01 ($17.50 in chips) 
Seat 9: EiQ_200 ($24.50 in chips) 
Aylindirk: posts small blind $0.10
janeX14511: posts big blind $0.25
*** HOLE CARDS ***
Dealt to Alameda22 [Qd Kh]
Alameda22: folds 
sonce1: folds 
sonce1 leaves the table
E.raiser.01: folds 
EiQ_200: raises $0.75 to $1
gsxr_patrick: folds 
Usurpov: calls $1
Aylindirk: folds 
janeX14511: folds 
*** FLOP *** [Kd Tc 5s]
EiQ_200: bets $1.25
Usurpov: folds 
Uncalled bet ($1.25) returned to EiQ_200
EiQ_200 collected $2.25 from pot
EiQ_200: doesn't show hand 
*** SUMMARY ***
Total pot $2.35 | Rake $0.10 
Board [Kd Tc 5s]
Seat 1: gsxr_patrick folded before Flop (didn't bet)
Seat 2: Usurpov (button) folded on the Flop
Seat 4: Aylindirk (small blind) folded before Flop
Seat 5: janeX14511 (big blind) folded before Flop
Seat 6: Alameda22 folded before Flop (didn't bet)
Seat 7: sonce1 folded before Flop (didn't bet)
Seat 8: E.raiser.01 folded before Flop (didn't bet)
Seat 9: EiQ_200 collected ($2.25)



PokerStars Game #19840044875:  Hold'em No Limit ($0.10/$0.25) - 2008/08/23 - 15:28:13 (ET)
Table 'Menelaus III' 9-max Seat #4 is the button
Seat 1: gsxr_patrick ($64.40 in chips) 
Seat 2: Usurpov ($55.90 in chips) 
Seat 4: Aylindirk ($3.95 in chips) 
Seat 5: janeX14511 ($24.75 in chips) 
Seat 6: Alameda22 ($25.50 in chips) 
Seat 8: E.raiser.01 ($17.50 in chips) 
Seat 9: EiQ_200 ($25.75 in chips) 
janeX14511: posts small blind $0.10
Alameda22: posts big blind $0.25
*** HOLE CARDS ***
Dealt to Alameda22 [2s Jh]
E.raiser.01: folds 
EiQ_200: folds 
gsxr_patrick: calls $0.25
Usurpov: folds 
Aylindirk: folds 
janeX14511: folds 
Alameda22: checks 
*** FLOP *** [9h Td 3d]
Alameda22: bets $0.40
LittleORK has returned
gsxr_patrick: calls $0.40
*** TURN *** [9h Td 3d] [6s]
Alameda22: checks 
gsxr_patrick: checks 
*** RIVER *** [9h Td 3d 6s] [4s]
Alameda22: bets $1
gsxr_patrick: calls $1
koko2585 joins the table at seat #7 
*** SHOW DOWN ***
Alameda22: shows [2s Jh] (high card Jack)
gsxr_patrick: shows [Jd Ac] (high card Ace)
gsxr_patrick collected $3.25 from pot
*** SUMMARY ***
Total pot $3.40 | Rake $0.15 
Board [9h Td 3d 6s 4s]
Seat 1: gsxr_patrick showed [Jd Ac] and won ($3.25) with high card Ace
Seat 2: Usurpov folded before Flop (didn't bet)
Seat 4: Aylindirk (button) folded before Flop (didn't bet)
Seat 5: janeX14511 (small blind) folded before Flop
Seat 6: Alameda22 (big blind) showed [2s Jh] and lost with high card Jack
Seat 8: E.raiser.01 folded before Flop (didn't bet)
Seat 9: EiQ_200 folded before Flop (didn't bet)



PokerStars Game #19840073801:  Hold'em No Limit ($0.10/$0.25) - 2008/08/23 - 15:29:21 (ET)
Table 'Menelaus III' 9-max Seat #5 is the button
Seat 1: gsxr_patrick ($66 in chips) 
Seat 2: Usurpov ($55.90 in chips) 
Seat 3: LittleORK ($23.70 in chips) 
Seat 4: Aylindirk ($3.95 in chips) 
Seat 5: janeX14511 ($24.65 in chips) 
Seat 6: Alameda22 ($23.85 in chips) 
Seat 7: koko2585 ($9 in chips) 
Seat 8: E.raiser.01 ($17.50 in chips) 
Seat 9: EiQ_200 ($25.75 in chips) 
Alameda22: posts small blind $0.10
koko2585: posts big blind $0.25
LittleORK: posts small & big blinds $0.35
*** HOLE CARDS ***
Dealt to Alameda22 [6d Qh]
E.raiser.01: folds 
EiQ_200: folds 
gsxr_patrick: calls $0.25
Usurpov: folds 
LittleORK: checks 
Aylindirk: folds 
janeX14511: folds 
Alameda22: folds 
koko2585: checks 
*** FLOP *** [Th 3d 8d]
koko2585: checks 
gsxr_patrick: checks 
LittleORK: checks 
*** TURN *** [Th 3d 8d] [7s]
koko2585: checks 
gsxr_patrick: checks 
LittleORK: checks 
*** RIVER *** [Th 3d 8d 7s] [Ks]
koko2585: checks 
gsxr_patrick: checks 
LittleORK: checks 
*** SHOW DOWN ***
koko2585: shows [2d Qs] (high card King)
gsxr_patrick: shows [3c Jh] (a pair of Threes)
LittleORK: mucks hand 
gsxr_patrick collected $0.95 from pot
*** SUMMARY ***
Total pot $0.95 | Rake $0 
Board [Th 3d 8d 7s Ks]
Seat 1: gsxr_patrick showed [3c Jh] and won ($0.95) with a pair of Threes
Seat 2: Usurpov folded before Flop (didn't bet)
Seat 3: LittleORK mucked [5d Jc]
Seat 4: Aylindirk folded before Flop (didn't bet)
Seat 5: janeX14511 (button) folded before Flop (didn't bet)
Seat 6: Alameda22 (small blind) folded before Flop
Seat 7: koko2585 (big blind) showed [2d Qs] and lost with high card King
Seat 8: E.raiser.01 folded before Flop (didn't bet)
Seat 9: EiQ_200 folded before Flop (didn't bet)



