PokerStars Game #19951226152:  Hold'em No Limit ($0.10/$0.25) - 2008/08/27 - 21:38:50 (ET)
Table 'Chlosinde III' 9-max Seat #2 is the button
Seat 1: Alameda22 ($25 in chips) 
Seat 2: Seaboat ($23.60 in chips) 
Seat 3: N.P.Tango ($25.15 in chips) 
Seat 4: Fernanditto ($24.65 in chips) 
Seat 6: FreckleDaddy ($14.50 in chips) 
Seat 7: CryptoTrio ($5.85 in chips) 
Seat 8: Chris_Rdam ($40.45 in chips) 
Seat 9: hunter7x77 ($24.95 in chips) 
N.P.Tango: posts small blind $0.10
Fernanditto: posts big blind $0.25
CMaximus: sits out 
Alameda22: posts big blind $0.25
*** HOLE CARDS ***
Dealt to Alameda22 [2c 5s]
FreckleDaddy: folds 
CryptoTrio: folds 
Chris_Rdam: folds 
hunter7x77: folds 
hunter7x77 leaves the table
Alameda22: checks 
Seaboat: folds 
Brat_at_UofC joins the table at seat #9 
N.P.Tango: calls $0.15
Fernanditto: checks 
*** FLOP *** [3s 2d 8s]
N.P.Tango: bets $0.75
Fernanditto: folds 
Alameda22: folds 
Uncalled bet ($0.75) returned to N.P.Tango
N.P.Tango collected $0.75 from pot
N.P.Tango: doesn't show hand 
*** SUMMARY ***
Total pot $0.75 | Rake $0 
Board [3s 2d 8s]
Seat 1: Alameda22 folded on the Flop
Seat 2: Seaboat (button) folded before Flop (didn't bet)
Seat 3: N.P.Tango (small blind) collected ($0.75)
Seat 4: Fernanditto (big blind) folded on the Flop
Seat 6: FreckleDaddy folded before Flop (didn't bet)
Seat 7: CryptoTrio folded before Flop (didn't bet)
Seat 8: Chris_Rdam folded before Flop (didn't bet)
Seat 9: hunter7x77 folded before Flop (didn't bet)



PokerStars Game #19951251749:  Hold'em No Limit ($0.10/$0.25) - 2008/08/27 - 21:39:56 (ET)
Table 'Chlosinde III' 9-max Seat #3 is the button
Seat 1: Alameda22 ($24.75 in chips) 
Seat 2: Seaboat ($23.60 in chips) 
Seat 3: N.P.Tango ($25.65 in chips) 
Seat 4: Fernanditto ($24.40 in chips) 
Seat 5: CMaximus ($25 in chips) 
Seat 6: FreckleDaddy ($14.50 in chips) 
Seat 7: CryptoTrio ($5.85 in chips) 
Seat 8: Chris_Rdam ($40.45 in chips) 
Fernanditto: posts small blind $0.10
CMaximus: posts big blind $0.25
Brat_at_UofC: sits out 
*** HOLE CARDS ***
Dealt to Alameda22 [3h Tc]
FreckleDaddy: folds 
CryptoTrio: folds 
Chris_Rdam: raises $0.75 to $1
Alameda22: folds 
Seaboat: folds 
N.P.Tango: folds 
Fernanditto: raises $2 to $3
CMaximus: folds 
Chris_Rdam: calls $2
*** FLOP *** [Qs 2s 5d]
Fernanditto: bets $4.25
Chris_Rdam: raises $7.75 to $12
Fernanditto: folds 
Uncalled bet ($7.75) returned to Chris_Rdam
Chris_Rdam collected $14.05 from pot
Chris_Rdam: doesn't show hand 
*** SUMMARY ***
Total pot $14.75 | Rake $0.70 
Board [Qs 2s 5d]
Seat 1: Alameda22 folded before Flop (didn't bet)
Seat 2: Seaboat folded before Flop (didn't bet)
Seat 3: N.P.Tango (button) folded before Flop (didn't bet)
Seat 4: Fernanditto (small blind) folded on the Flop
Seat 5: CMaximus (big blind) folded before Flop
Seat 6: FreckleDaddy folded before Flop (didn't bet)
Seat 7: CryptoTrio folded before Flop (didn't bet)
Seat 8: Chris_Rdam collected ($14.05)



PokerStars Game #19951285346:  Hold'em No Limit ($0.10/$0.25) - 2008/08/27 - 21:41:22 (ET)
Table 'Chlosinde III' 9-max Seat #4 is the button
Seat 1: Alameda22 ($24.75 in chips) 
Seat 2: Seaboat ($23.60 in chips) 
Seat 3: N.P.Tango ($25.65 in chips) 
Seat 4: Fernanditto ($25 in chips) 
Seat 5: CMaximus ($24.75 in chips) 
Seat 6: FreckleDaddy ($14.50 in chips) 
Seat 7: CryptoTrio ($5.85 in chips) 
Seat 8: Chris_Rdam ($47.25 in chips) 
CMaximus: posts small blind $0.10
FreckleDaddy: posts big blind $0.25
Brat_at_UofC: sits out 
*** HOLE CARDS ***
Dealt to Alameda22 [Qh 6c]
CryptoTrio: folds 
Chris_Rdam: folds 
Alameda22: folds 
Seaboat: calls $0.25
N.P.Tango: folds 
Fernanditto: folds 
CMaximus: folds 
FreckleDaddy: checks 
*** FLOP *** [Ac 9s 6s]
FreckleDaddy: checks 
Seaboat: bets $0.50
FreckleDaddy: calls $0.50
*** TURN *** [Ac 9s 6s] [Jc]
FreckleDaddy: checks 
Seaboat: bets $1
FreckleDaddy: calls $1
*** RIVER *** [Ac 9s 6s Jc] [4h]
FreckleDaddy: checks 
Seaboat: bets $2
FreckleDaddy: calls $2
*** SHOW DOWN ***
Seaboat: shows [Js Qs] (a pair of Jacks)
FreckleDaddy: shows [7c As] (a pair of Aces)
FreckleDaddy collected $7.25 from pot
*** SUMMARY ***
Total pot $7.60 | Rake $0.35 
Board [Ac 9s 6s Jc 4h]
Seat 1: Alameda22 folded before Flop (didn't bet)
Seat 2: Seaboat showed [Js Qs] and lost with a pair of Jacks
Seat 3: N.P.Tango folded before Flop (didn't bet)
Seat 4: Fernanditto (button) folded before Flop (didn't bet)
Seat 5: CMaximus (small blind) folded before Flop
Seat 6: FreckleDaddy (big blind) showed [7c As] and won ($7.25) with a pair of Aces
Seat 7: CryptoTrio folded before Flop (didn't bet)
Seat 8: Chris_Rdam folded before Flop (didn't bet)



PokerStars Game #19951318546:  Hold'em No Limit ($0.10/$0.25) - 2008/08/27 - 21:42:49 (ET)
Table 'Chlosinde III' 9-max Seat #5 is the button
Seat 1: Alameda22 ($24.75 in chips) 
Seat 2: Seaboat ($25 in chips) 
Seat 3: N.P.Tango ($25.65 in chips) 
Seat 4: Fernanditto ($25 in chips) 
Seat 5: CMaximus ($24.65 in chips) 
Seat 6: FreckleDaddy ($18 in chips) 
Seat 7: CryptoTrio ($5.85 in chips) 
Seat 8: Chris_Rdam ($47.25 in chips) 
FreckleDaddy: posts small blind $0.10
CryptoTrio: posts big blind $0.25
Brat_at_UofC: sits out 
*** HOLE CARDS ***
Dealt to Alameda22 [6c Ac]
Chris_Rdam: folds 
Alameda22: folds 
Seaboat: folds 
N.P.Tango: folds 
Fernanditto: raises $0.75 to $1
CMaximus: calls $1
FreckleDaddy: folds 
CryptoTrio: folds 
*** FLOP *** [4d 4c 7h]
Fernanditto: bets $1.25
CMaximus: calls $1.25
*** TURN *** [4d 4c 7h] [5c]
Fernanditto: bets $2.50
CMaximus: calls $2.50
*** RIVER *** [4d 4c 7h 5c] [Qc]
Fernanditto: checks 
CMaximus: checks 
*** SHOW DOWN ***
Fernanditto: shows [Th Tc] (two pair, Tens and Fours)
CMaximus: mucks hand 
Fernanditto collected $9.40 from pot
*** SUMMARY ***
Total pot $9.85 | Rake $0.45 
Board [4d 4c 7h 5c Qc]
Seat 1: Alameda22 folded before Flop (didn't bet)
Seat 2: Seaboat folded before Flop (didn't bet)
Seat 3: N.P.Tango folded before Flop (didn't bet)
Seat 4: Fernanditto showed [Th Tc] and won ($9.40) with two pair, Tens and Fours
Seat 5: CMaximus (button) mucked [8h 8s]
Seat 6: FreckleDaddy (small blind) folded before Flop
Seat 7: CryptoTrio (big blind) folded before Flop
Seat 8: Chris_Rdam folded before Flop (didn't bet)



PokerStars Game #19951358395:  Hold'em No Limit ($0.10/$0.25) - 2008/08/27 - 21:44:32 (ET)
Table 'Chlosinde III' 9-max Seat #6 is the button
Seat 1: Alameda22 ($24.75 in chips) 
Seat 2: Seaboat ($25 in chips) 
Seat 3: N.P.Tango ($25.65 in chips) 
Seat 4: Fernanditto ($29.65 in chips) 
Seat 5: CMaximus ($25 in chips) 
Seat 6: FreckleDaddy ($17.90 in chips) 
Seat 7: CryptoTrio ($5.60 in chips) 
Seat 9: Brat_at_UofC ($25 in chips) 
CryptoTrio: posts small blind $0.10
Chris_Rdam: is sitting out 
Chris_Rdam leaves the table
Brat_at_UofC: posts big blind $0.25
*** HOLE CARDS ***
Dealt to Alameda22 [Jh 7s]
Alameda22: folds 
Seaboat: calls $0.25
wezvidzz joins the table at seat #8 
N.P.Tango: folds 
Fernanditto: folds 
CMaximus: calls $0.25
FreckleDaddy: calls $0.25
CryptoTrio: folds 
Brat_at_UofC: checks 
*** FLOP *** [Jd 5d 7d]
Brat_at_UofC: bets $1.05
Seaboat: folds 
CMaximus: folds 
FreckleDaddy: folds 
Uncalled bet ($1.05) returned to Brat_at_UofC
Brat_at_UofC collected $1.05 from pot
Brat_at_UofC: doesn't show hand 
*** SUMMARY ***
Total pot $1.10 | Rake $0.05 
Board [Jd 5d 7d]
Seat 1: Alameda22 folded before Flop (didn't bet)
Seat 2: Seaboat folded on the Flop
Seat 3: N.P.Tango folded before Flop (didn't bet)
Seat 4: Fernanditto folded before Flop (didn't bet)
Seat 5: CMaximus folded on the Flop
Seat 6: FreckleDaddy (button) folded on the Flop
Seat 7: CryptoTrio (small blind) folded before Flop
Seat 9: Brat_at_UofC (big blind) collected ($1.05)



PokerStars Game #19951386866:  Hold'em No Limit ($0.10/$0.25) - 2008/08/27 - 21:45:45 (ET)
Table 'Chlosinde III' 9-max Seat #7 is the button
Seat 1: Alameda22 ($24.75 in chips) 
Seat 2: Seaboat ($24.75 in chips) 
Seat 3: N.P.Tango ($25.65 in chips) 
Seat 4: Fernanditto ($29.65 in chips) 
Seat 5: CMaximus ($24.75 in chips) 
Seat 6: FreckleDaddy ($17.65 in chips) 
Seat 7: CryptoTrio ($5.50 in chips) 
Seat 9: Brat_at_UofC ($25.80 in chips) 
wezvidzz will be allowed to play after the button
Brat_at_UofC: posts small blind $0.10
Alameda22: posts big blind $0.25
*** HOLE CARDS ***
Dealt to Alameda22 [3s 7h]
Seaboat: folds 
N.P.Tango: folds 
Fernanditto: folds 
CMaximus: folds 
FreckleDaddy: raises $0.50 to $0.75
CryptoTrio: folds 
Brat_at_UofC: folds 
Alameda22: folds 
Uncalled bet ($0.50) returned to FreckleDaddy
FreckleDaddy collected $0.60 from pot
FreckleDaddy: doesn't show hand 
*** SUMMARY ***
Total pot $0.60 | Rake $0 
Seat 1: Alameda22 (big blind) folded before Flop
Seat 2: Seaboat folded before Flop (didn't bet)
Seat 3: N.P.Tango folded before Flop (didn't bet)
Seat 4: Fernanditto folded before Flop (didn't bet)
Seat 5: CMaximus folded before Flop (didn't bet)
Seat 6: FreckleDaddy collected ($0.60)
Seat 7: CryptoTrio (button) folded before Flop (didn't bet)
Seat 9: Brat_at_UofC (small blind) folded before Flop



PokerStars Game #19951401301:  Hold'em No Limit ($0.10/$0.25) - 2008/08/27 - 21:46:22 (ET)
Table 'Chlosinde III' 9-max Seat #9 is the button
Seat 1: Alameda22 ($24.50 in chips) 
Seat 2: Seaboat ($24.75 in chips) 
Seat 3: N.P.Tango ($25.65 in chips) 
Seat 4: Fernanditto ($29.65 in chips) 
Seat 5: CMaximus ($24.75 in chips) 
Seat 6: FreckleDaddy ($18 in chips) 
Seat 7: CryptoTrio ($5.50 in chips) 
Seat 9: Brat_at_UofC ($25.70 in chips) 
Alameda22: posts small blind $0.10
Seaboat: posts big blind $0.25
wezvidzz: sits out 
*** HOLE CARDS ***
Dealt to Alameda22 [8c 5h]
N.P.Tango: folds 
Fernanditto: folds 
CMaximus: folds 
FreckleDaddy: folds 
CryptoTrio: folds 
Brat_at_UofC: folds 
Alameda22: folds 
Uncalled bet ($0.15) returned to Seaboat
Seaboat collected $0.20 from pot
Seaboat: doesn't show hand 
*** SUMMARY ***
Total pot $0.20 | Rake $0 
Seat 1: Alameda22 (small blind) folded before Flop
Seat 2: Seaboat (big blind) collected ($0.20)
Seat 3: N.P.Tango folded before Flop (didn't bet)
Seat 4: Fernanditto folded before Flop (didn't bet)
Seat 5: CMaximus folded before Flop (didn't bet)
Seat 6: FreckleDaddy folded before Flop (didn't bet)
Seat 7: CryptoTrio folded before Flop (didn't bet)
Seat 9: Brat_at_UofC (button) folded before Flop (didn't bet)



PokerStars Game #19951418060:  Hold'em No Limit ($0.10/$0.25) - 2008/08/27 - 21:47:05 (ET)
Table 'Chlosinde III' 9-max Seat #1 is the button
Seat 1: Alameda22 ($24.40 in chips) 
Seat 2: Seaboat ($24.85 in chips) 
Seat 3: N.P.Tango ($25.65 in chips) 
Seat 4: Fernanditto ($29.65 in chips) 
Seat 5: CMaximus ($24.75 in chips) 
Seat 6: FreckleDaddy ($18 in chips) 
Seat 7: CryptoTrio ($5.50 in chips) 
Seat 9: Brat_at_UofC ($25.70 in chips) 
Seaboat: posts small blind $0.10
N.P.Tango: posts big blind $0.25
wezvidzz: sits out 
*** HOLE CARDS ***
Dealt to Alameda22 [Ac Ah]
Fernanditto: folds 
CMaximus: folds 
FreckleDaddy: folds 
CryptoTrio: folds 
Brat_at_UofC: folds 
Alameda22: raises $0.50 to $0.75
Seaboat: folds 
N.P.Tango: folds 
Uncalled bet ($0.50) returned to Alameda22
Alameda22 collected $0.60 from pot
Alameda22: doesn't show hand 
*** SUMMARY ***
Total pot $0.60 | Rake $0 
Seat 1: Alameda22 (button) collected ($0.60)
Seat 2: Seaboat (small blind) folded before Flop
Seat 3: N.P.Tango (big blind) folded before Flop
Seat 4: Fernanditto folded before Flop (didn't bet)
Seat 5: CMaximus folded before Flop (didn't bet)
Seat 6: FreckleDaddy folded before Flop (didn't bet)
Seat 7: CryptoTrio folded before Flop (didn't bet)
Seat 9: Brat_at_UofC folded before Flop (didn't bet)



PokerStars Game #19951434379:  Hold'em No Limit ($0.10/$0.25) - 2008/08/27 - 21:47:47 (ET)
Table 'Chlosinde III' 9-max Seat #2 is the button
Seat 1: Alameda22 ($24.75 in chips) 
Seat 2: Seaboat ($24.75 in chips) 
Seat 3: N.P.Tango ($25.40 in chips) 
Seat 4: Fernanditto ($29.65 in chips) 
Seat 5: CMaximus ($24.75 in chips) 
Seat 6: FreckleDaddy ($18 in chips) 
Seat 7: CryptoTrio ($5.50 in chips) 
Seat 9: Brat_at_UofC ($25.70 in chips) 
N.P.Tango: posts small blind $0.10
Fernanditto: posts big blind $0.25
wezvidzz: sits out 
*** HOLE CARDS ***
Dealt to Alameda22 [8d 2c]
CMaximus: folds 
FreckleDaddy: folds 
CryptoTrio: folds 
Brat_at_UofC: folds 
Alameda22: folds 
Seaboat: raises $0.95 to $1.20
N.P.Tango: folds 
Fernanditto: folds 
Uncalled bet ($0.95) returned to Seaboat
Seaboat collected $0.60 from pot
Seaboat: doesn't show hand 
*** SUMMARY ***
Total pot $0.60 | Rake $0 
Seat 1: Alameda22 folded before Flop (didn't bet)
Seat 2: Seaboat (button) collected ($0.60)
Seat 3: N.P.Tango (small blind) folded before Flop
Seat 4: Fernanditto (big blind) folded before Flop
Seat 5: CMaximus folded before Flop (didn't bet)
Seat 6: FreckleDaddy folded before Flop (didn't bet)
Seat 7: CryptoTrio folded before Flop (didn't bet)
Seat 9: Brat_at_UofC folded before Flop (didn't bet)



PokerStars Game #19951452399:  Hold'em No Limit ($0.10/$0.25) - 2008/08/27 - 21:48:33 (ET)
Table 'Chlosinde III' 9-max Seat #3 is the button
Seat 1: Alameda22 ($24.75 in chips) 
Seat 2: Seaboat ($25.10 in chips) 
Seat 3: N.P.Tango ($25.30 in chips) 
Seat 4: Fernanditto ($29.40 in chips) 
Seat 5: CMaximus ($24.75 in chips) 
Seat 6: FreckleDaddy ($18 in chips) 
Seat 7: CryptoTrio ($5.50 in chips) 
Seat 9: Brat_at_UofC ($25.70 in chips) 
Fernanditto: posts small blind $0.10
CMaximus: posts big blind $0.25
wezvidzz: sits out 
*** HOLE CARDS ***
Dealt to Alameda22 [Ts 6h]
FreckleDaddy: folds 
CryptoTrio: folds 
Brat_at_UofC: folds 
Alameda22: folds 
Seaboat: folds 
N.P.Tango: raises $0.50 to $0.75
Fernanditto: folds 
CMaximus: folds 
Uncalled bet ($0.50) returned to N.P.Tango
N.P.Tango collected $0.60 from pot
*** SUMMARY ***
Total pot $0.60 | Rake $0 
Seat 1: Alameda22 folded before Flop (didn't bet)
Seat 2: Seaboat folded before Flop (didn't bet)
Seat 3: N.P.Tango (button) collected ($0.60)
Seat 4: Fernanditto (small blind) folded before Flop
Seat 5: CMaximus (big blind) folded before Flop
Seat 6: FreckleDaddy folded before Flop (didn't bet)
Seat 7: CryptoTrio folded before Flop (didn't bet)
Seat 9: Brat_at_UofC folded before Flop (didn't bet)



PokerStars Game #19951471006:  Hold'em No Limit ($0.10/$0.25) - 2008/08/27 - 21:49:21 (ET)
Table 'Chlosinde III' 9-max Seat #4 is the button
Seat 1: Alameda22 ($24.75 in chips) 
Seat 2: Seaboat ($25.10 in chips) 
Seat 3: N.P.Tango ($25.65 in chips) 
Seat 4: Fernanditto ($29.30 in chips) 
Seat 5: CMaximus ($24.50 in chips) 
Seat 6: FreckleDaddy ($18 in chips) 
Seat 7: CryptoTrio ($5.50 in chips) 
Seat 9: Brat_at_UofC ($25.70 in chips) 
CMaximus: posts small blind $0.10
FreckleDaddy: posts big blind $0.25
wezvidzz: sits out 
*** HOLE CARDS ***
Dealt to Alameda22 [Jh Qh]
CryptoTrio: folds 
Brat_at_UofC: folds 
Alameda22: folds 
Seaboat: folds 
N.P.Tango: folds 
Fernanditto: folds 
CMaximus: folds 
Uncalled bet ($0.15) returned to FreckleDaddy
FreckleDaddy collected $0.20 from pot
FreckleDaddy: doesn't show hand 
*** SUMMARY ***
Total pot $0.20 | Rake $0 
Seat 1: Alameda22 folded before Flop (didn't bet)
Seat 2: Seaboat folded before Flop (didn't bet)
Seat 3: N.P.Tango folded before Flop (didn't bet)
Seat 4: Fernanditto (button) folded before Flop (didn't bet)
Seat 5: CMaximus (small blind) folded before Flop
Seat 6: FreckleDaddy (big blind) collected ($0.20)
Seat 7: CryptoTrio folded before Flop (didn't bet)
Seat 9: Brat_at_UofC folded before Flop (didn't bet)



PokerStars Game #19951481280:  Hold'em No Limit ($0.10/$0.25) - 2008/08/27 - 21:49:47 (ET)
Table 'Chlosinde III' 9-max Seat #5 is the button
Seat 1: Alameda22 ($24.75 in chips) 
Seat 2: Seaboat ($25.10 in chips) 
Seat 3: N.P.Tango ($25.65 in chips) 
Seat 4: Fernanditto ($29.30 in chips) 
Seat 5: CMaximus ($24.40 in chips) 
Seat 6: FreckleDaddy ($18.10 in chips) 
Seat 7: CryptoTrio ($5.50 in chips) 
Seat 9: Brat_at_UofC ($25.70 in chips) 
FreckleDaddy: posts small blind $0.10
CryptoTrio: posts big blind $0.25
wezvidzz: sits out 
*** HOLE CARDS ***
Dealt to Alameda22 [Js 9c]
Brat_at_UofC: folds 
Alameda22: folds 
Seaboat: raises $1 to $1.25
N.P.Tango: folds 
Fernanditto: folds 
CMaximus: folds 
FreckleDaddy: folds 
CryptoTrio: folds 
Uncalled bet ($1) returned to Seaboat
Seaboat collected $0.60 from pot
Seaboat: doesn't show hand 
*** SUMMARY ***
Total pot $0.60 | Rake $0 
Seat 1: Alameda22 folded before Flop (didn't bet)
Seat 2: Seaboat collected ($0.60)
Seat 3: N.P.Tango folded before Flop (didn't bet)
Seat 4: Fernanditto folded before Flop (didn't bet)
Seat 5: CMaximus (button) folded before Flop (didn't bet)
Seat 6: FreckleDaddy (small blind) folded before Flop
Seat 7: CryptoTrio (big blind) folded before Flop
Seat 9: Brat_at_UofC folded before Flop (didn't bet)



PokerStars Game #19951498962:  Hold'em No Limit ($0.10/$0.25) - 2008/08/27 - 21:50:33 (ET)
Table 'Chlosinde III' 9-max Seat #6 is the button
Seat 1: Alameda22 ($24.75 in chips) 
Seat 2: Seaboat ($25.45 in chips) 
Seat 3: N.P.Tango ($25.65 in chips) 
Seat 4: Fernanditto ($29.30 in chips) 
Seat 5: CMaximus ($24.40 in chips) 
Seat 6: FreckleDaddy ($18 in chips) 
Seat 7: CryptoTrio ($5.25 in chips) 
Seat 8: wezvidzz ($12 in chips) 
Seat 9: Brat_at_UofC ($25.70 in chips) 
CryptoTrio: posts small blind $0.10
wezvidzz: posts big blind $0.25
*** HOLE CARDS ***
Dealt to Alameda22 [8d Jd]
Brat_at_UofC: folds 
Alameda22: folds 
Seaboat: folds 
N.P.Tango: folds 
Fernanditto: folds 
CMaximus: folds 
FreckleDaddy: folds 
CryptoTrio: folds 
Uncalled bet ($0.15) returned to wezvidzz
wezvidzz collected $0.20 from pot
wezvidzz: doesn't show hand 
*** SUMMARY ***
Total pot $0.20 | Rake $0 
Seat 1: Alameda22 folded before Flop (didn't bet)
Seat 2: Seaboat folded before Flop (didn't bet)
Seat 3: N.P.Tango folded before Flop (didn't bet)
Seat 4: Fernanditto folded before Flop (didn't bet)
Seat 5: CMaximus folded before Flop (didn't bet)
Seat 6: FreckleDaddy (button) folded before Flop (didn't bet)
Seat 7: CryptoTrio (small blind) folded before Flop
Seat 8: wezvidzz (big blind) collected ($0.20)
Seat 9: Brat_at_UofC folded before Flop (didn't bet)



PokerStars Game #19951518144:  Hold'em No Limit ($0.10/$0.25) - 2008/08/27 - 21:51:23 (ET)
Table 'Chlosinde III' 9-max Seat #7 is the button
Seat 1: Alameda22 ($24.75 in chips) 
Seat 2: Seaboat ($25.45 in chips) 
Seat 3: N.P.Tango ($25.65 in chips) 
Seat 4: Fernanditto ($29.30 in chips) 
Seat 5: CMaximus ($24.40 in chips) 
Seat 6: FreckleDaddy ($18 in chips) 
Seat 7: CryptoTrio ($5.15 in chips) 
Seat 8: wezvidzz ($12.10 in chips) 
Seat 9: Brat_at_UofC ($25.70 in chips) 
wezvidzz: posts small blind $0.10
Brat_at_UofC: posts big blind $0.25
*** HOLE CARDS ***
Dealt to Alameda22 [Ac Qs]
Alameda22: raises $0.50 to $0.75
Seaboat: calls $0.75
N.P.Tango: raises $1 to $1.75
Fernanditto: folds 
CMaximus: folds 
FreckleDaddy: folds 
CryptoTrio: folds 
wezvidzz: folds 
Brat_at_UofC: folds 
Alameda22: calls $1
Seaboat: calls $1
*** FLOP *** [3d 7c Jd]
Alameda22: checks 
Seaboat: checks 
N.P.Tango: bets $2.25
Alameda22: folds 
Seaboat: calls $2.25
*** TURN *** [3d 7c Jd] [Jh]
Seaboat: checks 
N.P.Tango: checks 
*** RIVER *** [3d 7c Jd Jh] [Tc]
Seaboat: bets $6
N.P.Tango: folds 
Uncalled bet ($6) returned to Seaboat
Seaboat collected $9.65 from pot
Seaboat: doesn't show hand 
*** SUMMARY ***
Total pot $10.10 | Rake $0.45 
Board [3d 7c Jd Jh Tc]
Seat 1: Alameda22 folded on the Flop
Seat 2: Seaboat collected ($9.65)
Seat 3: N.P.Tango folded on the River
Seat 4: Fernanditto folded before Flop (didn't bet)
Seat 5: CMaximus folded before Flop (didn't bet)
Seat 6: FreckleDaddy folded before Flop (didn't bet)
Seat 7: CryptoTrio (button) folded before Flop (didn't bet)
Seat 8: wezvidzz (small blind) folded before Flop
Seat 9: Brat_at_UofC (big blind) folded before Flop



PokerStars Game #19951565912:  Hold'em No Limit ($0.10/$0.25) - 2008/08/27 - 21:53:27 (ET)
Table 'Chlosinde III' 9-max Seat #8 is the button
Seat 1: Alameda22 ($23 in chips) 
Seat 2: Seaboat ($31.10 in chips) 
Seat 3: N.P.Tango ($21.65 in chips) 
Seat 4: Fernanditto ($29.30 in chips) 
Seat 5: CMaximus ($24.40 in chips) 
Seat 6: FreckleDaddy ($18 in chips) 
Seat 7: CryptoTrio ($5.15 in chips) 
Seat 8: wezvidzz ($12 in chips) 
Seat 9: Brat_at_UofC ($25.45 in chips) 
Brat_at_UofC: posts small blind $0.10
Alameda22: posts big blind $0.25
*** HOLE CARDS ***
Dealt to Alameda22 [3c Qd]
Seaboat: folds 
N.P.Tango: folds 
Fernanditto: folds 
CMaximus: folds 
FreckleDaddy: folds 
CryptoTrio: folds 
wezvidzz: folds 
Brat_at_UofC: folds 
Uncalled bet ($0.15) returned to Alameda22
Alameda22 collected $0.20 from pot
Alameda22: doesn't show hand 
*** SUMMARY ***
Total pot $0.20 | Rake $0 
Seat 1: Alameda22 (big blind) collected ($0.20)
Seat 2: Seaboat folded before Flop (didn't bet)
Seat 3: N.P.Tango folded before Flop (didn't bet)
Seat 4: Fernanditto folded before Flop (didn't bet)
Seat 5: CMaximus folded before Flop (didn't bet)
Seat 6: FreckleDaddy folded before Flop (didn't bet)
Seat 7: CryptoTrio folded before Flop (didn't bet)
Seat 8: wezvidzz (button) folded before Flop (didn't bet)
Seat 9: Brat_at_UofC (small blind) folded before Flop



PokerStars Game #19951582544:  Hold'em No Limit ($0.10/$0.25) - 2008/08/27 - 21:54:10 (ET)
Table 'Chlosinde III' 9-max Seat #9 is the button
Seat 1: Alameda22 ($23.10 in chips) 
Seat 2: Seaboat ($31.10 in chips) 
Seat 3: N.P.Tango ($21.65 in chips) 
Seat 4: Fernanditto ($29.30 in chips) 
Seat 5: CMaximus ($24.40 in chips) 
Seat 6: FreckleDaddy ($18 in chips) 
Seat 7: CryptoTrio ($5.15 in chips) 
Seat 8: wezvidzz ($12 in chips) 
Seat 9: Brat_at_UofC ($25.35 in chips) 
Alameda22: posts small blind $0.10
Seaboat: posts big blind $0.25
*** HOLE CARDS ***
Dealt to Alameda22 [Tc 7c]
N.P.Tango: folds 
Fernanditto: folds 
CMaximus: folds 
FreckleDaddy: calls $0.25
CryptoTrio: folds 
wezvidzz: folds 
Brat_at_UofC: folds 
Alameda22: folds 
Seaboat: checks 
*** FLOP *** [5s 6h Kd]
Seaboat: checks 
FreckleDaddy: checks 
*** TURN *** [5s 6h Kd] [2h]
Seaboat: checks 
FreckleDaddy: bets $0.25
Seaboat: folds 
Uncalled bet ($0.25) returned to FreckleDaddy
FreckleDaddy collected $0.60 from pot
FreckleDaddy: doesn't show hand 
*** SUMMARY ***
Total pot $0.60 | Rake $0 
Board [5s 6h Kd 2h]
Seat 1: Alameda22 (small blind) folded before Flop
Seat 2: Seaboat (big blind) folded on the Turn
Seat 3: N.P.Tango folded before Flop (didn't bet)
Seat 4: Fernanditto folded before Flop (didn't bet)
Seat 5: CMaximus folded before Flop (didn't bet)
Seat 6: FreckleDaddy collected ($0.60)
Seat 7: CryptoTrio folded before Flop (didn't bet)
Seat 8: wezvidzz folded before Flop (didn't bet)
Seat 9: Brat_at_UofC (button) folded before Flop (didn't bet)



PokerStars Game #19951599293:  Hold'em No Limit ($0.10/$0.25) - 2008/08/27 - 21:54:53 (ET)
Table 'Chlosinde III' 9-max Seat #1 is the button
Seat 1: Alameda22 ($23 in chips) 
Seat 2: Seaboat ($30.85 in chips) 
Seat 3: N.P.Tango ($21.65 in chips) 
Seat 4: Fernanditto ($29.30 in chips) 
Seat 5: CMaximus ($24.40 in chips) 
Seat 6: FreckleDaddy ($18.35 in chips) 
Seat 7: CryptoTrio ($5.15 in chips) 
Seat 8: wezvidzz ($12 in chips) 
Seat 9: Brat_at_UofC ($25.35 in chips) 
Seaboat: posts small blind $0.10
N.P.Tango: posts big blind $0.25
*** HOLE CARDS ***
Dealt to Alameda22 [6d Ad]
Fernanditto: folds 
CMaximus: folds 
FreckleDaddy: folds 
CryptoTrio: folds 
wezvidzz: folds 
Brat_at_UofC: folds 
Alameda22: folds 
Seaboat: folds 
Uncalled bet ($0.15) returned to N.P.Tango
N.P.Tango collected $0.20 from pot
N.P.Tango: doesn't show hand 
*** SUMMARY ***
Total pot $0.20 | Rake $0 
Seat 1: Alameda22 (button) folded before Flop (didn't bet)
Seat 2: Seaboat (small blind) folded before Flop
Seat 3: N.P.Tango (big blind) collected ($0.20)
Seat 4: Fernanditto folded before Flop (didn't bet)
Seat 5: CMaximus folded before Flop (didn't bet)
Seat 6: FreckleDaddy folded before Flop (didn't bet)
Seat 7: CryptoTrio folded before Flop (didn't bet)
Seat 8: wezvidzz folded before Flop (didn't bet)
Seat 9: Brat_at_UofC folded before Flop (didn't bet)



PokerStars Game #19951611141:  Hold'em No Limit ($0.10/$0.25) - 2008/08/27 - 21:55:24 (ET)
Table 'Chlosinde III' 9-max Seat #2 is the button
Seat 1: Alameda22 ($23 in chips) 
Seat 2: Seaboat ($30.75 in chips) 
Seat 3: N.P.Tango ($21.75 in chips) 
Seat 4: Fernanditto ($29.30 in chips) 
Seat 5: CMaximus ($24.40 in chips) 
Seat 6: FreckleDaddy ($18.35 in chips) 
Seat 7: CryptoTrio ($5.15 in chips) 
Seat 8: wezvidzz ($12 in chips) 
Seat 9: Brat_at_UofC ($25.35 in chips) 
N.P.Tango: posts small blind $0.10
Fernanditto: posts big blind $0.25
*** HOLE CARDS ***
Dealt to Alameda22 [4c Jh]
CMaximus: folds 
FreckleDaddy: folds 
CryptoTrio: folds 
wezvidzz: folds 
Brat_at_UofC: folds 
Alameda22: folds 
Seaboat: folds 
N.P.Tango: folds 
Uncalled bet ($0.15) returned to Fernanditto
Fernanditto collected $0.20 from pot
Fernanditto: doesn't show hand 
*** SUMMARY ***
Total pot $0.20 | Rake $0 
Seat 1: Alameda22 folded before Flop (didn't bet)
Seat 2: Seaboat (button) folded before Flop (didn't bet)
Seat 3: N.P.Tango (small blind) folded before Flop
Seat 4: Fernanditto (big blind) collected ($0.20)
Seat 5: CMaximus folded before Flop (didn't bet)
Seat 6: FreckleDaddy folded before Flop (didn't bet)
Seat 7: CryptoTrio folded before Flop (didn't bet)
Seat 8: wezvidzz folded before Flop (didn't bet)
Seat 9: Brat_at_UofC folded before Flop (didn't bet)



PokerStars Game #19951623060:  Hold'em No Limit ($0.10/$0.25) - 2008/08/27 - 21:55:56 (ET)
Table 'Chlosinde III' 9-max Seat #3 is the button
Seat 1: Alameda22 ($23 in chips) 
Seat 2: Seaboat ($30.75 in chips) 
Seat 3: N.P.Tango ($21.65 in chips) 
Seat 4: Fernanditto ($29.40 in chips) 
Seat 5: CMaximus ($24.40 in chips) 
Seat 6: FreckleDaddy ($18.35 in chips) 
Seat 7: CryptoTrio ($5.15 in chips) 
Seat 8: wezvidzz ($12 in chips) 
Seat 9: Brat_at_UofC ($25.35 in chips) 
Fernanditto: posts small blind $0.10
CMaximus: posts big blind $0.25
*** HOLE CARDS ***
Dealt to Alameda22 [Kc 8c]
FreckleDaddy: folds 
CryptoTrio: folds 
wezvidzz: folds 
Brat_at_UofC: folds 
Alameda22: folds 
Seaboat: folds 
N.P.Tango: folds 
Fernanditto: folds 
Uncalled bet ($0.15) returned to CMaximus
CMaximus collected $0.20 from pot
CMaximus: doesn't show hand 
*** SUMMARY ***
Total pot $0.20 | Rake $0 
Seat 1: Alameda22 folded before Flop (didn't bet)
Seat 2: Seaboat folded before Flop (didn't bet)
Seat 3: N.P.Tango (button) folded before Flop (didn't bet)
Seat 4: Fernanditto (small blind) folded before Flop
Seat 5: CMaximus (big blind) collected ($0.20)
Seat 6: FreckleDaddy folded before Flop (didn't bet)
Seat 7: CryptoTrio folded before Flop (didn't bet)
Seat 8: wezvidzz folded before Flop (didn't bet)
Seat 9: Brat_at_UofC folded before Flop (didn't bet)



PokerStars Game #19951641080:  Hold'em No Limit ($0.10/$0.25) - 2008/08/27 - 21:56:43 (ET)
Table 'Chlosinde III' 9-max Seat #4 is the button
Seat 1: Alameda22 ($23 in chips) 
Seat 2: Seaboat ($30.75 in chips) 
Seat 3: N.P.Tango ($21.65 in chips) 
Seat 4: Fernanditto ($29.30 in chips) 
Seat 5: CMaximus ($24.50 in chips) 
Seat 6: FreckleDaddy ($18.35 in chips) 
Seat 7: CryptoTrio ($5.15 in chips) 
Seat 8: wezvidzz ($12 in chips) 
Seat 9: Brat_at_UofC ($25.35 in chips) 
CMaximus: posts small blind $0.10
FreckleDaddy: posts big blind $0.25
*** HOLE CARDS ***
Dealt to Alameda22 [5s Qs]
CryptoTrio: folds 
wezvidzz: folds 
Brat_at_UofC: folds 
Alameda22: folds 
Seaboat: folds 
N.P.Tango: folds 
Fernanditto: folds 
CMaximus: raises $0.75 to $1
FreckleDaddy: calls $0.75
*** FLOP *** [5h 8c Kh]
CMaximus: bets $1.25
FreckleDaddy: raises $1.75 to $3
CMaximus: folds 
Uncalled bet ($1.75) returned to FreckleDaddy
FreckleDaddy collected $4.30 from pot
FreckleDaddy: doesn't show hand 
*** SUMMARY ***
Total pot $4.50 | Rake $0.20 
Board [5h 8c Kh]
Seat 1: Alameda22 folded before Flop (didn't bet)
Seat 2: Seaboat folded before Flop (didn't bet)
Seat 3: N.P.Tango folded before Flop (didn't bet)
Seat 4: Fernanditto (button) folded before Flop (didn't bet)
Seat 5: CMaximus (small blind) folded on the Flop
Seat 6: FreckleDaddy (big blind) collected ($4.30)
Seat 7: CryptoTrio folded before Flop (didn't bet)
Seat 8: wezvidzz folded before Flop (didn't bet)
Seat 9: Brat_at_UofC folded before Flop (didn't bet)



PokerStars Game #19951663372:  Hold'em No Limit ($0.10/$0.25) - 2008/08/27 - 21:57:41 (ET)
Table 'Chlosinde III' 9-max Seat #5 is the button
Seat 1: Alameda22 ($23 in chips) 
Seat 2: Seaboat ($30.75 in chips) 
Seat 3: N.P.Tango ($21.65 in chips) 
Seat 4: Fernanditto ($29.30 in chips) 
Seat 5: CMaximus ($25 in chips) 
Seat 6: FreckleDaddy ($20.40 in chips) 
Seat 7: CryptoTrio ($5.15 in chips) 
Seat 8: wezvidzz ($12 in chips) 
Seat 9: Brat_at_UofC ($25.35 in chips) 
FreckleDaddy: posts small blind $0.10
CryptoTrio: posts big blind $0.25
*** HOLE CARDS ***
Dealt to Alameda22 [9d Qh]
wezvidzz: folds 
Brat_at_UofC: folds 
Alameda22: folds 
Seaboat: folds 
N.P.Tango: folds 
Fernanditto: folds 
CMaximus: raises $0.50 to $0.75
FreckleDaddy: folds 
CryptoTrio: folds 
Uncalled bet ($0.50) returned to CMaximus
CMaximus collected $0.60 from pot
CMaximus: doesn't show hand 
*** SUMMARY ***
Total pot $0.60 | Rake $0 
Seat 1: Alameda22 folded before Flop (didn't bet)
Seat 2: Seaboat folded before Flop (didn't bet)
Seat 3: N.P.Tango folded before Flop (didn't bet)
Seat 4: Fernanditto folded before Flop (didn't bet)
Seat 5: CMaximus (button) collected ($0.60)
Seat 6: FreckleDaddy (small blind) folded before Flop
Seat 7: CryptoTrio (big blind) folded before Flop
Seat 8: wezvidzz folded before Flop (didn't bet)
Seat 9: Brat_at_UofC folded before Flop (didn't bet)



PokerStars Game #19951682024:  Hold'em No Limit ($0.10/$0.25) - 2008/08/27 - 21:58:30 (ET)
Table 'Chlosinde III' 9-max Seat #6 is the button
Seat 1: Alameda22 ($23 in chips) 
Seat 2: Seaboat ($30.75 in chips) 
Seat 3: N.P.Tango ($21.65 in chips) 
Seat 4: Fernanditto ($29.30 in chips) 
Seat 5: CMaximus ($25.35 in chips) 
Seat 6: FreckleDaddy ($20.30 in chips) 
Seat 7: CryptoTrio ($4.90 in chips) 
Seat 8: wezvidzz ($12 in chips) 
Seat 9: Brat_at_UofC ($25.35 in chips) 
CryptoTrio: posts small blind $0.10
wezvidzz: posts big blind $0.25
*** HOLE CARDS ***
Dealt to Alameda22 [8h Qs]
Brat_at_UofC: folds 
Alameda22: folds 
Seaboat: folds 
N.P.Tango: raises $0.50 to $0.75
Fernanditto: folds 
CMaximus: folds 
FreckleDaddy: calls $0.75
CryptoTrio: folds 
wezvidzz: folds 
*** FLOP *** [3h 7h 5c]
N.P.Tango: bets $0.75
FreckleDaddy: calls $0.75
*** TURN *** [3h 7h 5c] [4d]
N.P.Tango: checks 
FreckleDaddy: checks 
*** RIVER *** [3h 7h 5c 4d] [6c]
N.P.Tango: checks 
FreckleDaddy: checks 
*** SHOW DOWN ***
N.P.Tango: shows [9s As] (a straight, Three to Seven)
FreckleDaddy: shows [Ad Kc] (a straight, Three to Seven)
N.P.Tango collected $1.60 from pot
FreckleDaddy collected $1.60 from pot
*** SUMMARY ***
Total pot $3.35 | Rake $0.15 
Board [3h 7h 5c 4d 6c]
Seat 1: Alameda22 folded before Flop (didn't bet)
Seat 2: Seaboat folded before Flop (didn't bet)
Seat 3: N.P.Tango showed [9s As] and won ($1.60) with a straight, Three to Seven
Seat 4: Fernanditto folded before Flop (didn't bet)
Seat 5: CMaximus folded before Flop (didn't bet)
Seat 6: FreckleDaddy (button) showed [Ad Kc] and won ($1.60) with a straight, Three to Seven
Seat 7: CryptoTrio (small blind) folded before Flop
Seat 8: wezvidzz (big blind) folded before Flop
Seat 9: Brat_at_UofC folded before Flop (didn't bet)



PokerStars Game #19951708864:  Hold'em No Limit ($0.10/$0.25) - 2008/08/27 - 21:59:42 (ET)
Table 'Chlosinde III' 9-max Seat #7 is the button
Seat 1: Alameda22 ($23 in chips) 
Seat 2: Seaboat ($30.75 in chips) 
Seat 3: N.P.Tango ($21.75 in chips) 
Seat 4: Fernanditto ($29.30 in chips) 
Seat 5: CMaximus ($25.35 in chips) 
Seat 6: FreckleDaddy ($20.40 in chips) 
Seat 7: CryptoTrio ($4.80 in chips) 
Seat 8: wezvidzz ($11.75 in chips) 
Seat 9: Brat_at_UofC ($25.35 in chips) 
wezvidzz: posts small blind $0.10
Brat_at_UofC: posts big blind $0.25
*** HOLE CARDS ***
Dealt to Alameda22 [5h 2s]
Alameda22: folds 
Seaboat: folds 
N.P.Tango: folds 
Fernanditto: folds 
CMaximus: folds 
FreckleDaddy: folds 
CryptoTrio: folds 
wezvidzz: folds 
Uncalled bet ($0.15) returned to Brat_at_UofC
Brat_at_UofC collected $0.20 from pot
Brat_at_UofC: doesn't show hand 
*** SUMMARY ***
Total pot $0.20 | Rake $0 
Seat 1: Alameda22 folded before Flop (didn't bet)
Seat 2: Seaboat folded before Flop (didn't bet)
Seat 3: N.P.Tango folded before Flop (didn't bet)
Seat 4: Fernanditto folded before Flop (didn't bet)
Seat 5: CMaximus folded before Flop (didn't bet)
Seat 6: FreckleDaddy folded before Flop (didn't bet)
Seat 7: CryptoTrio (button) folded before Flop (didn't bet)
Seat 8: wezvidzz (small blind) folded before Flop
Seat 9: Brat_at_UofC (big blind) collected ($0.20)



PokerStars Game #19951721583:  Hold'em No Limit ($0.10/$0.25) - 2008/08/27 - 22:00:13 (ET)
Table 'Chlosinde III' 9-max Seat #8 is the button
Seat 1: Alameda22 ($23 in chips) 
Seat 2: Seaboat ($30.75 in chips) 
Seat 3: N.P.Tango ($21.75 in chips) 
Seat 4: Fernanditto ($29.30 in chips) 
Seat 5: CMaximus ($25.35 in chips) 
Seat 6: FreckleDaddy ($20.40 in chips) 
Seat 7: CryptoTrio ($4.80 in chips) 
Seat 8: wezvidzz ($11.65 in chips) 
Seat 9: Brat_at_UofC ($25.45 in chips) 
Brat_at_UofC: posts small blind $0.10
Alameda22: posts big blind $0.25
*** HOLE CARDS ***
Dealt to Alameda22 [4s Ks]
Seaboat: folds 
N.P.Tango: raises $0.50 to $0.75
Fernanditto: folds 
CMaximus: folds 
FreckleDaddy: folds 
CryptoTrio: folds 
wezvidzz: folds 
Brat_at_UofC: folds 
Alameda22: folds 
Uncalled bet ($0.50) returned to N.P.Tango
N.P.Tango collected $0.60 from pot
N.P.Tango: doesn't show hand 
*** SUMMARY ***
Total pot $0.60 | Rake $0 
Seat 1: Alameda22 (big blind) folded before Flop
Seat 2: Seaboat folded before Flop (didn't bet)
Seat 3: N.P.Tango collected ($0.60)
Seat 4: Fernanditto folded before Flop (didn't bet)
Seat 5: CMaximus folded before Flop (didn't bet)
Seat 6: FreckleDaddy folded before Flop (didn't bet)
Seat 7: CryptoTrio folded before Flop (didn't bet)
Seat 8: wezvidzz (button) folded before Flop (didn't bet)
Seat 9: Brat_at_UofC (small blind) folded before Flop



PokerStars Game #19951738080:  Hold'em No Limit ($0.10/$0.25) - 2008/08/27 - 22:00:57 (ET)
Table 'Chlosinde III' 9-max Seat #9 is the button
Seat 1: Alameda22 ($22.75 in chips) 
Seat 2: Seaboat ($30.75 in chips) 
Seat 3: N.P.Tango ($22.10 in chips) 
Seat 4: Fernanditto ($29.30 in chips) 
Seat 5: CMaximus ($25.35 in chips) 
Seat 6: FreckleDaddy ($20.40 in chips) 
Seat 7: CryptoTrio ($4.80 in chips) 
Seat 8: wezvidzz ($11.65 in chips) 
Seat 9: Brat_at_UofC ($25.35 in chips) 
Alameda22: posts small blind $0.10
Seaboat: posts big blind $0.25
*** HOLE CARDS ***
Dealt to Alameda22 [6c Kd]
N.P.Tango: folds 
Fernanditto: folds 
CMaximus: folds 
FreckleDaddy: folds 
CryptoTrio: folds 
wezvidzz: folds 
Brat_at_UofC: folds 
Alameda22: folds 
Uncalled bet ($0.15) returned to Seaboat
Seaboat collected $0.20 from pot
Seaboat: doesn't show hand 
*** SUMMARY ***
Total pot $0.20 | Rake $0 
Seat 1: Alameda22 (small blind) folded before Flop
Seat 2: Seaboat (big blind) collected ($0.20)
Seat 3: N.P.Tango folded before Flop (didn't bet)
Seat 4: Fernanditto folded before Flop (didn't bet)
Seat 5: CMaximus folded before Flop (didn't bet)
Seat 6: FreckleDaddy folded before Flop (didn't bet)
Seat 7: CryptoTrio folded before Flop (didn't bet)
Seat 8: wezvidzz folded before Flop (didn't bet)
Seat 9: Brat_at_UofC (button) folded before Flop (didn't bet)



PokerStars Game #19951753036:  Hold'em No Limit ($0.10/$0.25) - 2008/08/27 - 22:01:36 (ET)
Table 'Chlosinde III' 9-max Seat #1 is the button
Seat 1: Alameda22 ($22.65 in chips) 
Seat 2: Seaboat ($30.85 in chips) 
Seat 3: N.P.Tango ($22.10 in chips) 
Seat 4: Fernanditto ($29.30 in chips) 
Seat 5: CMaximus ($25.35 in chips) 
Seat 6: FreckleDaddy ($20.40 in chips) 
Seat 7: CryptoTrio ($4.80 in chips) 
Seat 8: wezvidzz ($11.65 in chips) 
Seat 9: Brat_at_UofC ($25.35 in chips) 
Seaboat: posts small blind $0.10
N.P.Tango: posts big blind $0.25
*** HOLE CARDS ***
Dealt to Alameda22 [8h As]
Fernanditto: folds 
CMaximus: folds 
FreckleDaddy: folds 
CryptoTrio: folds 
wezvidzz: folds 
Brat_at_UofC: folds 
Alameda22: folds 
Seaboat: folds 
Uncalled bet ($0.15) returned to N.P.Tango
N.P.Tango collected $0.20 from pot
N.P.Tango: doesn't show hand 
*** SUMMARY ***
Total pot $0.20 | Rake $0 
Seat 1: Alameda22 (button) folded before Flop (didn't bet)
Seat 2: Seaboat (small blind) folded before Flop
Seat 3: N.P.Tango (big blind) collected ($0.20)
Seat 4: Fernanditto folded before Flop (didn't bet)
Seat 5: CMaximus folded before Flop (didn't bet)
Seat 6: FreckleDaddy folded before Flop (didn't bet)
Seat 7: CryptoTrio folded before Flop (didn't bet)
Seat 8: wezvidzz folded before Flop (didn't bet)
Seat 9: Brat_at_UofC folded before Flop (didn't bet)



PokerStars Game #19951763782:  Hold'em No Limit ($0.10/$0.25) - 2008/08/27 - 22:02:04 (ET)
Table 'Chlosinde III' 9-max Seat #2 is the button
Seat 1: Alameda22 ($22.65 in chips) 
Seat 2: Seaboat ($30.75 in chips) 
Seat 3: N.P.Tango ($22.20 in chips) 
Seat 4: Fernanditto ($29.30 in chips) 
Seat 5: CMaximus ($25.35 in chips) 
Seat 6: FreckleDaddy ($20.40 in chips) 
Seat 7: CryptoTrio ($4.80 in chips) 
Seat 8: wezvidzz ($11.65 in chips) 
Seat 9: Brat_at_UofC ($25.35 in chips) 
N.P.Tango: posts small blind $0.10
Fernanditto: posts big blind $0.25
*** HOLE CARDS ***
Dealt to Alameda22 [3h 3c]
CMaximus: folds 
FreckleDaddy: folds 
CryptoTrio: folds 
wezvidzz: folds 
Brat_at_UofC: raises $0.75 to $1
Alameda22: calls $1
Seaboat: folds 
N.P.Tango: folds 
Fernanditto: folds 
*** FLOP *** [Qc 9h 2d]
Brat_at_UofC: bets $1.50
Alameda22: folds 
Uncalled bet ($1.50) returned to Brat_at_UofC
Brat_at_UofC collected $2.25 from pot
Brat_at_UofC: doesn't show hand 
*** SUMMARY ***
Total pot $2.35 | Rake $0.10 
Board [Qc 9h 2d]
Seat 1: Alameda22 folded on the Flop
Seat 2: Seaboat (button) folded before Flop (didn't bet)
Seat 3: N.P.Tango (small blind) folded before Flop
Seat 4: Fernanditto (big blind) folded before Flop
Seat 5: CMaximus folded before Flop (didn't bet)
Seat 6: FreckleDaddy folded before Flop (didn't bet)
Seat 7: CryptoTrio folded before Flop (didn't bet)
Seat 8: wezvidzz folded before Flop (didn't bet)
Seat 9: Brat_at_UofC collected ($2.25)



PokerStars Game #19951789472:  Hold'em No Limit ($0.10/$0.25) - 2008/08/27 - 22:03:12 (ET)
Table 'Chlosinde III' 9-max Seat #3 is the button
Seat 1: Alameda22 ($21.65 in chips) 
Seat 2: Seaboat ($30.75 in chips) 
Seat 3: N.P.Tango ($22.10 in chips) 
Seat 4: Fernanditto ($29.05 in chips) 
Seat 5: CMaximus ($25.35 in chips) 
Seat 6: FreckleDaddy ($20.40 in chips) 
Seat 7: CryptoTrio ($4.80 in chips) 
Seat 8: wezvidzz ($11.65 in chips) 
Seat 9: Brat_at_UofC ($26.60 in chips) 
Fernanditto: posts small blind $0.10
CMaximus: posts big blind $0.25
*** HOLE CARDS ***
Dealt to Alameda22 [Jh 6d]
FreckleDaddy: folds 
CryptoTrio: folds 
wezvidzz: folds 
Brat_at_UofC: folds 
Alameda22: folds 
Seaboat: folds 
N.P.Tango: folds 
Fernanditto: folds 
Uncalled bet ($0.15) returned to CMaximus
CMaximus collected $0.20 from pot
CMaximus: doesn't show hand 
*** SUMMARY ***
Total pot $0.20 | Rake $0 
Seat 1: Alameda22 folded before Flop (didn't bet)
Seat 2: Seaboat folded before Flop (didn't bet)
Seat 3: N.P.Tango (button) folded before Flop (didn't bet)
Seat 4: Fernanditto (small blind) folded before Flop
Seat 5: CMaximus (big blind) collected ($0.20)
Seat 6: FreckleDaddy folded before Flop (didn't bet)
Seat 7: CryptoTrio folded before Flop (didn't bet)
Seat 8: wezvidzz folded before Flop (didn't bet)
Seat 9: Brat_at_UofC folded before Flop (didn't bet)



PokerStars Game #19951802771:  Hold'em No Limit ($0.10/$0.25) - 2008/08/27 - 22:03:48 (ET)
Table 'Chlosinde III' 9-max Seat #4 is the button
Seat 1: Alameda22 ($21.65 in chips) 
Seat 2: Seaboat ($30.75 in chips) 
Seat 3: N.P.Tango ($22.10 in chips) 
Seat 4: Fernanditto ($28.95 in chips) 
Seat 5: CMaximus ($25.45 in chips) 
Seat 6: FreckleDaddy ($20.40 in chips) 
Seat 7: CryptoTrio ($4.80 in chips) 
Seat 8: wezvidzz ($11.65 in chips) 
Seat 9: Brat_at_UofC ($26.60 in chips) 
CMaximus: posts small blind $0.10
FreckleDaddy: posts big blind $0.25
*** HOLE CARDS ***
Dealt to Alameda22 [Ah 8s]
CryptoTrio: folds 
wezvidzz: folds 
Brat_at_UofC: folds 
Alameda22: folds 
Seaboat: folds 
N.P.Tango: folds 
Fernanditto: folds 
CMaximus: folds 
Uncalled bet ($0.15) returned to FreckleDaddy
FreckleDaddy collected $0.20 from pot
FreckleDaddy: doesn't show hand 
*** SUMMARY ***
Total pot $0.20 | Rake $0 
Seat 1: Alameda22 folded before Flop (didn't bet)
Seat 2: Seaboat folded before Flop (didn't bet)
Seat 3: N.P.Tango folded before Flop (didn't bet)
Seat 4: Fernanditto (button) folded before Flop (didn't bet)
Seat 5: CMaximus (small blind) folded before Flop
Seat 6: FreckleDaddy (big blind) collected ($0.20)
Seat 7: CryptoTrio folded before Flop (didn't bet)
Seat 8: wezvidzz folded before Flop (didn't bet)
Seat 9: Brat_at_UofC folded before Flop (didn't bet)



PokerStars Game #19951818861:  Hold'em No Limit ($0.10/$0.25) - 2008/08/27 - 22:04:30 (ET)
Table 'Chlosinde III' 9-max Seat #5 is the button
Seat 1: Alameda22 ($21.65 in chips) 
Seat 2: Seaboat ($30.75 in chips) 
Seat 3: N.P.Tango ($22.10 in chips) 
Seat 4: Fernanditto ($28.95 in chips) 
Seat 5: CMaximus ($25.35 in chips) 
Seat 6: FreckleDaddy ($20.50 in chips) 
Seat 7: CryptoTrio ($4.80 in chips) 
Seat 8: wezvidzz ($11.65 in chips) 
Seat 9: Brat_at_UofC ($26.60 in chips) 
FreckleDaddy: posts small blind $0.10
CryptoTrio: posts big blind $0.25
*** HOLE CARDS ***
Dealt to Alameda22 [Ac 3c]
wezvidzz: folds 
wezvidzz leaves the table
Brat_at_UofC: folds 
Alameda22: folds 
Seaboat: folds 
N.P.Tango: folds 
Fernanditto: folds 
CMaximus: raises $0.50 to $0.75
FreckleDaddy: folds 
CryptoTrio: folds 
Uncalled bet ($0.50) returned to CMaximus
CMaximus collected $0.60 from pot
CMaximus: doesn't show hand 
*** SUMMARY ***
Total pot $0.60 | Rake $0 
Seat 1: Alameda22 folded before Flop (didn't bet)
Seat 2: Seaboat folded before Flop (didn't bet)
Seat 3: N.P.Tango folded before Flop (didn't bet)
Seat 4: Fernanditto folded before Flop (didn't bet)
Seat 5: CMaximus (button) collected ($0.60)
Seat 6: FreckleDaddy (small blind) folded before Flop
Seat 7: CryptoTrio (big blind) folded before Flop
Seat 8: wezvidzz folded before Flop (didn't bet)
Seat 9: Brat_at_UofC folded before Flop (didn't bet)



PokerStars Game #19951833754:  Hold'em No Limit ($0.10/$0.25) - 2008/08/27 - 22:05:10 (ET)
Table 'Chlosinde III' 9-max Seat #6 is the button
Seat 1: Alameda22 ($21.65 in chips) 
Seat 2: Seaboat ($30.75 in chips) 
Seat 3: N.P.Tango ($22.10 in chips) 
Seat 4: Fernanditto ($28.95 in chips) 
Seat 5: CMaximus ($25.70 in chips) 
Seat 6: FreckleDaddy ($20.40 in chips) 
Seat 7: CryptoTrio ($4.55 in chips) 
Seat 9: Brat_at_UofC ($26.60 in chips) 
CryptoTrio: posts small blind $0.10
Brat_at_UofC: posts big blind $0.25
*** HOLE CARDS ***
Dealt to Alameda22 [7c 2c]
Alameda22: folds 
Seaboat: folds 
Superloopin joins the table at seat #8 
N.P.Tango: folds 
Fernanditto: folds 
CMaximus: raises $0.50 to $0.75
FreckleDaddy: folds 
CryptoTrio: folds 
Brat_at_UofC: folds 
Uncalled bet ($0.50) returned to CMaximus
CMaximus collected $0.60 from pot
CMaximus: doesn't show hand 
*** SUMMARY ***
Total pot $0.60 | Rake $0 
Seat 1: Alameda22 folded before Flop (didn't bet)
Seat 2: Seaboat folded before Flop (didn't bet)
Seat 3: N.P.Tango folded before Flop (didn't bet)
Seat 4: Fernanditto folded before Flop (didn't bet)
Seat 5: CMaximus collected ($0.60)
Seat 6: FreckleDaddy (button) folded before Flop (didn't bet)
Seat 7: CryptoTrio (small blind) folded before Flop
Seat 9: Brat_at_UofC (big blind) folded before Flop



PokerStars Game #19951851613:  Hold'em No Limit ($0.10/$0.25) - 2008/08/27 - 22:05:57 (ET)
Table 'Chlosinde III' 9-max Seat #7 is the button
Seat 1: Alameda22 ($21.65 in chips) 
Seat 2: Seaboat ($30.75 in chips) 
Seat 3: N.P.Tango ($22.10 in chips) 
Seat 4: Fernanditto ($28.95 in chips) 
Seat 5: CMaximus ($26.05 in chips) 
Seat 6: FreckleDaddy ($20.40 in chips) 
Seat 7: CryptoTrio ($4.45 in chips) 
Seat 9: Brat_at_UofC ($26.35 in chips) 
Superloopin will be allowed to play after the button
Brat_at_UofC: posts small blind $0.10
Alameda22: posts big blind $0.25
*** HOLE CARDS ***
Dealt to Alameda22 [7h 2c]
Seaboat: folds 
N.P.Tango: folds 
Fernanditto: folds 
CMaximus: folds 
FreckleDaddy: calls $0.25
CryptoTrio: folds 
Brat_at_UofC: calls $0.15
Alameda22: checks 
*** FLOP *** [4h Jh 3h]
Brat_at_UofC: checks 
Alameda22: checks 
FreckleDaddy: bets $0.50
Brat_at_UofC: folds 
Alameda22: folds 
Uncalled bet ($0.50) returned to FreckleDaddy
FreckleDaddy collected $0.75 from pot
FreckleDaddy: doesn't show hand 
*** SUMMARY ***
Total pot $0.75 | Rake $0 
Board [4h Jh 3h]
Seat 1: Alameda22 (big blind) folded on the Flop
Seat 2: Seaboat folded before Flop (didn't bet)
Seat 3: N.P.Tango folded before Flop (didn't bet)
Seat 4: Fernanditto folded before Flop (didn't bet)
Seat 5: CMaximus folded before Flop (didn't bet)
Seat 6: FreckleDaddy collected ($0.75)
Seat 7: CryptoTrio (button) folded before Flop (didn't bet)
Seat 9: Brat_at_UofC (small blind) folded on the Flop



PokerStars Game #19951866978:  Hold'em No Limit ($0.10/$0.25) - 2008/08/27 - 22:06:38 (ET)
Table 'Chlosinde III' 9-max Seat #9 is the button
Seat 1: Alameda22 ($21.40 in chips) 
Seat 2: Seaboat ($30.75 in chips) 
Seat 3: N.P.Tango ($22.10 in chips) 
Seat 4: Fernanditto ($28.95 in chips) 
Seat 5: CMaximus ($26.05 in chips) 
Seat 6: FreckleDaddy ($20.90 in chips) 
Seat 7: CryptoTrio ($4.45 in chips) 
Seat 8: Superloopin ($25 in chips) 
Seat 9: Brat_at_UofC ($26.10 in chips) 
Alameda22: posts small blind $0.10
Seaboat: posts big blind $0.25
Superloopin: posts big blind $0.25
*** HOLE CARDS ***
Dealt to Alameda22 [Ah 2c]
N.P.Tango: folds 
Fernanditto: folds 
CMaximus: folds 
FreckleDaddy: folds 
CryptoTrio: folds 
Superloopin: checks 
Brat_at_UofC: folds 
Alameda22: folds 
Seaboat: checks 
*** FLOP *** [5d 7s Qh]
Seaboat: checks 
Superloopin: checks 
*** TURN *** [5d 7s Qh] [4d]
Seaboat: checks 
Superloopin: checks 
*** RIVER *** [5d 7s Qh 4d] [Kd]
Seaboat: checks 
Superloopin: checks 
*** SHOW DOWN ***
Seaboat: shows [Th 9h] (high card King)
Superloopin: shows [Jh 2s] (high card King - Queen+Jack kicker)
Superloopin collected $0.60 from pot
*** SUMMARY ***
Total pot $0.60 | Rake $0 
Board [5d 7s Qh 4d Kd]
Seat 1: Alameda22 (small blind) folded before Flop
Seat 2: Seaboat (big blind) showed [Th 9h] and lost with high card King
Seat 3: N.P.Tango folded before Flop (didn't bet)
Seat 4: Fernanditto folded before Flop (didn't bet)
Seat 5: CMaximus folded before Flop (didn't bet)
Seat 6: FreckleDaddy folded before Flop (didn't bet)
Seat 7: CryptoTrio folded before Flop (didn't bet)
Seat 8: Superloopin showed [Jh 2s] and won ($0.60) with high card King
Seat 9: Brat_at_UofC (button) folded before Flop (didn't bet)



PokerStars Game #19951889671:  Hold'em No Limit ($0.10/$0.25) - 2008/08/27 - 22:07:38 (ET)
Table 'Chlosinde III' 9-max Seat #1 is the button
Seat 1: Alameda22 ($21.30 in chips) 
Seat 2: Seaboat ($30.50 in chips) 
Seat 3: N.P.Tango ($22.10 in chips) 
Seat 4: Fernanditto ($28.95 in chips) 
Seat 5: CMaximus ($26.05 in chips) 
Seat 6: FreckleDaddy ($20.90 in chips) 
Seat 7: CryptoTrio ($4.45 in chips) 
Seat 8: Superloopin ($25.35 in chips) 
Seat 9: Brat_at_UofC ($26.10 in chips) 
Seaboat: posts small blind $0.10
N.P.Tango: posts big blind $0.25
*** HOLE CARDS ***
Dealt to Alameda22 [Ks 3h]
Fernanditto: folds 
CMaximus: folds 
FreckleDaddy: folds 
CryptoTrio: folds 
Superloopin: raises $0.75 to $1
Brat_at_UofC: folds 
Alameda22: folds 
Seaboat: folds 
N.P.Tango: folds 
Uncalled bet ($0.75) returned to Superloopin
Superloopin collected $0.60 from pot
*** SUMMARY ***
Total pot $0.60 | Rake $0 
Seat 1: Alameda22 (button) folded before Flop (didn't bet)
Seat 2: Seaboat (small blind) folded before Flop
Seat 3: N.P.Tango (big blind) folded before Flop
Seat 4: Fernanditto folded before Flop (didn't bet)
Seat 5: CMaximus folded before Flop (didn't bet)
Seat 6: FreckleDaddy folded before Flop (didn't bet)
Seat 7: CryptoTrio folded before Flop (didn't bet)
Seat 8: Superloopin collected ($0.60)
Seat 9: Brat_at_UofC folded before Flop (didn't bet)



PokerStars Game #19951904348:  Hold'em No Limit ($0.10/$0.25) - 2008/08/27 - 22:08:17 (ET)
Table 'Chlosinde III' 9-max Seat #2 is the button
Seat 1: Alameda22 ($21.30 in chips) 
Seat 2: Seaboat ($30.40 in chips) 
Seat 3: N.P.Tango ($21.85 in chips) 
Seat 4: Fernanditto ($28.95 in chips) 
Seat 5: CMaximus ($26.05 in chips) 
Seat 6: FreckleDaddy ($20.90 in chips) 
Seat 7: CryptoTrio ($4.45 in chips) 
Seat 8: Superloopin ($25.70 in chips) 
Seat 9: Brat_at_UofC ($26.10 in chips) 
N.P.Tango: posts small blind $0.10
Fernanditto: posts big blind $0.25
*** HOLE CARDS ***
Dealt to Alameda22 [7s Js]
CMaximus: folds 
FreckleDaddy: folds 
CryptoTrio: folds 
Superloopin: raises $0.75 to $1
Brat_at_UofC: folds 
Alameda22: folds 
Seaboat: folds 
N.P.Tango: folds 
Fernanditto: folds 
Uncalled bet ($0.75) returned to Superloopin
Superloopin collected $0.60 from pot
*** SUMMARY ***
Total pot $0.60 | Rake $0 
Seat 1: Alameda22 folded before Flop (didn't bet)
Seat 2: Seaboat (button) folded before Flop (didn't bet)
Seat 3: N.P.Tango (small blind) folded before Flop
Seat 4: Fernanditto (big blind) folded before Flop
Seat 5: CMaximus folded before Flop (didn't bet)
Seat 6: FreckleDaddy folded before Flop (didn't bet)
Seat 7: CryptoTrio folded before Flop (didn't bet)
Seat 8: Superloopin collected ($0.60)
Seat 9: Brat_at_UofC folded before Flop (didn't bet)



PokerStars Game #19951928265:  Hold'em No Limit ($0.10/$0.25) - 2008/08/27 - 22:09:20 (ET)
Table 'Chlosinde III' 9-max Seat #3 is the button
Seat 1: Alameda22 ($21.30 in chips) 
Seat 2: Seaboat ($30.40 in chips) 
Seat 3: N.P.Tango ($21.75 in chips) 
Seat 4: Fernanditto ($28.70 in chips) 
Seat 5: CMaximus ($26.05 in chips) 
Seat 6: FreckleDaddy ($20.90 in chips) 
Seat 7: CryptoTrio ($4.45 in chips) 
Seat 8: Superloopin ($26.05 in chips) 
Seat 9: Brat_at_UofC ($26.10 in chips) 
Fernanditto: posts small blind $0.10
CMaximus: posts big blind $0.25
*** HOLE CARDS ***
Dealt to Alameda22 [6c 7d]
FreckleDaddy: raises $0.50 to $0.75
CryptoTrio: folds 
Superloopin: folds 
Brat_at_UofC: folds 
Alameda22: folds 
Seaboat: folds 
N.P.Tango: folds 
Fernanditto: folds 
CMaximus: folds 
Uncalled bet ($0.50) returned to FreckleDaddy
FreckleDaddy collected $0.60 from pot
FreckleDaddy: doesn't show hand 
*** SUMMARY ***
Total pot $0.60 | Rake $0 
Seat 1: Alameda22 folded before Flop (didn't bet)
Seat 2: Seaboat folded before Flop (didn't bet)
Seat 3: N.P.Tango (button) folded before Flop (didn't bet)
Seat 4: Fernanditto (small blind) folded before Flop
Seat 5: CMaximus (big blind) folded before Flop
Seat 6: FreckleDaddy collected ($0.60)
Seat 7: CryptoTrio folded before Flop (didn't bet)
Seat 8: Superloopin folded before Flop (didn't bet)
Seat 9: Brat_at_UofC folded before Flop (didn't bet)



PokerStars Game #19951944408:  Hold'em No Limit ($0.10/$0.25) - 2008/08/27 - 22:10:03 (ET)
Table 'Chlosinde III' 9-max Seat #4 is the button
Seat 1: Alameda22 ($21.30 in chips) 
Seat 2: Seaboat ($30.40 in chips) 
Seat 3: N.P.Tango ($21.75 in chips) 
Seat 4: Fernanditto ($28.60 in chips) 
Seat 5: CMaximus ($25.80 in chips) 
Seat 6: FreckleDaddy ($21.25 in chips) 
Seat 7: CryptoTrio ($4.45 in chips) 
Seat 8: Superloopin ($26.05 in chips) 
Seat 9: Brat_at_UofC ($26.10 in chips) 
CMaximus: posts small blind $0.10
FreckleDaddy: posts big blind $0.25
*** HOLE CARDS ***
Dealt to Alameda22 [8s Jd]
CryptoTrio: folds 
Superloopin: folds 
Brat_at_UofC: raises $0.75 to $1
Alameda22: folds 
Seaboat: folds 
N.P.Tango: folds 
Fernanditto: folds 
CMaximus: folds 
FreckleDaddy: folds 
Uncalled bet ($0.75) returned to Brat_at_UofC
Brat_at_UofC collected $0.60 from pot
Brat_at_UofC: doesn't show hand 
*** SUMMARY ***
Total pot $0.60 | Rake $0 
Seat 1: Alameda22 folded before Flop (didn't bet)
Seat 2: Seaboat folded before Flop (didn't bet)
Seat 3: N.P.Tango folded before Flop (didn't bet)
Seat 4: Fernanditto (button) folded before Flop (didn't bet)
Seat 5: CMaximus (small blind) folded before Flop
Seat 6: FreckleDaddy (big blind) folded before Flop
Seat 7: CryptoTrio folded before Flop (didn't bet)
Seat 8: Superloopin folded before Flop (didn't bet)
Seat 9: Brat_at_UofC collected ($0.60)



PokerStars Game #19951967631:  Hold'em No Limit ($0.10/$0.25) - 2008/08/27 - 22:11:04 (ET)
Table 'Chlosinde III' 9-max Seat #5 is the button
Seat 1: Alameda22 ($21.30 in chips) 
Seat 2: Seaboat ($30.40 in chips) 
Seat 3: N.P.Tango ($21.75 in chips) 
Seat 4: Fernanditto ($28.60 in chips) 
Seat 5: CMaximus ($25.70 in chips) 
Seat 6: FreckleDaddy ($21 in chips) 
Seat 7: CryptoTrio ($4.45 in chips) 
Seat 8: Superloopin ($26.05 in chips) 
Seat 9: Brat_at_UofC ($26.45 in chips) 
FreckleDaddy: posts small blind $0.10
CryptoTrio: posts big blind $0.25
*** HOLE CARDS ***
Dealt to Alameda22 [2s 8s]
Superloopin: folds 
Brat_at_UofC: folds 
Alameda22: folds 
Seaboat: folds 
N.P.Tango: folds 
Fernanditto: folds 
CMaximus: folds 
FreckleDaddy: calls $0.15
CryptoTrio: checks 
*** FLOP *** [Jc Td Jh]
FreckleDaddy: checks 
CryptoTrio: checks 
*** TURN *** [Jc Td Jh] [2c]
FreckleDaddy: checks 
CryptoTrio: checks 
*** RIVER *** [Jc Td Jh 2c] [6d]
FreckleDaddy: checks 
CryptoTrio: checks 
*** SHOW DOWN ***
FreckleDaddy: shows [5d 4c] (a pair of Jacks)
CryptoTrio: shows [8h 9h] (a pair of Jacks - Ten+Nine kicker)
CryptoTrio collected $0.50 from pot
*** SUMMARY ***
Total pot $0.50 | Rake $0 
Board [Jc Td Jh 2c 6d]
Seat 1: Alameda22 folded before Flop (didn't bet)
Seat 2: Seaboat folded before Flop (didn't bet)
Seat 3: N.P.Tango folded before Flop (didn't bet)
Seat 4: Fernanditto folded before Flop (didn't bet)
Seat 5: CMaximus (button) folded before Flop (didn't bet)
Seat 6: FreckleDaddy (small blind) showed [5d 4c] and lost with a pair of Jacks
Seat 7: CryptoTrio (big blind) showed [8h 9h] and won ($0.50) with a pair of Jacks
Seat 8: Superloopin folded before Flop (didn't bet)
Seat 9: Brat_at_UofC folded before Flop (didn't bet)



PokerStars Game #19951988380:  Hold'em No Limit ($0.10/$0.25) - 2008/08/27 - 22:11:59 (ET)
Table 'Chlosinde III' 9-max Seat #6 is the button
Seat 1: Alameda22 ($21.30 in chips) 
Seat 2: Seaboat ($30.40 in chips) 
Seat 3: N.P.Tango ($21.75 in chips) 
Seat 4: Fernanditto ($28.60 in chips) 
Seat 5: CMaximus ($25.70 in chips) 
Seat 6: FreckleDaddy ($20.75 in chips) 
Seat 7: CryptoTrio ($4.70 in chips) 
Seat 8: Superloopin ($26.05 in chips) 
Seat 9: Brat_at_UofC ($26.45 in chips) 
CryptoTrio: posts small blind $0.10
Superloopin: posts big blind $0.25
*** HOLE CARDS ***
Dealt to Alameda22 [Js Kh]
Brat_at_UofC: folds 
Alameda22: folds 
Seaboat: folds 
Brat_at_UofC leaves the table
N.P.Tango: raises $0.50 to $0.75
Fernanditto: folds 
CMaximus: folds 
FreckleDaddy: folds 
CryptoTrio: folds 
Superloopin: folds 
Uncalled bet ($0.50) returned to N.P.Tango
N.P.Tango collected $0.60 from pot
N.P.Tango: doesn't show hand 
*** SUMMARY ***
Total pot $0.60 | Rake $0 
Seat 1: Alameda22 folded before Flop (didn't bet)
Seat 2: Seaboat folded before Flop (didn't bet)
Seat 3: N.P.Tango collected ($0.60)
Seat 4: Fernanditto folded before Flop (didn't bet)
Seat 5: CMaximus folded before Flop (didn't bet)
Seat 6: FreckleDaddy (button) folded before Flop (didn't bet)
Seat 7: CryptoTrio (small blind) folded before Flop
Seat 8: Superloopin (big blind) folded before Flop
Seat 9: Brat_at_UofC folded before Flop (didn't bet)



PokerStars Game #19952002488:  Hold'em No Limit ($0.10/$0.25) - 2008/08/27 - 22:12:36 (ET)
Table 'Chlosinde III' 9-max Seat #7 is the button
Seat 1: Alameda22 ($21.30 in chips) 
Seat 2: Seaboat ($30.40 in chips) 
Seat 3: N.P.Tango ($22.10 in chips) 
Seat 4: Fernanditto ($28.60 in chips) 
Seat 5: CMaximus ($25.70 in chips) 
Seat 6: FreckleDaddy ($20.75 in chips) 
Seat 7: CryptoTrio ($4.60 in chips) 
Seat 8: Superloopin ($25.80 in chips) 
Superloopin: posts small blind $0.10
Alameda22: posts big blind $0.25
*** HOLE CARDS ***
Dealt to Alameda22 [7s 4c]
Seaboat: folds 
N.P.Tango: folds 
Fernanditto: folds 
CMaximus: folds 
FreckleDaddy: folds 
CryptoTrio: folds 
Superloopin: calls $0.15
NikoBuddah joins the table at seat #9 
Alameda22: checks 
*** FLOP *** [Ac Ts 5c]
Superloopin: checks 
Alameda22: checks 
*** TURN *** [Ac Ts 5c] [Js]
Superloopin: bets $0.50
Alameda22: folds 
Uncalled bet ($0.50) returned to Superloopin
Superloopin collected $0.50 from pot
*** SUMMARY ***
Total pot $0.50 | Rake $0 
Board [Ac Ts 5c Js]
Seat 1: Alameda22 (big blind) folded on the Turn
Seat 2: Seaboat folded before Flop (didn't bet)
Seat 3: N.P.Tango folded before Flop (didn't bet)
Seat 4: Fernanditto folded before Flop (didn't bet)
Seat 5: CMaximus folded before Flop (didn't bet)
Seat 6: FreckleDaddy folded before Flop (didn't bet)
Seat 7: CryptoTrio (button) folded before Flop (didn't bet)
Seat 8: Superloopin (small blind) collected ($0.50)



PokerStars Game #19952025755:  Hold'em No Limit ($0.10/$0.25) - 2008/08/27 - 22:13:39 (ET)
Table 'Chlosinde III' 9-max Seat #8 is the button
Seat 1: Alameda22 ($21.05 in chips) 
Seat 2: Seaboat ($30.40 in chips) 
Seat 3: N.P.Tango ($22.10 in chips) 
Seat 4: Fernanditto ($28.60 in chips) 
Seat 5: CMaximus ($25.70 in chips) 
Seat 6: FreckleDaddy ($20.75 in chips) 
Seat 7: CryptoTrio ($4.60 in chips) 
Seat 8: Superloopin ($26.05 in chips) 
NikoBuddah will be allowed to play after the button
Alameda22: posts small blind $0.10
Seaboat: posts big blind $0.25
*** HOLE CARDS ***
Dealt to Alameda22 [5s 7c]
N.P.Tango: folds 
Fernanditto: folds 
CMaximus: folds 
FreckleDaddy: folds 
CryptoTrio: folds 
Superloopin: folds 
Alameda22: folds 
Uncalled bet ($0.15) returned to Seaboat
Seaboat collected $0.20 from pot
Seaboat: doesn't show hand 
*** SUMMARY ***
Total pot $0.20 | Rake $0 
Seat 1: Alameda22 (small blind) folded before Flop
Seat 2: Seaboat (big blind) collected ($0.20)
Seat 3: N.P.Tango folded before Flop (didn't bet)
Seat 4: Fernanditto folded before Flop (didn't bet)
Seat 5: CMaximus folded before Flop (didn't bet)
Seat 6: FreckleDaddy folded before Flop (didn't bet)
Seat 7: CryptoTrio folded before Flop (didn't bet)
Seat 8: Superloopin (button) folded before Flop (didn't bet)



PokerStars Game #19952040266:  Hold'em No Limit ($0.10/$0.25) - 2008/08/27 - 22:14:17 (ET)
Table 'Chlosinde III' 9-max Seat #1 is the button
Seat 1: Alameda22 ($20.95 in chips) 
Seat 2: Seaboat ($30.50 in chips) 
Seat 3: N.P.Tango ($22.10 in chips) 
Seat 4: Fernanditto ($28.60 in chips) 
Seat 5: CMaximus ($25.70 in chips) 
Seat 6: FreckleDaddy ($20.75 in chips) 
Seat 7: CryptoTrio ($4.60 in chips) 
Seat 8: Superloopin ($26.05 in chips) 
Seaboat: posts small blind $0.10
N.P.Tango: posts big blind $0.25
NikoBuddah: sits out 
*** HOLE CARDS ***
Dealt to Alameda22 [2h 9d]
Fernanditto: folds 
CMaximus: folds 
FreckleDaddy: folds 
CryptoTrio: folds 
Superloopin: folds 
Alameda22: folds 
Seaboat: folds 
Uncalled bet ($0.15) returned to N.P.Tango
N.P.Tango collected $0.20 from pot
*** SUMMARY ***
Total pot $0.20 | Rake $0 
Seat 1: Alameda22 (button) folded before Flop (didn't bet)
Seat 2: Seaboat (small blind) folded before Flop
Seat 3: N.P.Tango (big blind) collected ($0.20)
Seat 4: Fernanditto folded before Flop (didn't bet)
Seat 5: CMaximus folded before Flop (didn't bet)
Seat 6: FreckleDaddy folded before Flop (didn't bet)
Seat 7: CryptoTrio folded before Flop (didn't bet)
Seat 8: Superloopin folded before Flop (didn't bet)



PokerStars Game #19952051677:  Hold'em No Limit ($0.10/$0.25) - 2008/08/27 - 22:14:47 (ET)
Table 'Chlosinde III' 9-max Seat #2 is the button
Seat 1: Alameda22 ($20.95 in chips) 
Seat 2: Seaboat ($30.40 in chips) 
Seat 3: N.P.Tango ($22.20 in chips) 
Seat 4: Fernanditto ($28.60 in chips) 
Seat 5: CMaximus ($25.70 in chips) 
Seat 6: FreckleDaddy ($20.75 in chips) 
Seat 7: CryptoTrio ($4.60 in chips) 
Seat 8: Superloopin ($26.05 in chips) 
Seat 9: NikoBuddah ($5 in chips) 
N.P.Tango: posts small blind $0.10
Fernanditto: posts big blind $0.25
NikoBuddah: posts big blind $0.25
*** HOLE CARDS ***
Dealt to Alameda22 [4c 4d]
CMaximus: folds 
FreckleDaddy: folds 
CryptoTrio: folds 
Superloopin: folds 
NikoBuddah: raises $1.25 to $1.50
Alameda22: folds 
Seaboat: folds 
Seaboat leaves the table
N.P.Tango: folds 
Fernanditto: folds 
Uncalled bet ($1.25) returned to NikoBuddah
NikoBuddah collected $0.60 from pot
NikoBuddah: doesn't show hand 
*** SUMMARY ***
Total pot $0.60 | Rake $0 
Seat 1: Alameda22 folded before Flop (didn't bet)
Seat 2: Seaboat (button) folded before Flop (didn't bet)
Seat 3: N.P.Tango (small blind) folded before Flop
Seat 4: Fernanditto (big blind) folded before Flop
Seat 5: CMaximus folded before Flop (didn't bet)
Seat 6: FreckleDaddy folded before Flop (didn't bet)
Seat 7: CryptoTrio folded before Flop (didn't bet)
Seat 8: Superloopin folded before Flop (didn't bet)
Seat 9: NikoBuddah collected ($0.60)



PokerStars Game #19952066299:  Hold'em No Limit ($0.10/$0.25) - 2008/08/27 - 22:15:26 (ET)
Table 'Chlosinde III' 9-max Seat #3 is the button
Seat 1: Alameda22 ($20.95 in chips) 
Seat 3: N.P.Tango ($22.10 in chips) 
Seat 4: Fernanditto ($28.35 in chips) 
Seat 5: CMaximus ($25.70 in chips) 
Seat 6: FreckleDaddy ($20.75 in chips) 
Seat 7: CryptoTrio ($4.60 in chips) 
Seat 8: Superloopin ($26.05 in chips) 
Seat 9: NikoBuddah ($5.35 in chips) 
Fernanditto: posts small blind $0.10
CMaximus: posts big blind $0.25
*** HOLE CARDS ***
Dealt to Alameda22 [9d 2d]
FreckleDaddy: calls $0.25
CryptoTrio: folds 
Superloopin: folds 
NikoBuddah: folds 
Alameda22: folds 
DaarkBlue joins the table at seat #2 
N.P.Tango: raises $0.50 to $0.75
Fernanditto: calls $0.65
CMaximus: folds 
FreckleDaddy: calls $0.50
*** FLOP *** [Td Jd 5c]
Fernanditto: checks 
FreckleDaddy: checks 
N.P.Tango: bets $2.25
Fernanditto: raises $4.25 to $6.50
FreckleDaddy: folds 
N.P.Tango: calls $4.25
*** TURN *** [Td Jd 5c] [9h]
Fernanditto: bets $15
N.P.Tango: folds 
Uncalled bet ($15) returned to Fernanditto
Fernanditto collected $14.75 from pot
Fernanditto: doesn't show hand 
*** SUMMARY ***
Total pot $15.50 | Rake $0.75 
Board [Td Jd 5c 9h]
Seat 1: Alameda22 folded before Flop (didn't bet)
Seat 3: N.P.Tango (button) folded on the Turn
Seat 4: Fernanditto (small blind) collected ($14.75)
Seat 5: CMaximus (big blind) folded before Flop
Seat 6: FreckleDaddy folded on the Flop
Seat 7: CryptoTrio folded before Flop (didn't bet)
Seat 8: Superloopin folded before Flop (didn't bet)
Seat 9: NikoBuddah folded before Flop (didn't bet)



PokerStars Game #19952101728:  Hold'em No Limit ($0.10/$0.25) - 2008/08/27 - 22:17:00 (ET)
Table 'Chlosinde III' 9-max Seat #4 is the button
Seat 1: Alameda22 ($20.95 in chips) 
Seat 2: DaarkBlue ($15 in chips) 
Seat 3: N.P.Tango ($14.85 in chips) 
Seat 4: Fernanditto ($35.85 in chips) 
Seat 5: CMaximus ($25.45 in chips) 
Seat 6: FreckleDaddy ($20 in chips) 
Seat 7: CryptoTrio ($4.60 in chips) 
Seat 8: Superloopin ($26.05 in chips) 
Seat 9: NikoBuddah ($5.35 in chips) 
CMaximus: posts small blind $0.10
FreckleDaddy: posts big blind $0.25
DaarkBlue: posts big blind $0.25
*** HOLE CARDS ***
Dealt to Alameda22 [8h Th]
CryptoTrio: folds 
Superloopin: folds 
NikoBuddah: folds 
Alameda22: folds 
DaarkBlue: checks 
N.P.Tango: folds 
Fernanditto: folds 
CMaximus: folds 
FreckleDaddy: checks 
*** FLOP *** [Kh Kc 8d]
FreckleDaddy: checks 
DaarkBlue: checks 
*** TURN *** [Kh Kc 8d] [5c]
FreckleDaddy: checks 
DaarkBlue: bets $0.25
FreckleDaddy: folds 
Uncalled bet ($0.25) returned to DaarkBlue
DaarkBlue collected $0.60 from pot
DaarkBlue: doesn't show hand 
*** SUMMARY ***
Total pot $0.60 | Rake $0 
Board [Kh Kc 8d 5c]
Seat 1: Alameda22 folded before Flop (didn't bet)
Seat 2: DaarkBlue collected ($0.60)
Seat 3: N.P.Tango folded before Flop (didn't bet)
Seat 4: Fernanditto (button) folded before Flop (didn't bet)
Seat 5: CMaximus (small blind) folded before Flop
Seat 6: FreckleDaddy (big blind) folded on the Turn
Seat 7: CryptoTrio folded before Flop (didn't bet)
Seat 8: Superloopin folded before Flop (didn't bet)
Seat 9: NikoBuddah folded before Flop (didn't bet)



PokerStars Game #19952126201:  Hold'em No Limit ($0.10/$0.25) - 2008/08/27 - 22:18:05 (ET)
Table 'Chlosinde III' 9-max Seat #5 is the button
Seat 1: Alameda22 ($20.95 in chips) 
Seat 2: DaarkBlue ($15.35 in chips) 
Seat 3: N.P.Tango ($25 in chips) 
Seat 4: Fernanditto ($35.85 in chips) 
Seat 5: CMaximus ($25.35 in chips) 
Seat 6: FreckleDaddy ($19.75 in chips) 
Seat 7: CryptoTrio ($4.60 in chips) 
Seat 8: Superloopin ($26.05 in chips) 
Seat 9: NikoBuddah ($5.35 in chips) 
FreckleDaddy: posts small blind $0.10
CryptoTrio: posts big blind $0.25
*** HOLE CARDS ***
Dealt to Alameda22 [9d Ks]
Superloopin: folds 
NikoBuddah: folds 
Alameda22: folds 
DaarkBlue: folds 
N.P.Tango: folds 
Fernanditto: folds 
CMaximus: raises $0.50 to $0.75
FreckleDaddy: folds 
CryptoTrio: folds 
Uncalled bet ($0.50) returned to CMaximus
CMaximus collected $0.60 from pot
CMaximus: doesn't show hand 
*** SUMMARY ***
Total pot $0.60 | Rake $0 
Seat 1: Alameda22 folded before Flop (didn't bet)
Seat 2: DaarkBlue folded before Flop (didn't bet)
Seat 3: N.P.Tango folded before Flop (didn't bet)
Seat 4: Fernanditto folded before Flop (didn't bet)
Seat 5: CMaximus (button) collected ($0.60)
Seat 6: FreckleDaddy (small blind) folded before Flop
Seat 7: CryptoTrio (big blind) folded before Flop
Seat 8: Superloopin folded before Flop (didn't bet)
Seat 9: NikoBuddah folded before Flop (didn't bet)



PokerStars Game #19952143748:  Hold'em No Limit ($0.10/$0.25) - 2008/08/27 - 22:18:51 (ET)
Table 'Chlosinde III' 9-max Seat #6 is the button
Seat 1: Alameda22 ($20.95 in chips) 
Seat 2: DaarkBlue ($15.35 in chips) 
Seat 3: N.P.Tango ($25 in chips) 
Seat 4: Fernanditto ($35.85 in chips) 
Seat 5: CMaximus ($25.70 in chips) 
Seat 6: FreckleDaddy ($19.65 in chips) 
Seat 7: CryptoTrio ($4.35 in chips) 
Seat 8: Superloopin ($26.05 in chips) 
Seat 9: NikoBuddah ($5.35 in chips) 
CryptoTrio: posts small blind $0.10
Superloopin: posts big blind $0.25
*** HOLE CARDS ***
Dealt to Alameda22 [Ks 7c]
NikoBuddah: folds 
Alameda22: folds 
DaarkBlue: calls $0.25
N.P.Tango: folds 
Fernanditto: folds 
CMaximus: folds 
FreckleDaddy: folds 
CryptoTrio: folds 
Superloopin: checks 
*** FLOP *** [8s 7h 5c]
Superloopin: checks 
DaarkBlue: checks 
*** TURN *** [8s 7h 5c] [Tc]
Superloopin: checks 
DaarkBlue: bets $0.75
Superloopin: folds 
Uncalled bet ($0.75) returned to DaarkBlue
DaarkBlue collected $0.60 from pot
DaarkBlue: doesn't show hand 
*** SUMMARY ***
Total pot $0.60 | Rake $0 
Board [8s 7h 5c Tc]
Seat 1: Alameda22 folded before Flop (didn't bet)
Seat 2: DaarkBlue collected ($0.60)
Seat 3: N.P.Tango folded before Flop (didn't bet)
Seat 4: Fernanditto folded before Flop (didn't bet)
Seat 5: CMaximus folded before Flop (didn't bet)
Seat 6: FreckleDaddy (button) folded before Flop (didn't bet)
Seat 7: CryptoTrio (small blind) folded before Flop
Seat 8: Superloopin (big blind) folded on the Turn
Seat 9: NikoBuddah folded before Flop (didn't bet)



PokerStars Game #19952169422:  Hold'em No Limit ($0.10/$0.25) - 2008/08/27 - 22:19:59 (ET)
Table 'Chlosinde III' 9-max Seat #7 is the button
Seat 1: Alameda22 ($20.95 in chips) 
Seat 2: DaarkBlue ($15.70 in chips) 
Seat 3: N.P.Tango ($25 in chips) 
Seat 4: Fernanditto ($35.85 in chips) 
Seat 5: CMaximus ($25.70 in chips) 
Seat 6: FreckleDaddy ($19.65 in chips) 
Seat 7: CryptoTrio ($4.25 in chips) 
Seat 8: Superloopin ($25.80 in chips) 
Seat 9: NikoBuddah ($5.35 in chips) 
Superloopin: posts small blind $0.10
NikoBuddah: posts big blind $0.25
*** HOLE CARDS ***
Dealt to Alameda22 [7s Jc]
Alameda22: folds 
DaarkBlue: calls $0.25
N.P.Tango: folds 
Fernanditto: folds 
CMaximus: folds 
FreckleDaddy: calls $0.25
CryptoTrio: folds 
Superloopin: folds 
NikoBuddah: raises $1.50 to $1.75
DaarkBlue: folds 
FreckleDaddy: folds 
Uncalled bet ($1.50) returned to NikoBuddah
NikoBuddah collected $0.85 from pot
*** SUMMARY ***
Total pot $0.85 | Rake $0 
Seat 1: Alameda22 folded before Flop (didn't bet)
Seat 2: DaarkBlue folded before Flop
Seat 3: N.P.Tango folded before Flop (didn't bet)
Seat 4: Fernanditto folded before Flop (didn't bet)
Seat 5: CMaximus folded before Flop (didn't bet)
Seat 6: FreckleDaddy folded before Flop
Seat 7: CryptoTrio (button) folded before Flop (didn't bet)
Seat 8: Superloopin (small blind) folded before Flop
Seat 9: NikoBuddah (big blind) collected ($0.85)



PokerStars Game #19952185743:  Hold'em No Limit ($0.10/$0.25) - 2008/08/27 - 22:20:42 (ET)
Table 'Chlosinde III' 9-max Seat #8 is the button
Seat 1: Alameda22 ($20.95 in chips) 
Seat 2: DaarkBlue ($15.45 in chips) 
Seat 3: N.P.Tango ($25 in chips) 
Seat 4: Fernanditto ($35.85 in chips) 
Seat 5: CMaximus ($25.70 in chips) 
Seat 6: FreckleDaddy ($19.40 in chips) 
Seat 7: CryptoTrio ($4.25 in chips) 
Seat 8: Superloopin ($25.70 in chips) 
Seat 9: NikoBuddah ($5.95 in chips) 
NikoBuddah: posts small blind $0.10
Alameda22: posts big blind $0.25
*** HOLE CARDS ***
Dealt to Alameda22 [Ks 8c]
DaarkBlue: folds 
N.P.Tango: folds 
Fernanditto: folds 
CMaximus: folds 
FreckleDaddy: folds 
CryptoTrio: folds 
Superloopin: folds 
NikoBuddah: raises $0.75 to $1
Alameda22: folds 
Uncalled bet ($0.75) returned to NikoBuddah
NikoBuddah collected $0.50 from pot
NikoBuddah: doesn't show hand 
*** SUMMARY ***
Total pot $0.50 | Rake $0 
Seat 1: Alameda22 (big blind) folded before Flop
Seat 2: DaarkBlue folded before Flop (didn't bet)
Seat 3: N.P.Tango folded before Flop (didn't bet)
Seat 4: Fernanditto folded before Flop (didn't bet)
Seat 5: CMaximus folded before Flop (didn't bet)
Seat 6: FreckleDaddy folded before Flop (didn't bet)
Seat 7: CryptoTrio folded before Flop (didn't bet)
Seat 8: Superloopin (button) folded before Flop (didn't bet)
Seat 9: NikoBuddah (small blind) collected ($0.50)



PokerStars Game #19952199491:  Hold'em No Limit ($0.10/$0.25) - 2008/08/27 - 22:21:19 (ET)
Table 'Chlosinde III' 9-max Seat #9 is the button
Seat 1: Alameda22 ($20.70 in chips) 
Seat 2: DaarkBlue ($15.45 in chips) 
Seat 3: N.P.Tango ($25 in chips) 
Seat 4: Fernanditto ($35.85 in chips) 
Seat 5: CMaximus ($25.70 in chips) 
Seat 6: FreckleDaddy ($19.40 in chips) 
Seat 7: CryptoTrio ($4.25 in chips) 
Seat 8: Superloopin ($25.70 in chips) 
Seat 9: NikoBuddah ($6.20 in chips) 
Alameda22: posts small blind $0.10
DaarkBlue: posts big blind $0.25
*** HOLE CARDS ***
Dealt to Alameda22 [4h Th]
N.P.Tango: folds 
Fernanditto: folds 
CMaximus: folds 
FreckleDaddy: calls $0.25
CryptoTrio: folds 
Superloopin: folds 
NikoBuddah: folds 
Alameda22: folds 
DaarkBlue: checks 
*** FLOP *** [Ad 7s 8s]
DaarkBlue: checks 
FreckleDaddy: bets $0.50
DaarkBlue: calls $0.50
*** TURN *** [Ad 7s 8s] [Qd]
DaarkBlue: checks 
FreckleDaddy: bets $0.75
DaarkBlue: raises $0.75 to $1.50
FreckleDaddy: calls $0.75
*** RIVER *** [Ad 7s 8s Qd] [6h]
DaarkBlue: bets $2.25
FreckleDaddy: calls $2.25
*** SHOW DOWN ***
DaarkBlue: shows [6c Ah] (two pair, Aces and Sixes)
FreckleDaddy: mucks hand 
DaarkBlue collected $8.70 from pot
*** SUMMARY ***
Total pot $9.10 | Rake $0.40 
Board [Ad 7s 8s Qd 6h]
Seat 1: Alameda22 (small blind) folded before Flop
Seat 2: DaarkBlue (big blind) showed [6c Ah] and won ($8.70) with two pair, Aces and Sixes
Seat 3: N.P.Tango folded before Flop (didn't bet)
Seat 4: Fernanditto folded before Flop (didn't bet)
Seat 5: CMaximus folded before Flop (didn't bet)
Seat 6: FreckleDaddy mucked [Jc Qh]
Seat 7: CryptoTrio folded before Flop (didn't bet)
Seat 8: Superloopin folded before Flop (didn't bet)
Seat 9: NikoBuddah (button) folded before Flop (didn't bet)



PokerStars Game #19952231311:  Hold'em No Limit ($0.10/$0.25) - 2008/08/27 - 22:22:43 (ET)
Table 'Chlosinde III' 9-max Seat #1 is the button
Seat 1: Alameda22 ($20.60 in chips) 
Seat 2: DaarkBlue ($19.65 in chips) 
Seat 3: N.P.Tango ($25 in chips) 
Seat 4: Fernanditto ($35.85 in chips) 
Seat 5: CMaximus ($25.70 in chips) 
Seat 6: FreckleDaddy ($14.90 in chips) 
Seat 7: CryptoTrio ($4.25 in chips) 
Seat 8: Superloopin ($25.70 in chips) 
Seat 9: NikoBuddah ($6.20 in chips) 
DaarkBlue: posts small blind $0.10
N.P.Tango: posts big blind $0.25
*** HOLE CARDS ***
Dealt to Alameda22 [6s 2c]
Fernanditto: folds 
CMaximus: folds 
FreckleDaddy: folds 
CryptoTrio: folds 
Superloopin: folds 
NikoBuddah: folds 
Alameda22: folds 
DaarkBlue: calls $0.15
N.P.Tango: raises $0.50 to $0.75
DaarkBlue: calls $0.50
*** FLOP *** [7s 3d 4h]
DaarkBlue: bets $1.25
N.P.Tango: raises $2 to $3.25
DaarkBlue: folds 
Uncalled bet ($2) returned to N.P.Tango
N.P.Tango collected $3.85 from pot
*** SUMMARY ***
Total pot $4 | Rake $0.15 
Board [7s 3d 4h]
Seat 1: Alameda22 (button) folded before Flop (didn't bet)
Seat 2: DaarkBlue (small blind) folded on the Flop
Seat 3: N.P.Tango (big blind) collected ($3.85)
Seat 4: Fernanditto folded before Flop (didn't bet)
Seat 5: CMaximus folded before Flop (didn't bet)
Seat 6: FreckleDaddy folded before Flop (didn't bet)
Seat 7: CryptoTrio folded before Flop (didn't bet)
Seat 8: Superloopin folded before Flop (didn't bet)
Seat 9: NikoBuddah folded before Flop (didn't bet)



PokerStars Game #19952259653:  Hold'em No Limit ($0.10/$0.25) - 2008/08/27 - 22:23:58 (ET)
Table 'Chlosinde III' 9-max Seat #2 is the button
Seat 1: Alameda22 ($20.60 in chips) 
Seat 2: DaarkBlue ($17.65 in chips) 
Seat 3: N.P.Tango ($26.85 in chips) 
Seat 4: Fernanditto ($35.85 in chips) 
Seat 5: CMaximus ($25.70 in chips) 
Seat 6: FreckleDaddy ($14.90 in chips) 
Seat 7: CryptoTrio ($4.25 in chips) 
Seat 8: Superloopin ($25.70 in chips) 
Seat 9: NikoBuddah ($6.20 in chips) 
N.P.Tango: posts small blind $0.10
Fernanditto: posts big blind $0.25
*** HOLE CARDS ***
Dealt to Alameda22 [Jh 7c]
CMaximus: folds 
FreckleDaddy: folds 
CryptoTrio: folds 
Superloopin: folds 
NikoBuddah: folds 
Alameda22: folds 
DaarkBlue: calls $0.25
N.P.Tango: folds 
Fernanditto: checks 
*** FLOP *** [9d Qd Ad]
Fernanditto: checks 
DaarkBlue: checks 
*** TURN *** [9d Qd Ad] [4h]
Fernanditto: checks 
DaarkBlue: checks 
*** RIVER *** [9d Qd Ad 4h] [Td]
Fernanditto: checks 
DaarkBlue: checks 
*** SHOW DOWN ***
Fernanditto: shows [3h 2h] (high card Ace)
DaarkBlue: shows [9h 6d] (a flush, Ace high)
DaarkBlue collected $0.60 from pot
*** SUMMARY ***
Total pot $0.60 | Rake $0 
Board [9d Qd Ad 4h Td]
Seat 1: Alameda22 folded before Flop (didn't bet)
Seat 2: DaarkBlue (button) showed [9h 6d] and won ($0.60) with a flush, Ace high
Seat 3: N.P.Tango (small blind) folded before Flop
Seat 4: Fernanditto (big blind) showed [3h 2h] and lost with high card Ace
Seat 5: CMaximus folded before Flop (didn't bet)
Seat 6: FreckleDaddy folded before Flop (didn't bet)
Seat 7: CryptoTrio folded before Flop (didn't bet)
Seat 8: Superloopin folded before Flop (didn't bet)
Seat 9: NikoBuddah folded before Flop (didn't bet)



PokerStars Game #19952284702:  Hold'em No Limit ($0.10/$0.25) - 2008/08/27 - 22:25:04 (ET)
Table 'Chlosinde III' 9-max Seat #3 is the button
Seat 1: Alameda22 ($20.60 in chips) 
Seat 2: DaarkBlue ($18 in chips) 
Seat 3: N.P.Tango ($26.75 in chips) 
Seat 4: Fernanditto ($35.60 in chips) 
Seat 5: CMaximus ($25.70 in chips) 
Seat 6: FreckleDaddy ($14.90 in chips) 
Seat 7: CryptoTrio ($4.25 in chips) 
Seat 8: Superloopin ($25.70 in chips) 
Seat 9: NikoBuddah ($6.20 in chips) 
Fernanditto: posts small blind $0.10
CMaximus: posts big blind $0.25
*** HOLE CARDS ***
Dealt to Alameda22 [5d 4c]
FreckleDaddy: folds 
FreckleDaddy leaves the table
CryptoTrio: folds 
Superloopin: folds 
NikoBuddah: folds 
Alameda22: folds 
DaarkBlue: calls $0.25
N.P.Tango: calls $0.25
Craig_Cr joins the table at seat #6 
Fernanditto: calls $0.15
CMaximus: checks 
*** FLOP *** [Ks 7s 3s]
Fernanditto: checks 
CMaximus: bets $0.25
DaarkBlue: folds 
N.P.Tango: folds 
Fernanditto: folds 
Uncalled bet ($0.25) returned to CMaximus
CMaximus collected $0.95 from pot
CMaximus: doesn't show hand 
*** SUMMARY ***
Total pot $1 | Rake $0.05 
Board [Ks 7s 3s]
Seat 1: Alameda22 folded before Flop (didn't bet)
Seat 2: DaarkBlue folded on the Flop
Seat 3: N.P.Tango (button) folded on the Flop
Seat 4: Fernanditto (small blind) folded on the Flop
Seat 5: CMaximus (big blind) collected ($0.95)
Seat 6: FreckleDaddy folded before Flop (didn't bet)
Seat 7: CryptoTrio folded before Flop (didn't bet)
Seat 8: Superloopin folded before Flop (didn't bet)
Seat 9: NikoBuddah folded before Flop (didn't bet)



PokerStars Game #19952319942:  Hold'em No Limit ($0.10/$0.25) - 2008/08/27 - 22:26:36 (ET)
Table 'Chlosinde III' 9-max Seat #4 is the button
Seat 1: Alameda22 ($20.60 in chips) 
Seat 2: DaarkBlue ($17.75 in chips) 
Seat 3: N.P.Tango ($26.50 in chips) 
Seat 4: Fernanditto ($35.35 in chips) 
Seat 5: CMaximus ($26.40 in chips) 
Seat 6: Craig_Cr ($10 in chips) 
Seat 7: CryptoTrio ($4.25 in chips) 
Seat 8: Superloopin ($25.70 in chips) 
Seat 9: NikoBuddah ($6.20 in chips) 
CMaximus: posts small blind $0.10
Craig_Cr: posts big blind $0.25
*** HOLE CARDS ***
Dealt to Alameda22 [3h 7d]
CryptoTrio: folds 
CryptoTrio leaves the table
Superloopin: folds 
NikoBuddah: raises $0.75 to $1
Alameda22: folds 
DaarkBlue: folds 
N.P.Tango: folds 
Fernanditto: folds 
CMaximus: folds 
Craig_Cr: folds 
Uncalled bet ($0.75) returned to NikoBuddah
DaarkBlue leaves the table
NikoBuddah collected $0.60 from pot
NikoBuddah: doesn't show hand 
*** SUMMARY ***
Total pot $0.60 | Rake $0 
Seat 1: Alameda22 folded before Flop (didn't bet)
Seat 2: DaarkBlue folded before Flop (didn't bet)
Seat 3: N.P.Tango folded before Flop (didn't bet)
Seat 4: Fernanditto (button) folded before Flop (didn't bet)
Seat 5: CMaximus (small blind) folded before Flop
Seat 6: Craig_Cr (big blind) folded before Flop
Seat 7: CryptoTrio folded before Flop (didn't bet)
Seat 8: Superloopin folded before Flop (didn't bet)
Seat 9: NikoBuddah collected ($0.60)



PokerStars Game #19952339688:  Hold'em No Limit ($0.10/$0.25) - 2008/08/27 - 22:27:28 (ET)
Table 'Chlosinde III' 9-max Seat #5 is the button
Seat 1: Alameda22 ($20.60 in chips) 
Seat 3: N.P.Tango ($26.50 in chips) 
Seat 4: Fernanditto ($35.35 in chips) 
Seat 5: CMaximus ($26.30 in chips) 
Seat 6: Craig_Cr ($9.75 in chips) 
Seat 8: Superloopin ($25.70 in chips) 
Seat 9: NikoBuddah ($6.55 in chips) 
Craig_Cr: posts small blind $0.10
Superloopin: posts big blind $0.25
*** HOLE CARDS ***
Dealt to Alameda22 [5s 8s]
NikoBuddah: folds 
Alameda22: folds 
N.P.Tango: folds 
Fernanditto: folds 
CMaximus: folds 
Craig_Cr: folds 
Uncalled bet ($0.15) returned to Superloopin
Superloopin collected $0.20 from pot
*** SUMMARY ***
Total pot $0.20 | Rake $0 
Seat 1: Alameda22 folded before Flop (didn't bet)
Seat 3: N.P.Tango folded before Flop (didn't bet)
Seat 4: Fernanditto folded before Flop (didn't bet)
Seat 5: CMaximus (button) folded before Flop (didn't bet)
Seat 6: Craig_Cr (small blind) folded before Flop
Seat 8: Superloopin (big blind) collected ($0.20)
Seat 9: NikoBuddah folded before Flop (didn't bet)



PokerStars Game #19952350967:  Hold'em No Limit ($0.10/$0.25) - 2008/08/27 - 22:27:58 (ET)
Table 'Chlosinde III' 9-max Seat #6 is the button
Seat 1: Alameda22 ($20.60 in chips) 
Seat 3: N.P.Tango ($26.50 in chips) 
Seat 4: Fernanditto ($35.35 in chips) 
Seat 5: CMaximus ($26.30 in chips) 
Seat 6: Craig_Cr ($9.65 in chips) 
Seat 8: Superloopin ($25.80 in chips) 
Seat 9: NikoBuddah ($6.55 in chips) 
Superloopin: posts small blind $0.10
NikoBuddah: posts big blind $0.25
*** HOLE CARDS ***
Dealt to Alameda22 [5s 7h]
Alameda22: folds 
N.P.Tango: folds 
Fernanditto: folds 
CMaximus: folds 
Craig_Cr: folds 
Superloopin: calls $0.15
NikoBuddah: checks 
*** FLOP *** [2h 6d Jd]
Superloopin: checks 
NikoBuddah: checks 
*** TURN *** [2h 6d Jd] [8h]
Superloopin: checks 
NikoBuddah: bets $1
Superloopin: folds 
Uncalled bet ($1) returned to NikoBuddah
NikoBuddah collected $0.50 from pot
NikoBuddah: doesn't show hand 
*** SUMMARY ***
Total pot $0.50 | Rake $0 
Board [2h 6d Jd 8h]
Seat 1: Alameda22 folded before Flop (didn't bet)
Seat 3: N.P.Tango folded before Flop (didn't bet)
Seat 4: Fernanditto folded before Flop (didn't bet)
Seat 5: CMaximus folded before Flop (didn't bet)
Seat 6: Craig_Cr (button) folded before Flop (didn't bet)
Seat 8: Superloopin (small blind) folded on the Turn
Seat 9: NikoBuddah (big blind) collected ($0.50)



PokerStars Game #19952374157:  Hold'em No Limit ($0.10/$0.25) - 2008/08/27 - 22:28:59 (ET)
Table 'Chlosinde III' 9-max Seat #8 is the button
Seat 1: Alameda22 ($20.60 in chips) 
Seat 3: N.P.Tango ($26.50 in chips) 
Seat 4: Fernanditto ($35.35 in chips) 
Seat 5: CMaximus ($26.30 in chips) 
Seat 6: Craig_Cr ($9.65 in chips) 
Seat 8: Superloopin ($25.55 in chips) 
Seat 9: NikoBuddah ($6.80 in chips) 
NikoBuddah: posts small blind $0.10
Alameda22: posts big blind $0.25
*** HOLE CARDS ***
Dealt to Alameda22 [8d Ks]
N.P.Tango: folds 
Fernanditto: folds 
CMaximus: folds 
Craig_Cr: folds 
Superloopin: folds 
NikoBuddah: raises $0.75 to $1
Alameda22: folds 
Uncalled bet ($0.75) returned to NikoBuddah
NikoBuddah collected $0.50 from pot
NikoBuddah: doesn't show hand 
*** SUMMARY ***
Total pot $0.50 | Rake $0 
Seat 1: Alameda22 (big blind) folded before Flop
Seat 3: N.P.Tango folded before Flop (didn't bet)
Seat 4: Fernanditto folded before Flop (didn't bet)
Seat 5: CMaximus folded before Flop (didn't bet)
Seat 6: Craig_Cr folded before Flop (didn't bet)
Seat 8: Superloopin (button) folded before Flop (didn't bet)
Seat 9: NikoBuddah (small blind) collected ($0.50)



PokerStars Game #19952391989:  Hold'em No Limit ($0.10/$0.25) - 2008/08/27 - 22:29:44 (ET)
Table 'Chlosinde III' 9-max Seat #9 is the button
Seat 1: Alameda22 ($20.35 in chips) 
Seat 2: Sick M ($25 in chips) 
Seat 3: N.P.Tango ($26.50 in chips) 
Seat 4: Fernanditto ($35.35 in chips) 
Seat 5: CMaximus ($26.30 in chips) 
Seat 6: Craig_Cr ($9.65 in chips) 
Seat 8: Superloopin ($25.55 in chips) 
Seat 9: NikoBuddah ($7.05 in chips) 
Alameda22: posts small blind $0.10
Sick M: posts big blind $0.25
*** HOLE CARDS ***
Dealt to Alameda22 [7h 5s]
N.P.Tango: folds 
Fernanditto: folds 
CMaximus: folds 
Craig_Cr: folds 
Superloopin: raises $0.75 to $1
NikoBuddah: calls $1
Alameda22: folds 
Sick M: folds 
*** FLOP *** [9c Qs 6h]
Superloopin: checks 
NikoBuddah: bets $1.25
Superloopin: folds 
Uncalled bet ($1.25) returned to NikoBuddah
NikoBuddah collected $2.25 from pot
NikoBuddah: doesn't show hand 
*** SUMMARY ***
Total pot $2.35 | Rake $0.10 
Board [9c Qs 6h]
Seat 1: Alameda22 (small blind) folded before Flop
Seat 2: Sick M (big blind) folded before Flop
Seat 3: N.P.Tango folded before Flop (didn't bet)
Seat 4: Fernanditto folded before Flop (didn't bet)
Seat 5: CMaximus folded before Flop (didn't bet)
Seat 6: Craig_Cr folded before Flop (didn't bet)
Seat 8: Superloopin folded on the Flop
Seat 9: NikoBuddah (button) collected ($2.25)



PokerStars Game #19952419853:  Hold'em No Limit ($0.10/$0.25) - 2008/08/27 - 22:30:56 (ET)
Table 'Chlosinde III' 9-max Seat #1 is the button
Seat 1: Alameda22 ($20.25 in chips) 
Seat 2: Sick M ($24.75 in chips) 
Seat 3: N.P.Tango ($26.50 in chips) 
Seat 4: Fernanditto ($35.35 in chips) 
Seat 5: CMaximus ($26.30 in chips) 
Seat 6: Craig_Cr ($9.65 in chips) 
Seat 8: Superloopin ($24.55 in chips) 
Seat 9: NikoBuddah ($8.30 in chips) 
Sick M: posts small blind $0.10
N.P.Tango: posts big blind $0.25
*** HOLE CARDS ***
Dealt to Alameda22 [5s Kd]
Fernanditto: folds 
CMaximus: folds 
Craig_Cr: folds 
Superloopin: folds 
NikoBuddah: folds 
Alameda22: folds 
Sick M: folds 
Uncalled bet ($0.15) returned to N.P.Tango
N.P.Tango collected $0.20 from pot
*** SUMMARY ***
Total pot $0.20 | Rake $0 
Seat 1: Alameda22 (button) folded before Flop (didn't bet)
Seat 2: Sick M (small blind) folded before Flop
Seat 3: N.P.Tango (big blind) collected ($0.20)
Seat 4: Fernanditto folded before Flop (didn't bet)
Seat 5: CMaximus folded before Flop (didn't bet)
Seat 6: Craig_Cr folded before Flop (didn't bet)
Seat 8: Superloopin folded before Flop (didn't bet)
Seat 9: NikoBuddah folded before Flop (didn't bet)



PokerStars Game #19952430229:  Hold'em No Limit ($0.10/$0.25) - 2008/08/27 - 22:31:19 (ET)
Table 'Chlosinde III' 9-max Seat #2 is the button
Seat 1: Alameda22 ($20.25 in chips) 
Seat 2: Sick M ($24.65 in chips) 
Seat 3: N.P.Tango ($26.60 in chips) 
Seat 4: Fernanditto ($35.35 in chips) 
Seat 5: CMaximus ($26.30 in chips) 
Seat 6: Craig_Cr ($9.65 in chips) 
Seat 8: Superloopin ($24.55 in chips) 
Seat 9: NikoBuddah ($8.30 in chips) 
N.P.Tango: posts small blind $0.10
Fernanditto: posts big blind $0.25
*** HOLE CARDS ***
Dealt to Alameda22 [8h 4s]
CMaximus: folds 
Craig_Cr: folds 
Superloopin: folds 
NikoBuddah: folds 
Alameda22: folds 
Sick M: folds 
N.P.Tango: calls $0.15
Fernanditto: checks 
*** FLOP *** [Tc 9s 2c]
N.P.Tango: checks 
Fernanditto: checks 
*** TURN *** [Tc 9s 2c] [9h]
NikoBuddah leaves the table
N.P.Tango: bets $0.50
Fernanditto: folds 
Uncalled bet ($0.50) returned to N.P.Tango
N.P.Tango collected $0.50 from pot
N.P.Tango: doesn't show hand 
*** SUMMARY ***
Total pot $0.50 | Rake $0 
Board [Tc 9s 2c 9h]
Seat 1: Alameda22 folded before Flop (didn't bet)
Seat 2: Sick M (button) folded before Flop (didn't bet)
Seat 3: N.P.Tango (small blind) collected ($0.50)
Seat 4: Fernanditto (big blind) folded on the Turn
Seat 5: CMaximus folded before Flop (didn't bet)
Seat 6: Craig_Cr folded before Flop (didn't bet)
Seat 8: Superloopin folded before Flop (didn't bet)
Seat 9: NikoBuddah folded before Flop (didn't bet)



PokerStars Game #19952451642:  Hold'em No Limit ($0.10/$0.25) - 2008/08/27 - 22:32:14 (ET)
Table 'Chlosinde III' 9-max Seat #3 is the button
Seat 1: Alameda22 ($20.25 in chips) 
Seat 2: Sick M ($24.65 in chips) 
Seat 3: N.P.Tango ($26.85 in chips) 
Seat 4: Fernanditto ($35.10 in chips) 
Seat 5: CMaximus ($26.30 in chips) 
Seat 6: Craig_Cr ($9.65 in chips) 
Seat 8: Superloopin ($24.55 in chips) 
Fernanditto: posts small blind $0.10
CMaximus: posts big blind $0.25
*** HOLE CARDS ***
Dealt to Alameda22 [Kh 7d]
Craig_Cr: folds 
Craig_Cr leaves the table
Superloopin: folds 
Alameda22: folds 
Sick M: folds 
N.P.Tango: folds 
Fernanditto: raises $0.75 to $1
S.G. joins the table at seat #9 
CMaximus: folds 
Uncalled bet ($0.75) returned to Fernanditto
Fernanditto collected $0.50 from pot
Fernanditto: doesn't show hand 
*** SUMMARY ***
Total pot $0.50 | Rake $0 
Seat 1: Alameda22 folded before Flop (didn't bet)
Seat 2: Sick M folded before Flop (didn't bet)
Seat 3: N.P.Tango (button) folded before Flop (didn't bet)
Seat 4: Fernanditto (small blind) collected ($0.50)
Seat 5: CMaximus (big blind) folded before Flop
Seat 6: Craig_Cr folded before Flop (didn't bet)
Seat 8: Superloopin folded before Flop (didn't bet)



PokerStars Game #19952471171:  Hold'em No Limit ($0.10/$0.25) - 2008/08/27 - 22:33:01 (ET)
Table 'Chlosinde III' 9-max Seat #4 is the button
Seat 1: Alameda22 ($20.25 in chips) 
Seat 2: Sick M ($24.65 in chips) 
Seat 3: N.P.Tango ($26.85 in chips) 
Seat 4: Fernanditto ($35.35 in chips) 
Seat 5: CMaximus ($26.05 in chips) 
Seat 8: Superloopin ($24.55 in chips) 
Seat 9: S.G. ($5 in chips) 
CMaximus: posts small blind $0.10
Superloopin: posts big blind $0.25
S.G.: posts big blind $0.25
*** HOLE CARDS ***
Dealt to Alameda22 [Qs Ac]
S.G.: checks 
Alameda22: raises $0.75 to $1
Sick M: folds 
N.P.Tango: folds 
Fernanditto: folds 
CMaximus: folds 
Superloopin: folds 
S.G.: folds 
Uncalled bet ($0.75) returned to Alameda22
Alameda22 collected $0.85 from pot
Alameda22: doesn't show hand 
*** SUMMARY ***
Total pot $0.85 | Rake $0 
Seat 1: Alameda22 collected ($0.85)
Seat 2: Sick M folded before Flop (didn't bet)
Seat 3: N.P.Tango folded before Flop (didn't bet)
Seat 4: Fernanditto (button) folded before Flop (didn't bet)
Seat 5: CMaximus (small blind) folded before Flop
Seat 8: Superloopin (big blind) folded before Flop
Seat 9: S.G. folded before Flop



PokerStars Game #19952494326:  Hold'em No Limit ($0.10/$0.25) - 2008/08/27 - 22:33:57 (ET)
Table 'Chlosinde III' 9-max Seat #5 is the button
Seat 1: Alameda22 ($20.85 in chips) 
Seat 2: Sick M ($24.65 in chips) 
Seat 3: N.P.Tango ($26.85 in chips) 
Seat 4: Fernanditto ($35.35 in chips) 
Seat 5: CMaximus ($25.95 in chips) 
Seat 8: Superloopin ($24.30 in chips) 
Seat 9: S.G. ($4.75 in chips) 
Superloopin: posts small blind $0.10
S.G.: posts big blind $0.25
*** HOLE CARDS ***
Dealt to Alameda22 [3s 3d]
Alameda22: folds 
Sick M: folds 
N.P.Tango: folds 
Fernanditto: folds 
CMaximus: raises $0.50 to $0.75
Superloopin: calls $0.65
S.G.: calls $0.50
*** FLOP *** [Qs 9d 2c]
Superloopin: checks 
S.G.: checks 
CMaximus: bets $1.50
Superloopin said, "dont want a call huh"
Superloopin: folds 
S.G.: folds 
Uncalled bet ($1.50) returned to CMaximus
CMaximus collected $2.15 from pot
CMaximus: doesn't show hand 
*** SUMMARY ***
Total pot $2.25 | Rake $0.10 
Board [Qs 9d 2c]
Seat 1: Alameda22 folded before Flop (didn't bet)
Seat 2: Sick M folded before Flop (didn't bet)
Seat 3: N.P.Tango folded before Flop (didn't bet)
Seat 4: Fernanditto folded before Flop (didn't bet)
Seat 5: CMaximus (button) collected ($2.15)
Seat 8: Superloopin (small blind) folded on the Flop
Seat 9: S.G. (big blind) folded on the Flop



PokerStars Game #19952533748:  Hold'em No Limit ($0.10/$0.25) - 2008/08/27 - 22:35:35 (ET)
Table 'Chlosinde III' 9-max Seat #8 is the button
Seat 1: Alameda22 ($20.85 in chips) 
Seat 2: Sick M ($24.65 in chips) 
Seat 3: N.P.Tango ($26.85 in chips) 
Seat 4: Fernanditto ($35.35 in chips) 
Seat 5: CMaximus ($27.35 in chips) 
Seat 8: Superloopin ($23.55 in chips) 
Seat 9: S.G. ($4 in chips) 
S.G.: posts small blind $0.10
Alameda22: posts big blind $0.25
*** HOLE CARDS ***
Dealt to Alameda22 [4c Ts]
Sick M: folds 
N.P.Tango: raises $0.50 to $0.75
Fernanditto: folds 
CMaximus: folds 
Superloopin: folds 
S.G.: calls $0.65
Alameda22: folds 
*** FLOP *** [2d Ah 8d]
S.G.: checks 
N.P.Tango: checks 
*** TURN *** [2d Ah 8d] [5h]
S.G.: checks 
N.P.Tango: bets $2.50
S.G.: folds 
Uncalled bet ($2.50) returned to N.P.Tango
N.P.Tango collected $1.70 from pot
*** SUMMARY ***
Total pot $1.75 | Rake $0.05 
Board [2d Ah 8d 5h]
Seat 1: Alameda22 (big blind) folded before Flop
Seat 2: Sick M folded before Flop (didn't bet)
Seat 3: N.P.Tango collected ($1.70)
Seat 4: Fernanditto folded before Flop (didn't bet)
Seat 5: CMaximus folded before Flop (didn't bet)
Seat 8: Superloopin (button) folded before Flop (didn't bet)
Seat 9: S.G. (small blind) folded on the Turn



PokerStars Game #19952559541:  Hold'em No Limit ($0.10/$0.25) - 2008/08/27 - 22:36:40 (ET)
Table 'Chlosinde III' 9-max Seat #9 is the button
Seat 1: Alameda22 ($20.60 in chips) 
Seat 2: Sick M ($24.65 in chips) 
Seat 3: N.P.Tango ($27.80 in chips) 
Seat 4: Fernanditto ($35.35 in chips) 
Seat 5: CMaximus ($27.35 in chips) 
Seat 8: Superloopin ($23.55 in chips) 
Seat 9: S.G. ($3.25 in chips) 
Alameda22: posts small blind $0.10
Sick M: posts big blind $0.25
*** HOLE CARDS ***
Dealt to Alameda22 [7s Qc]
N.P.Tango: folds 
Fernanditto: folds 
Mr. WolfDog joins the table at seat #7 
CMaximus: folds 
Superloopin: calls $0.25
S.G.: calls $0.25
Alameda22: folds 
Sick M: checks 
*** FLOP *** [3h 9c 5d]
Sick M: checks 
Superloopin: checks 
S.G.: checks 
*** TURN *** [3h 9c 5d] [Th]
Sick M: checks 
Superloopin: checks 
S.G.: checks 
*** RIVER *** [3h 9c 5d Th] [Tc]
Sick M: checks 
Superloopin: checks 
S.G.: bets $1
Sick M: folds 
928racer joins the table at seat #6 
Superloopin: folds 
Uncalled bet ($1) returned to S.G.
S.G. collected $0.85 from pot
S.G.: doesn't show hand 
*** SUMMARY ***
Total pot $0.85 | Rake $0 
Board [3h 9c 5d Th Tc]
Seat 1: Alameda22 (small blind) folded before Flop
Seat 2: Sick M (big blind) folded on the River
Seat 3: N.P.Tango folded before Flop (didn't bet)
Seat 4: Fernanditto folded before Flop (didn't bet)
Seat 5: CMaximus folded before Flop (didn't bet)
Seat 8: Superloopin folded on the River
Seat 9: S.G. (button) collected ($0.85)



PokerStars Game #19952607374:  Hold'em No Limit ($0.10/$0.25) - 2008/08/27 - 22:38:39 (ET)
Table 'Chlosinde III' 9-max Seat #1 is the button
Seat 1: Alameda22 ($20.50 in chips) 
Seat 2: Sick M ($24.40 in chips) 
Seat 3: N.P.Tango ($27.80 in chips) 
Seat 4: Fernanditto ($35.35 in chips) 
Seat 5: CMaximus ($27.35 in chips) 
Seat 7: Mr. WolfDog ($5 in chips) 
Seat 8: Superloopin ($23.30 in chips) 
Seat 9: S.G. ($3.85 in chips) 
Sick M: posts small blind $0.10
N.P.Tango: posts big blind $0.25
928racer: sits out 
Mr. WolfDog: posts big blind $0.25
*** HOLE CARDS ***
Dealt to Alameda22 [7h 4h]
Fernanditto: folds 
CMaximus: folds 
Mr. WolfDog: checks 
Superloopin: folds 
S.G.: folds 
Alameda22: folds 
Sick M: folds 
N.P.Tango: checks 
*** FLOP *** [2d Td As]
N.P.Tango: checks 
Mr. WolfDog: bets $0.25
N.P.Tango: calls $0.25
*** TURN *** [2d Td As] [9d]
N.P.Tango: checks 
Mr. WolfDog: bets $0.50
N.P.Tango: folds 
Uncalled bet ($0.50) returned to Mr. WolfDog
Mr. WolfDog collected $1.05 from pot
Mr. WolfDog: doesn't show hand 
*** SUMMARY ***
Total pot $1.10 | Rake $0.05 
Board [2d Td As 9d]
Seat 1: Alameda22 (button) folded before Flop (didn't bet)
Seat 2: Sick M (small blind) folded before Flop
Seat 3: N.P.Tango (big blind) folded on the Turn
Seat 4: Fernanditto folded before Flop (didn't bet)
Seat 5: CMaximus folded before Flop (didn't bet)
Seat 7: Mr. WolfDog collected ($1.05)
Seat 8: Superloopin folded before Flop (didn't bet)
Seat 9: S.G. folded before Flop (didn't bet)



PokerStars Game #19952631952:  Hold'em No Limit ($0.10/$0.25) - 2008/08/27 - 22:39:40 (ET)
Table 'Chlosinde III' 9-max Seat #2 is the button
Seat 1: Alameda22 ($20.50 in chips) 
Seat 2: Sick M ($24.30 in chips) 
Seat 3: N.P.Tango ($27.30 in chips) 
Seat 6: 928racer ($25 in chips) 
Seat 7: Mr. WolfDog ($5.55 in chips) 
Seat 8: Superloopin ($23.30 in chips) 
Seat 9: S.G. ($3.85 in chips) 
N.P.Tango: posts small blind $0.10
Fernanditto: is sitting out 
Fernanditto leaves the table
CMaximus: is sitting out 
CMaximus leaves the table
928racer: posts big blind $0.25
*** HOLE CARDS ***
Dealt to Alameda22 [7d 7c]
Mr. WolfDog: folds 
Superloopin: folds 
S.G.: folds 
Alameda22: calls $0.25
Sick M: folds 
N.P.Tango: folds 
928racer: raises $0.50 to $0.75
Alameda22: calls $0.50
*** FLOP *** [3h Jc Tc]
928racer: bets $1
Alameda22: folds 
Uncalled bet ($1) returned to 928racer
928racer collected $1.55 from pot
*** SUMMARY ***
Total pot $1.60 | Rake $0.05 
Board [3h Jc Tc]
Seat 1: Alameda22 folded on the Flop
Seat 2: Sick M (button) folded before Flop (didn't bet)
Seat 3: N.P.Tango (small blind) folded before Flop
Seat 6: 928racer (big blind) collected ($1.55)
Seat 7: Mr. WolfDog folded before Flop (didn't bet)
Seat 8: Superloopin folded before Flop (didn't bet)
Seat 9: S.G. folded before Flop (didn't bet)



PokerStars Game #19952659220:  Hold'em No Limit ($0.10/$0.25) - 2008/08/27 - 22:40:47 (ET)
Table 'Chlosinde III' 9-max Seat #3 is the button
Seat 1: Alameda22 ($19.75 in chips) 
Seat 2: Sick M ($24.30 in chips) 
Seat 3: N.P.Tango ($27.20 in chips) 
Seat 6: 928racer ($25.80 in chips) 
Seat 7: Mr. WolfDog ($5.55 in chips) 
Seat 8: Superloopin ($23.30 in chips) 
Seat 9: S.G. ($3.85 in chips) 
928racer: posts small blind $0.10
Mr. WolfDog: posts big blind $0.25
*** HOLE CARDS ***
Dealt to Alameda22 [7d 8h]
Superloopin: folds 
S.G.: folds 
Alameda22: folds 
Sick M: folds 
N.P.Tango: folds 
928racer: folds 
Uncalled bet ($0.15) returned to Mr. WolfDog
Mr. WolfDog collected $0.20 from pot
Mr. WolfDog: doesn't show hand 
*** SUMMARY ***
Total pot $0.20 | Rake $0 
Seat 1: Alameda22 folded before Flop (didn't bet)
Seat 2: Sick M folded before Flop (didn't bet)
Seat 3: N.P.Tango (button) folded before Flop (didn't bet)
Seat 6: 928racer (small blind) folded before Flop
Seat 7: Mr. WolfDog (big blind) collected ($0.20)
Seat 8: Superloopin folded before Flop (didn't bet)
Seat 9: S.G. folded before Flop (didn't bet)



PokerStars Game #19952694564:  Hold'em No Limit ($0.10/$0.25) - 2008/08/27 - 22:42:14 (ET)
Table 'Chlosinde III' 9-max Seat #6 is the button
Seat 1: Alameda22 ($25 in chips) 
Seat 2: Sick M ($24.30 in chips) 
Seat 3: N.P.Tango ($27.20 in chips) 
Seat 6: 928racer ($25.70 in chips) 
Seat 7: Mr. WolfDog ($5.65 in chips) 
Seat 8: Superloopin ($23.30 in chips) 
Seat 9: S.G. ($3.85 in chips) 
Mr. WolfDog: posts small blind $0.10
Superloopin: posts big blind $0.25
*** HOLE CARDS ***
Dealt to Alameda22 [5d Ac]
S.G.: folds 
Alameda22: folds 
Sick M: folds 
N.P.Tango: raises $0.50 to $0.75
928racer: folds 
Mr. WolfDog: folds 
Superloopin: folds 
Uncalled bet ($0.50) returned to N.P.Tango
N.P.Tango collected $0.60 from pot
N.P.Tango: doesn't show hand 
*** SUMMARY ***
Total pot $0.60 | Rake $0 
Seat 1: Alameda22 folded before Flop (didn't bet)
Seat 2: Sick M folded before Flop (didn't bet)
Seat 3: N.P.Tango collected ($0.60)
Seat 6: 928racer (button) folded before Flop (didn't bet)
Seat 7: Mr. WolfDog (small blind) folded before Flop
Seat 8: Superloopin (big blind) folded before Flop
Seat 9: S.G. folded before Flop (didn't bet)



PokerStars Game #19952717009:  Hold'em No Limit ($0.10/$0.25) - 2008/08/27 - 22:43:10 (ET)
Table 'Chlosinde III' 9-max Seat #7 is the button
Seat 1: Alameda22 ($25 in chips) 
Seat 2: Sick M ($24.30 in chips) 
Seat 3: N.P.Tango ($27.55 in chips) 
Seat 6: 928racer ($25.70 in chips) 
Seat 7: Mr. WolfDog ($5.55 in chips) 
Seat 8: Superloopin ($23.05 in chips) 
Seat 9: S.G. ($3.85 in chips) 
Superloopin: posts small blind $0.10
S.G.: posts big blind $0.25
*** HOLE CARDS ***
Dealt to Alameda22 [6h Qh]
Alameda22: folds 
Sick M: folds 
N.P.Tango: folds 
928racer: raises $0.75 to $1
Mr. WolfDog: folds 
Superloopin: folds 
S.G.: calls $0.75
*** FLOP *** [7s Ks 5s]
S.G.: checks 
928racer: bets $1
S.G.: folds 
Uncalled bet ($1) returned to 928racer
928racer collected $2 from pot
928racer: doesn't show hand 
S.G. leaves the table
*** SUMMARY ***
Total pot $2.10 | Rake $0.10 
Board [7s Ks 5s]
Seat 1: Alameda22 folded before Flop (didn't bet)
Seat 2: Sick M folded before Flop (didn't bet)
Seat 3: N.P.Tango folded before Flop (didn't bet)
Seat 6: 928racer collected ($2)
Seat 7: Mr. WolfDog (button) folded before Flop (didn't bet)
Seat 8: Superloopin (small blind) folded before Flop
Seat 9: S.G. (big blind) folded on the Flop



PokerStars Game #19952736619:  Hold'em No Limit ($0.10/$0.25) - 2008/08/27 - 22:43:59 (ET)
Table 'Chlosinde III' 9-max Seat #8 is the button
Seat 1: Alameda22 ($25 in chips) 
Seat 2: Sick M ($24.30 in chips) 
Seat 3: N.P.Tango ($27.55 in chips) 
Seat 6: 928racer ($26.70 in chips) 
Seat 7: Mr. WolfDog ($5.55 in chips) 
Seat 8: Superloopin ($22.95 in chips) 
Alameda22: posts small blind $0.10
Sick M: posts big blind $0.25
*** HOLE CARDS ***
Dealt to Alameda22 [5s Jd]
N.P.Tango: raises $0.25 to $0.50
928racer: folds 
Mr. WolfDog: calls $0.50
Superloopin: calls $0.50
Alameda22: folds 
Sick M: folds 
*** FLOP *** [2h Ac 2s]
N.P.Tango: checks 
Mr. WolfDog: checks 
Superloopin: bets $0.50
bobdede666 joins the table at seat #9 
N.P.Tango: folds 
Mr. WolfDog: calls $0.50
*** TURN *** [2h Ac 2s] [4h]
Mr. WolfDog: checks 
Superloopin: bets $2.50
Mr. WolfDog: folds 
Uncalled bet ($2.50) returned to Superloopin
Superloopin collected $2.75 from pot
Superloopin: doesn't show hand 
*** SUMMARY ***
Total pot $2.85 | Rake $0.10 
Board [2h Ac 2s 4h]
Seat 1: Alameda22 (small blind) folded before Flop
Seat 2: Sick M (big blind) folded before Flop
Seat 3: N.P.Tango folded on the Flop
Seat 6: 928racer folded before Flop (didn't bet)
Seat 7: Mr. WolfDog folded on the Turn
Seat 8: Superloopin (button) collected ($2.75)



PokerStars Game #19952758499:  Hold'em No Limit ($0.10/$0.25) - 2008/08/27 - 22:44:54 (ET)
Table 'Chlosinde III' 9-max Seat #1 is the button
Seat 1: Alameda22 ($24.90 in chips) 
Seat 2: Sick M ($24.05 in chips) 
Seat 7: Mr. WolfDog ($4.55 in chips) 
Seat 8: Superloopin ($24.70 in chips) 
Seat 9: bobdede666 ($13.75 in chips) 
Sick M: posts small blind $0.10
N.P.Tango: is sitting out 
928racer: is sitting out 
N.P.Tango leaves the table
Mr. WolfDog: posts big blind $0.25
928racer leaves the table
bobdede666: posts big blind $0.25
*** HOLE CARDS ***
Dealt to Alameda22 [4h 3d]
Superloopin: folds 
bobdede666: checks 
Alameda22: folds 
Sick M: folds 
Mr. WolfDog: checks 
*** FLOP *** [4s 3s Jd]
Mr. WolfDog: bets $0.25
bobdede666: calls $0.25
*** TURN *** [4s 3s Jd] [5c]
Mr. WolfDog: bets $0.25
bobdede666: calls $0.25
*** RIVER *** [4s 3s Jd 5c] [Ts]
Mr. WolfDog: bets $1
bobdede666: calls $1
*** SHOW DOWN ***
Mr. WolfDog: shows [9c Ah] (high card Ace)
bobdede666: shows [Tc Kc] (a pair of Tens)
bobdede666 collected $3.45 from pot
*** SUMMARY ***
Total pot $3.60 | Rake $0.15 
Board [4s 3s Jd 5c Ts]
Seat 1: Alameda22 (button) folded before Flop (didn't bet)
Seat 2: Sick M (small blind) folded before Flop
Seat 7: Mr. WolfDog (big blind) showed [9c Ah] and lost with high card Ace
Seat 8: Superloopin folded before Flop (didn't bet)
Seat 9: bobdede666 showed [Tc Kc] and won ($3.45) with a pair of Tens



PokerStars Game #19952783861:  Hold'em No Limit ($0.10/$0.25) - 2008/08/27 - 22:45:56 (ET)
Table 'Chlosinde III' 9-max Seat #2 is the button
Seat 1: Alameda22 ($24.90 in chips) 
Seat 2: Sick M ($23.95 in chips) 
Seat 7: Mr. WolfDog ($2.80 in chips) 
Seat 8: Superloopin ($24.70 in chips) 
Seat 9: bobdede666 ($15.45 in chips) 
Mr. WolfDog: posts small blind $0.10
Superloopin: posts big blind $0.25
*** HOLE CARDS ***
Dealt to Alameda22 [Kh 2d]
bobdede666: calls $0.25
Alameda22: folds 
chahbour joins the table at seat #5 
Sick M: folds 
Mr. WolfDog: calls $0.15
Superloopin: checks 
*** FLOP *** [Qd 2s 7c]
Butane88 joins the table at seat #4 
Mr. WolfDog: checks 
Superloopin: checks 
bobdede666: bets $0.75
Mr. WolfDog: raises $1.80 to $2.55 and is all-in
SCW123 joins the table at seat #3 
Superloopin: folds 
bobdede666: calls $1.80
*** TURN *** [Qd 2s 7c] [3s]
*** RIVER *** [Qd 2s 7c 3s] [8d]
*** SHOW DOWN ***
Mr. WolfDog: shows [7h Qs] (two pair, Queens and Sevens)
bobdede666: mucks hand 
Mr. WolfDog collected $5.60 from pot
*** SUMMARY ***
Total pot $5.85 | Rake $0.25 
Board [Qd 2s 7c 3s 8d]
Seat 1: Alameda22 folded before Flop (didn't bet)
Seat 2: Sick M (button) folded before Flop (didn't bet)
Seat 7: Mr. WolfDog (small blind) showed [7h Qs] and won ($5.60) with two pair, Queens and Sevens
Seat 8: Superloopin (big blind) folded on the Flop
Seat 9: bobdede666 mucked [6d 6c]



PokerStars Game #19952802844:  Hold'em No Limit ($0.10/$0.25) - 2008/08/27 - 22:46:43 (ET)
Table 'Chlosinde III' 9-max Seat #7 is the button
Seat 1: Alameda22 ($24.90 in chips) 
Seat 2: Sick M ($23.95 in chips) 
Seat 3: SCW123 ($10 in chips) 
Seat 4: Butane88 ($6 in chips) 
Seat 5: chahbour ($11.10 in chips) 
Seat 7: Mr. WolfDog ($5.60 in chips) 
Seat 8: Superloopin ($24.45 in chips) 
Seat 9: bobdede666 ($12.65 in chips) 
Superloopin: posts small blind $0.10
bobdede666: posts big blind $0.25
SCW123: posts big blind $0.25
Butane88: posts big blind $0.25
chahbour: posts big blind $0.25
*** HOLE CARDS ***
Dealt to Alameda22 [8c Td]
Alameda22: folds 
Sick M: folds 
SCW123: checks 
Butane88: checks 
chahbour: checks 
Mr. WolfDog: folds 
Superloopin: calls $0.15
bobdede666: checks 
*** FLOP *** [6d 4h 5d]
Superloopin: checks 
bobdede666: bets $0.50
SCW123: folds 
Butane88: calls $0.50
chahbour: calls $0.50
Superloopin: folds 
*** TURN *** [6d 4h 5d] [7h]
bobdede666: bets $0.50
Butane88: raises $0.50 to $1
chahbour: calls $1
bobdede666: calls $0.50
*** RIVER *** [6d 4h 5d 7h] [Kh]
bobdede666: checks 
Butane88: bets $4.25 and is all-in
chahbour: calls $4.25
bobdede666: folds 
*** SHOW DOWN ***
Butane88: shows [3h 7s] (a straight, Three to Seven)
chahbour: shows [4s 8h] (a straight, Four to Eight)
chahbour collected $13.55 from pot
*** SUMMARY ***
Total pot $14.25 | Rake $0.70 
Board [6d 4h 5d 7h Kh]
Seat 1: Alameda22 folded before Flop (didn't bet)
Seat 2: Sick M folded before Flop (didn't bet)
Seat 3: SCW123 folded on the Flop
Seat 4: Butane88 showed [3h 7s] and lost with a straight, Three to Seven
Seat 5: chahbour showed [4s 8h] and won ($13.55) with a straight, Four to Eight
Seat 7: Mr. WolfDog (button) folded before Flop (didn't bet)
Seat 8: Superloopin (small blind) folded on the Flop
Seat 9: bobdede666 (big blind) folded on the River



PokerStars Game #19952838773:  Hold'em No Limit ($0.10/$0.25) - 2008/08/27 - 22:48:13 (ET)
Table 'Chlosinde III' 9-max Seat #8 is the button
Seat 1: Alameda22 ($24.90 in chips) 
Seat 2: Sick M ($23.95 in chips) 
Seat 3: SCW123 ($9.75 in chips) 
Seat 5: chahbour ($18.65 in chips) 
Seat 7: Mr. WolfDog ($5.60 in chips) 
Seat 8: Superloopin ($24.20 in chips) 
Seat 9: bobdede666 ($10.90 in chips) 
bobdede666: posts small blind $0.10
Alameda22: posts big blind $0.25
*** HOLE CARDS ***
Dealt to Alameda22 [4s 2s]
Butane88 leaves the table
Sick M: folds 
SCW123: calls $0.25
chahbour: folds 
Mr. WolfDog: folds 
Superloopin: folds 
bobdede666: calls $0.15
Alameda22: checks 
*** FLOP *** [8h 3s 5d]
bobdede666: bets $0.75
Alameda22: folds 
rainbow_J joins the table at seat #6 
SCW123: folds 
Uncalled bet ($0.75) returned to bobdede666
bobdede666 collected $0.75 from pot
bobdede666: doesn't show hand 
*** SUMMARY ***
Total pot $0.75 | Rake $0 
Board [8h 3s 5d]
Seat 1: Alameda22 (big blind) folded on the Flop
Seat 2: Sick M folded before Flop (didn't bet)
Seat 3: SCW123 folded on the Flop
Seat 5: chahbour folded before Flop (didn't bet)
Seat 7: Mr. WolfDog folded before Flop (didn't bet)
Seat 8: Superloopin (button) folded before Flop (didn't bet)
Seat 9: bobdede666 (small blind) collected ($0.75)



PokerStars Game #19952862527:  Hold'em No Limit ($0.10/$0.25) - 2008/08/27 - 22:49:13 (ET)
Table 'Chlosinde III' 9-max Seat #9 is the button
Seat 1: Alameda22 ($24.65 in chips) 
Seat 2: Sick M ($23.95 in chips) 
Seat 3: SCW123 ($9.50 in chips) 
Seat 5: chahbour ($18.65 in chips) 
Seat 7: Mr. WolfDog ($5.60 in chips) 
Seat 8: Superloopin ($24.20 in chips) 
Seat 9: bobdede666 ($11.40 in chips) 
Alameda22: posts small blind $0.10
Sick M: posts big blind $0.25
rainbow_J: sits out 
*** HOLE CARDS ***
Dealt to Alameda22 [9d 6c]
SCW123: calls $0.25
chahbour: folds 
Mr. WolfDog: calls $0.25
Superloopin: folds 
bobdede666: folds 
Alameda22: folds 
Sick M: raises $1.25 to $1.50
SCW123: calls $1.25
Mr. WolfDog: folds 
*** FLOP *** [4c Th Js]
Sick M: bets $2.75
SCW123: calls $2.75
*** TURN *** [4c Th Js] [Td]
Sick M: bets $1.50
SCW123: raises $1.50 to $3
Sick M: raises $1.50 to $4.50
SCW123: raises $0.75 to $5.25 and is all-in
Sick M: calls $0.75
*** RIVER *** [4c Th Js Td] [8c]
*** SHOW DOWN ***
Sick M: shows [Tc Ts] (four of a kind, Tens)
SCW123: mucks hand 
bobdede666 said, "ho"
Sick M collected $18.45 from pot
*** SUMMARY ***
Total pot $19.35 | Rake $0.90 
Board [4c Th Js Td 8c]
Seat 1: Alameda22 (small blind) folded before Flop
Seat 2: Sick M (big blind) showed [Tc Ts] and won ($18.45) with four of a kind, Tens
Seat 3: SCW123 mucked [6d Jh]
Seat 5: chahbour folded before Flop (didn't bet)
Seat 7: Mr. WolfDog folded before Flop
Seat 8: Superloopin folded before Flop (didn't bet)
Seat 9: bobdede666 (button) folded before Flop (didn't bet)



PokerStars Game #19952897665:  Hold'em No Limit ($0.10/$0.25) - 2008/08/27 - 22:50:40 (ET)
Table 'Chlosinde III' 9-max Seat #1 is the button
Seat 1: Alameda22 ($24.55 in chips) 
Seat 2: Sick M ($32.90 in chips) 
Seat 5: chahbour ($18.65 in chips) 
Seat 7: Mr. WolfDog ($5.35 in chips) 
Seat 8: Superloopin ($24.20 in chips) 
Seat 9: bobdede666 ($11.40 in chips) 
Sick M: posts small blind $0.10
chahbour: posts big blind $0.25
rainbow_J: sits out 
*** HOLE CARDS ***
Dealt to Alameda22 [8h 3s]
Mr. WolfDog: folds 
SCW123 leaves the table
bobdede666 said, "nh"
Superloopin: calls $0.25
bobdede666: folds 
Alameda22: folds 
Sick M: folds 
chahbour: raises $0.50 to $0.75
Superloopin: folds 
Uncalled bet ($0.50) returned to chahbour
chahbour collected $0.60 from pot
chahbour: doesn't show hand 
*** SUMMARY ***
Total pot $0.60 | Rake $0 
Seat 1: Alameda22 (button) folded before Flop (didn't bet)
Seat 2: Sick M (small blind) folded before Flop
Seat 5: chahbour (big blind) collected ($0.60)
Seat 7: Mr. WolfDog folded before Flop (didn't bet)
Seat 8: Superloopin folded before Flop
Seat 9: bobdede666 folded before Flop (didn't bet)



PokerStars Game #19952915882:  Hold'em No Limit ($0.10/$0.25) - 2008/08/27 - 22:51:25 (ET)
Table 'Chlosinde III' 9-max Seat #2 is the button
Seat 1: Alameda22 ($24.55 in chips) 
Seat 2: Sick M ($32.80 in chips) 
Seat 5: chahbour ($19 in chips) 
Seat 6: rainbow_J ($25 in chips) 
Seat 7: Mr. WolfDog ($5.35 in chips) 
Seat 8: Superloopin ($23.95 in chips) 
Seat 9: bobdede666 ($11.40 in chips) 
chahbour: posts small blind $0.10
rainbow_J: posts big blind $0.25
*** HOLE CARDS ***
Dealt to Alameda22 [Qs Td]
Mr. WolfDog: calls $0.25
Superloopin: folds 
bobdede666: folds 
Alameda22: folds 
Sick M: folds 
chahbour: calls $0.15
rainbow_J: checks 
*** FLOP *** [As 2s Kc]
chahbour: checks 
rainbow_J: checks 
Mr. WolfDog: bets $0.25
chahbour: folds 
rainbow_J: folds 
Uncalled bet ($0.25) returned to Mr. WolfDog
Mr. WolfDog collected $0.75 from pot
Mr. WolfDog: doesn't show hand 
*** SUMMARY ***
Total pot $0.75 | Rake $0 
Board [As 2s Kc]
Seat 1: Alameda22 folded before Flop (didn't bet)
Seat 2: Sick M (button) folded before Flop (didn't bet)
Seat 5: chahbour (small blind) folded on the Flop
Seat 6: rainbow_J (big blind) folded on the Flop
Seat 7: Mr. WolfDog collected ($0.75)
Seat 8: Superloopin folded before Flop (didn't bet)
Seat 9: bobdede666 folded before Flop (didn't bet)



PokerStars Game #19952931558:  Hold'em No Limit ($0.10/$0.25) - 2008/08/27 - 22:52:04 (ET)
Table 'Chlosinde III' 9-max Seat #5 is the button
Seat 1: Alameda22 ($24.55 in chips) 
Seat 2: Sick M ($32.80 in chips) 
Seat 5: chahbour ($18.75 in chips) 
Seat 6: rainbow_J ($24.75 in chips) 
Seat 7: Mr. WolfDog ($5.85 in chips) 
Seat 8: Superloopin ($23.95 in chips) 
Seat 9: bobdede666 ($11.40 in chips) 
rainbow_J: posts small blind $0.10
xBegForMercy joins the table at seat #4 
Mr. WolfDog: posts big blind $0.25
*** HOLE CARDS ***
Dealt to Alameda22 [Jc 4d]
xBegForMercy leaves the table
Superloopin: folds 
bobdede666: raises $0.75 to $1
Alameda22: folds 
Sick M: folds 
chahbour: folds 
rainbow_J: raises $1.50 to $2.50
Mr. WolfDog: folds 
bobdede666: calls $1.50
*** FLOP *** [4c Js 2c]
rainbow_J: bets $2
bobdede666: raises $6.90 to $8.90 and is all-in
rainbow_J: folds 
Uncalled bet ($6.90) returned to bobdede666
bobdede666 collected $8.80 from pot
bobdede666: doesn't show hand 
*** SUMMARY ***
Total pot $9.25 | Rake $0.45 
Board [4c Js 2c]
Seat 1: Alameda22 folded before Flop (didn't bet)
Seat 2: Sick M folded before Flop (didn't bet)
Seat 5: chahbour (button) folded before Flop (didn't bet)
Seat 6: rainbow_J (small blind) folded on the Flop
Seat 7: Mr. WolfDog (big blind) folded before Flop
Seat 8: Superloopin folded before Flop (didn't bet)
Seat 9: bobdede666 collected ($8.80)



PokerStars Game #19952951164:  Hold'em No Limit ($0.10/$0.25) - 2008/08/27 - 22:52:54 (ET)
Table 'Chlosinde III' 9-max Seat #6 is the button
Seat 1: Alameda22 ($24.55 in chips) 
Seat 2: Sick M ($32.80 in chips) 
Seat 5: chahbour ($18.75 in chips) 
Seat 6: rainbow_J ($20.25 in chips) 
Seat 7: Mr. WolfDog ($5.60 in chips) 
Seat 8: Superloopin ($23.95 in chips) 
Seat 9: bobdede666 ($15.70 in chips) 
Mr. WolfDog: posts small blind $0.10
Superloopin: posts big blind $0.25
*** HOLE CARDS ***
Dealt to Alameda22 [2s Kd]
bobdede666: folds 
Alameda22: folds 
Sick M: folds 
chahbour: folds 
rainbow_J: folds 
Mr. WolfDog: raises $0.50 to $0.75
Superloopin: folds 
Uncalled bet ($0.50) returned to Mr. WolfDog
Mr. WolfDog collected $0.50 from pot
Mr. WolfDog: doesn't show hand 
*** SUMMARY ***
Total pot $0.50 | Rake $0 
Seat 1: Alameda22 folded before Flop (didn't bet)
Seat 2: Sick M folded before Flop (didn't bet)
Seat 5: chahbour folded before Flop (didn't bet)
Seat 6: rainbow_J (button) folded before Flop (didn't bet)
Seat 7: Mr. WolfDog (small blind) collected ($0.50)
Seat 8: Superloopin (big blind) folded before Flop
Seat 9: bobdede666 folded before Flop (didn't bet)



PokerStars Game #19952966065:  Hold'em No Limit ($0.10/$0.25) - 2008/08/27 - 22:53:31 (ET)
Table 'Chlosinde III' 9-max Seat #7 is the button
Seat 1: Alameda22 ($24.55 in chips) 
Seat 2: Sick M ($32.80 in chips) 
Seat 5: chahbour ($18.75 in chips) 
Seat 6: rainbow_J ($20.25 in chips) 
Seat 7: Mr. WolfDog ($5.85 in chips) 
Seat 8: Superloopin ($23.70 in chips) 
Seat 9: bobdede666 ($15.70 in chips) 
blink555 joins the table at seat #4 
Superloopin: posts small blind $0.10
bobdede666: posts big blind $0.25
*** HOLE CARDS ***
Dealt to Alameda22 [8c Qd]
WhiteApe777 joins the table at seat #3 
WhiteApe777 is sitting out
Alameda22: folds 
Sick M: folds 
chahbour: folds 
rainbow_J: folds 
Mr. WolfDog: folds 
Superloopin: raises $0.75 to $1
bobdede666: calls $0.75
*** FLOP *** [5c Ks 9c]
Superloopin: checks 
bobdede666: bets $0.75
Superloopin: folds 
Uncalled bet ($0.75) returned to bobdede666
bobdede666 collected $1.90 from pot
bobdede666: doesn't show hand 
*** SUMMARY ***
Total pot $2 | Rake $0.10 
Board [5c Ks 9c]
Seat 1: Alameda22 folded before Flop (didn't bet)
Seat 2: Sick M folded before Flop (didn't bet)
Seat 5: chahbour folded before Flop (didn't bet)
Seat 6: rainbow_J folded before Flop (didn't bet)
Seat 7: Mr. WolfDog (button) folded before Flop (didn't bet)
Seat 8: Superloopin (small blind) folded on the Flop
Seat 9: bobdede666 (big blind) collected ($1.90)



PokerStars Game #19952993237:  Hold'em No Limit ($0.10/$0.25) - 2008/08/27 - 22:54:39 (ET)
Table 'Chlosinde III' 9-max Seat #8 is the button
Seat 1: Alameda22 ($24.55 in chips) 
Seat 2: Sick M ($32.80 in chips) 
Seat 4: blink555 ($15 in chips) 
Seat 5: chahbour ($18.75 in chips) 
Seat 6: rainbow_J ($20.25 in chips) 
Seat 7: Mr. WolfDog ($5.85 in chips) 
Seat 8: Superloopin ($22.70 in chips) 
Seat 9: bobdede666 ($16.60 in chips) 
bobdede666: posts small blind $0.10
Alameda22: posts big blind $0.25
blink555: posts big blind $0.25
*** HOLE CARDS ***
Dealt to Alameda22 [8h Th]
Sick M: folds 
blink555: raises $0.75 to $1
chahbour: calls $1
rainbow_J: folds 
Mr. WolfDog: folds 
Superloopin: folds 
bobdede666: folds 
Alameda22: folds 
*** FLOP *** [7c Qd Jc]
blink555: folds 
chahbour collected $2.25 from pot
chahbour: doesn't show hand 
*** SUMMARY ***
Total pot $2.35 | Rake $0.10 
Board [7c Qd Jc]
Seat 1: Alameda22 (big blind) folded before Flop
Seat 2: Sick M folded before Flop (didn't bet)
Seat 4: blink555 folded on the Flop
Seat 5: chahbour collected ($2.25)
Seat 6: rainbow_J folded before Flop (didn't bet)
Seat 7: Mr. WolfDog folded before Flop (didn't bet)
Seat 8: Superloopin (button) folded before Flop (didn't bet)
Seat 9: bobdede666 (small blind) folded before Flop



PokerStars Game #19953010331:  Hold'em No Limit ($0.10/$0.25) - 2008/08/27 - 22:55:24 (ET)
Table 'Chlosinde III' 9-max Seat #9 is the button
Seat 1: Alameda22 ($24.30 in chips) 
Seat 2: Sick M ($32.80 in chips) 
Seat 4: blink555 ($14 in chips) 
Seat 5: chahbour ($20 in chips) 
Seat 6: rainbow_J ($20.25 in chips) 
Seat 7: Mr. WolfDog ($5.85 in chips) 
Seat 8: Superloopin ($22.70 in chips) 
Seat 9: bobdede666 ($16.50 in chips) 
Alameda22: posts small blind $0.10
Sick M: posts big blind $0.25
*** HOLE CARDS ***
Dealt to Alameda22 [8c 8h]
blink555: folds 
blink555 leaves the table
chahbour: folds 
rainbow_J: folds 
Mr. WolfDog: calls $0.25
Superloopin: folds 
bobdede666: raises $1 to $1.25
Alameda22: folds 
Sick M: folds 
Mr. WolfDog: calls $1
*** FLOP *** [Js 2d 7c]
Mr. WolfDog: checks 
WhiteApe777 has returned
KAYDENCE08 joins the table at seat #4 
bobdede666: bets $1.50
Mr. WolfDog: calls $1.50
*** TURN *** [Js 2d 7c] [6c]
Mr. WolfDog: bets $0.25
bobdede666: raises $6.25 to $6.50
Mr. WolfDog: folds 
Uncalled bet ($6.25) returned to bobdede666
bobdede666 collected $6.05 from pot
bobdede666: doesn't show hand 
*** SUMMARY ***
Total pot $6.35 | Rake $0.30 
Board [Js 2d 7c 6c]
Seat 1: Alameda22 (small blind) folded before Flop
Seat 2: Sick M (big blind) folded before Flop
Seat 4: blink555 folded before Flop (didn't bet)
Seat 5: chahbour folded before Flop (didn't bet)
Seat 6: rainbow_J folded before Flop (didn't bet)
Seat 7: Mr. WolfDog folded on the Turn
Seat 8: Superloopin folded before Flop (didn't bet)
Seat 9: bobdede666 (button) collected ($6.05)



PokerStars Game #19953033679:  Hold'em No Limit ($0.10/$0.25) - 2008/08/27 - 22:56:24 (ET)
Table 'Chlosinde III' 9-max Seat #1 is the button
Seat 1: Alameda22 ($24.20 in chips) 
Seat 2: Sick M ($32.55 in chips) 
Seat 3: WhiteApe777 ($25 in chips) 
Seat 5: chahbour ($20 in chips) 
Seat 6: rainbow_J ($20.25 in chips) 
Seat 7: Mr. WolfDog ($2.85 in chips) 
Seat 8: Superloopin ($22.70 in chips) 
Seat 9: bobdede666 ($19.55 in chips) 
Sick M: posts small blind $0.10
WhiteApe777: posts big blind $0.25
KAYDENCE08: sits out 
*** HOLE CARDS ***
Dealt to Alameda22 [3s 4s]
chahbour: folds 
rainbow_J: folds 
Mr. WolfDog: calls $0.25
Superloopin: folds 
bobdede666: folds 
Alameda22: folds 
Sick M: folds 
WhiteApe777: checks 
*** FLOP *** [Qh 8d 9c]
WhiteApe777: checks 
Mr. WolfDog: bets $0.50
WhiteApe777: calls $0.50
*** TURN *** [Qh 8d 9c] [3d]
WhiteApe777: bets $0.75
Mr. WolfDog: raises $1.35 to $2.10 and is all-in
WhiteApe777: calls $1.35
*** RIVER *** [Qh 8d 9c 3d] [Kh]
*** SHOW DOWN ***
WhiteApe777: shows [Jc Qd] (a pair of Queens)
Mr. WolfDog: mucks hand 
WhiteApe777 collected $5.55 from pot
*** SUMMARY ***
Total pot $5.80 | Rake $0.25 
Board [Qh 8d 9c 3d Kh]
Seat 1: Alameda22 (button) folded before Flop (didn't bet)
Seat 2: Sick M (small blind) folded before Flop
Seat 3: WhiteApe777 (big blind) showed [Jc Qd] and won ($5.55) with a pair of Queens
Seat 5: chahbour folded before Flop (didn't bet)
Seat 6: rainbow_J folded before Flop (didn't bet)
Seat 7: Mr. WolfDog mucked [Td Qc]
Seat 8: Superloopin folded before Flop (didn't bet)
Seat 9: bobdede666 folded before Flop (didn't bet)



PokerStars Game #19953066423:  Hold'em No Limit ($0.10/$0.25) - 2008/08/27 - 22:57:48 (ET)
Table 'Chlosinde III' 9-max Seat #2 is the button
Seat 1: Alameda22 ($24.20 in chips) 
Seat 2: Sick M ($32.45 in chips) 
Seat 3: WhiteApe777 ($27.70 in chips) 
Seat 4: KAYDENCE08 ($25 in chips) 
Seat 5: chahbour ($20 in chips) 
Seat 6: rainbow_J ($20.25 in chips) 
Seat 7: Mr. WolfDog ($5 in chips) 
Seat 8: Superloopin ($22.70 in chips) 
Seat 9: bobdede666 ($19.55 in chips) 
WhiteApe777: posts small blind $0.10
KAYDENCE08: posts big blind $0.25
*** HOLE CARDS ***
Dealt to Alameda22 [2s 3d]
chahbour: folds 
rainbow_J: folds 
Mr. WolfDog: calls $0.25
Superloopin: folds 
bobdede666: calls $0.25
Alameda22: folds 
Sick M: folds 
WhiteApe777: calls $0.15
KAYDENCE08: checks 
*** FLOP *** [Td 5s 2h]
WhiteApe777: checks 
KAYDENCE08: checks 
Mr. WolfDog: checks 
bobdede666: checks 
*** TURN *** [Td 5s 2h] [2c]
WhiteApe777: bets $0.60
KAYDENCE08: folds 
Mr. WolfDog: folds 
bobdede666: folds 
Uncalled bet ($0.60) returned to WhiteApe777
WhiteApe777 collected $0.95 from pot
WhiteApe777: doesn't show hand 
*** SUMMARY ***
Total pot $1 | Rake $0.05 
Board [Td 5s 2h 2c]
Seat 1: Alameda22 folded before Flop (didn't bet)
Seat 2: Sick M (button) folded before Flop (didn't bet)
Seat 3: WhiteApe777 (small blind) collected ($0.95)
Seat 4: KAYDENCE08 (big blind) folded on the Turn
Seat 5: chahbour folded before Flop (didn't bet)
Seat 6: rainbow_J folded before Flop (didn't bet)
Seat 7: Mr. WolfDog folded on the Turn
Seat 8: Superloopin folded before Flop (didn't bet)
Seat 9: bobdede666 folded on the Turn



PokerStars Game #19953087246:  Hold'em No Limit ($0.10/$0.25) - 2008/08/27 - 22:58:42 (ET)
Table 'Chlosinde III' 9-max Seat #3 is the button
Seat 1: Alameda22 ($24.20 in chips) 
Seat 2: Sick M ($32.45 in chips) 
Seat 3: WhiteApe777 ($28.40 in chips) 
Seat 4: KAYDENCE08 ($24.75 in chips) 
Seat 5: chahbour ($20 in chips) 
Seat 6: rainbow_J ($20.25 in chips) 
Seat 7: Mr. WolfDog ($4.75 in chips) 
Seat 8: Superloopin ($22.70 in chips) 
Seat 9: bobdede666 ($19.30 in chips) 
KAYDENCE08: posts small blind $0.10
chahbour: posts big blind $0.25
*** HOLE CARDS ***
Dealt to Alameda22 [Qh 2s]
rainbow_J: folds 
Mr. WolfDog: calls $0.25
Superloopin: folds 
bobdede666: raises $1 to $1.25
Alameda22: folds 
Sick M: folds 
WhiteApe777: folds 
KAYDENCE08: folds 
chahbour: folds 
Mr. WolfDog: folds 
Uncalled bet ($1) returned to bobdede666
bobdede666 collected $0.85 from pot
bobdede666: doesn't show hand 
*** SUMMARY ***
Total pot $0.85 | Rake $0 
Seat 1: Alameda22 folded before Flop (didn't bet)
Seat 2: Sick M folded before Flop (didn't bet)
Seat 3: WhiteApe777 (button) folded before Flop (didn't bet)
Seat 4: KAYDENCE08 (small blind) folded before Flop
Seat 5: chahbour (big blind) folded before Flop
Seat 6: rainbow_J folded before Flop (didn't bet)
Seat 7: Mr. WolfDog folded before Flop
Seat 8: Superloopin folded before Flop (didn't bet)
Seat 9: bobdede666 collected ($0.85)



PokerStars Game #19953104203:  Hold'em No Limit ($0.10/$0.25) - 2008/08/27 - 22:59:25 (ET)
Table 'Chlosinde III' 9-max Seat #4 is the button
Seat 1: Alameda22 ($24.20 in chips) 
Seat 2: Sick M ($32.45 in chips) 
Seat 3: WhiteApe777 ($28.40 in chips) 
Seat 4: KAYDENCE08 ($24.65 in chips) 
Seat 5: chahbour ($19.75 in chips) 
Seat 6: rainbow_J ($20.25 in chips) 
Seat 7: Mr. WolfDog ($4.50 in chips) 
Seat 8: Superloopin ($22.70 in chips) 
Seat 9: bobdede666 ($19.90 in chips) 
chahbour: posts small blind $0.10
rainbow_J: posts big blind $0.25
*** HOLE CARDS ***
Dealt to Alameda22 [6h Ah]
Mr. WolfDog: folds 
Mr. WolfDog leaves the table
Superloopin: folds 
bobdede666: folds 
Alameda22: folds 
Sick M: folds 
WhiteApe777: folds 
KAYDENCE08: folds 
chahbour: calls $0.15
rainbow_J: checks 
*** FLOP *** [9d Ac 5h]
chahbour: checks 
rainbow_J: bets $0.25
chahbour: folds 
Uncalled bet ($0.25) returned to rainbow_J
rainbow_J collected $0.50 from pot
rainbow_J: doesn't show hand 
babi3blu3 joins the table at seat #7 
*** SUMMARY ***
Total pot $0.50 | Rake $0 
Board [9d Ac 5h]
Seat 1: Alameda22 folded before Flop (didn't bet)
Seat 2: Sick M folded before Flop (didn't bet)
Seat 3: WhiteApe777 folded before Flop (didn't bet)
Seat 4: KAYDENCE08 (button) folded before Flop (didn't bet)
Seat 5: chahbour (small blind) folded on the Flop
Seat 6: rainbow_J (big blind) collected ($0.50)
Seat 7: Mr. WolfDog folded before Flop (didn't bet)
Seat 8: Superloopin folded before Flop (didn't bet)
Seat 9: bobdede666 folded before Flop (didn't bet)



PokerStars Game #19953120392:  Hold'em No Limit ($0.10/$0.25) - 2008/08/27 - 23:00:05 (ET)
Table 'Chlosinde III' 9-max Seat #5 is the button
Seat 1: Alameda22 ($24.20 in chips) 
Seat 2: Sick M ($32.45 in chips) 
Seat 3: WhiteApe777 ($28.40 in chips) 
Seat 4: KAYDENCE08 ($24.65 in chips) 
Seat 5: chahbour ($19.50 in chips) 
Seat 6: rainbow_J ($20.50 in chips) 
Seat 7: babi3blu3 ($10 in chips) 
Seat 8: Superloopin ($22.70 in chips) 
Seat 9: bobdede666 ($19.90 in chips) 
rainbow_J: posts small blind $0.10
babi3blu3: posts big blind $0.25
*** HOLE CARDS ***
Dealt to Alameda22 [Td Kd]
Superloopin: folds 
bobdede666: folds 
Alameda22: folds 
Sick M: folds 
WhiteApe777: calls $0.25
KAYDENCE08: raises $0.75 to $1
chahbour: folds 
rainbow_J: folds 
babi3blu3: folds 
WhiteApe777: calls $0.75
*** FLOP *** [Jd 7s 2d]
WhiteApe777: checks 
KAYDENCE08: bets $1.75
WhiteApe777: raises $2.25 to $4
KAYDENCE08: calls $2.25
*** TURN *** [Jd 7s 2d] [Qc]
WhiteApe777: bets $6.80
KAYDENCE08: calls $6.80
*** RIVER *** [Jd 7s 2d Qc] [7c]
WhiteApe777: bets $16.60 and is all-in
KAYDENCE08: calls $12.85 and is all-in
Uncalled bet ($3.75) returned to WhiteApe777
*** SHOW DOWN ***
WhiteApe777: shows [2s 2c] (a full house, Deuces full of Sevens)
KAYDENCE08: mucks hand 
WhiteApe777 collected $47.25 from pot
*** SUMMARY ***
Total pot $49.65 | Rake $2.40 
Board [Jd 7s 2d Qc 7c]
Seat 1: Alameda22 folded before Flop (didn't bet)
Seat 2: Sick M folded before Flop (didn't bet)
Seat 3: WhiteApe777 showed [2s 2c] and won ($47.25) with a full house, Deuces full of Sevens
Seat 4: KAYDENCE08 mucked [8h 8s]
Seat 5: chahbour (button) folded before Flop (didn't bet)
Seat 6: rainbow_J (small blind) folded before Flop
Seat 7: babi3blu3 (big blind) folded before Flop
Seat 8: Superloopin folded before Flop (didn't bet)
Seat 9: bobdede666 folded before Flop (didn't bet)



PokerStars Game #19953174012:  Hold'em No Limit ($0.10/$0.25) - 2008/08/27 - 23:02:19 (ET)
Table 'Chlosinde III' 9-max Seat #6 is the button
Seat 1: Alameda22 ($24.20 in chips) 
Seat 2: Sick M ($32.45 in chips) 
Seat 3: WhiteApe777 ($51 in chips) 
Seat 4: KAYDENCE08 ($25 in chips) 
Seat 5: chahbour ($19.50 in chips) 
Seat 6: rainbow_J ($20.40 in chips) 
Seat 7: babi3blu3 ($9.75 in chips) 
Seat 8: Superloopin ($22.70 in chips) 
Seat 9: bobdede666 ($19.90 in chips) 
babi3blu3: posts small blind $0.10
Superloopin: posts big blind $0.25
*** HOLE CARDS ***
Dealt to Alameda22 [Kh 2d]
bobdede666: calls $0.25
Alameda22: folds 
Sick M: folds 
WhiteApe777: raises $0.95 to $1.20
KAYDENCE08: folds 
chahbour: calls $1.20
rainbow_J: folds 
babi3blu3: folds 
Superloopin: folds 
bobdede666: calls $0.95
*** FLOP *** [3d 6d 5c]
bobdede666: checks 
WhiteApe777: bets $2.80
chahbour: calls $2.80
bobdede666: raises $15.90 to $18.70 and is all-in
WhiteApe777: folds 
chahbour: folds 
Uncalled bet ($15.90) returned to bobdede666
bobdede666 collected $11.75 from pot
bobdede666: shows [4s 2s] (a straight, Deuce to Six)
*** SUMMARY ***
Total pot $12.35 | Rake $0.60 
Board [3d 6d 5c]
Seat 1: Alameda22 folded before Flop (didn't bet)
Seat 2: Sick M folded before Flop (didn't bet)
Seat 3: WhiteApe777 folded on the Flop
Seat 4: KAYDENCE08 folded before Flop (didn't bet)
Seat 5: chahbour folded on the Flop
Seat 6: rainbow_J (button) folded before Flop (didn't bet)
Seat 7: babi3blu3 (small blind) folded before Flop
Seat 8: Superloopin (big blind) folded before Flop
Seat 9: bobdede666 collected ($11.75)



PokerStars Game #19953199201:  Hold'em No Limit ($0.10/$0.25) - 2008/08/27 - 23:03:23 (ET)
Table 'Chlosinde III' 9-max Seat #7 is the button
Seat 1: Alameda22 ($24.20 in chips) 
Seat 2: Sick M ($32.45 in chips) 
Seat 3: WhiteApe777 ($47 in chips) 
Seat 4: KAYDENCE08 ($25 in chips) 
Seat 5: chahbour ($15.50 in chips) 
Seat 6: rainbow_J ($20.40 in chips) 
Seat 7: babi3blu3 ($9.65 in chips) 
Seat 8: Superloopin ($22.45 in chips) 
Seat 9: bobdede666 ($27.65 in chips) 
Superloopin: posts small blind $0.10
bobdede666: posts big blind $0.25
*** HOLE CARDS ***
Dealt to Alameda22 [6d As]
Alameda22: folds 
Sick M: folds 
WhiteApe777: folds 
KAYDENCE08: raises $0.75 to $1
chahbour: folds 
rainbow_J: folds 
babi3blu3: folds 
Superloopin: folds 
bobdede666: folds 
Uncalled bet ($0.75) returned to KAYDENCE08
KAYDENCE08 collected $0.60 from pot
KAYDENCE08: doesn't show hand 
*** SUMMARY ***
Total pot $0.60 | Rake $0 
Seat 1: Alameda22 folded before Flop (didn't bet)
Seat 2: Sick M folded before Flop (didn't bet)
Seat 3: WhiteApe777 folded before Flop (didn't bet)
Seat 4: KAYDENCE08 collected ($0.60)
Seat 5: chahbour folded before Flop (didn't bet)
Seat 6: rainbow_J folded before Flop (didn't bet)
Seat 7: babi3blu3 (button) folded before Flop (didn't bet)
Seat 8: Superloopin (small blind) folded before Flop
Seat 9: bobdede666 (big blind) folded before Flop



PokerStars Game #19953213360:  Hold'em No Limit ($0.10/$0.25) - 2008/08/27 - 23:03:59 (ET)
Table 'Chlosinde III' 9-max Seat #8 is the button
Seat 1: Alameda22 ($24.20 in chips) 
Seat 2: Sick M ($32.45 in chips) 
Seat 3: WhiteApe777 ($47 in chips) 
Seat 4: KAYDENCE08 ($25.35 in chips) 
Seat 5: chahbour ($15.50 in chips) 
Seat 6: rainbow_J ($20.40 in chips) 
Seat 7: babi3blu3 ($9.65 in chips) 
Seat 8: Superloopin ($22.35 in chips) 
Seat 9: bobdede666 ($27.40 in chips) 
bobdede666: posts small blind $0.10
Alameda22: posts big blind $0.25
*** HOLE CARDS ***
Dealt to Alameda22 [Ah Ac]
Sick M: folds 
WhiteApe777: folds 
KAYDENCE08: calls $0.25
chahbour: calls $0.25
rainbow_J: folds 
babi3blu3: folds 
Superloopin: folds 
bobdede666: calls $0.15
Alameda22: raises $1 to $1.25
KAYDENCE08: calls $1
chahbour: calls $1
bobdede666: calls $1
*** FLOP *** [Tc As 9d]
bobdede666: checks 
Alameda22: bets $3
KAYDENCE08: calls $3
chahbour: raises $11.25 to $14.25 and is all-in
bobdede666: folds 
Alameda22: calls $11.25
KAYDENCE08: calls $11.25
*** TURN *** [Tc As 9d] [4h]
Alameda22: bets $8.70 and is all-in
KAYDENCE08: calls $8.70
*** RIVER *** [Tc As 9d 4h] [8h]
*** SHOW DOWN ***
Alameda22: shows [Ah Ac] (three of a kind, Aces)
KAYDENCE08: mucks hand 
Alameda22 collected $16.75 from side pot
chahbour: shows [Td 9h] (two pair, Tens and Nines)
Alameda22 collected $45.40 from main pot
*** SUMMARY ***
Total pot $65.15 Main pot $45.40. Side pot $16.75. | Rake $3 
Board [Tc As 9d 4h 8h]
Seat 1: Alameda22 (big blind) showed [Ah Ac] and won ($62.15) with three of a kind, Aces
Seat 2: Sick M folded before Flop (didn't bet)
Seat 3: WhiteApe777 folded before Flop (didn't bet)
Seat 4: KAYDENCE08 mucked [6c 8c]
Seat 5: chahbour showed [Td 9h] and lost with two pair, Tens and Nines
Seat 6: rainbow_J folded before Flop (didn't bet)
Seat 7: babi3blu3 folded before Flop (didn't bet)
Seat 8: Superloopin (button) folded before Flop (didn't bet)
Seat 9: bobdede666 (small blind) folded on the Flop



PokerStars Game #19953259113:  Hold'em No Limit ($0.10/$0.25) - 2008/08/27 - 23:05:54 (ET)
Table 'Chlosinde III' 9-max Seat #9 is the button
Seat 1: Alameda22 ($62.15 in chips) 
Seat 2: Sick M ($32.45 in chips) 
Seat 3: WhiteApe777 ($47 in chips) 
Seat 4: KAYDENCE08 ($1.15 in chips) 
Seat 6: rainbow_J ($20.40 in chips) 
Seat 7: babi3blu3 ($9.65 in chips) 
Seat 8: Superloopin ($22.35 in chips) 
Seat 9: bobdede666 ($26.15 in chips) 
Alameda22: posts small blind $0.10
Sick M: posts big blind $0.25
*** HOLE CARDS ***
Dealt to Alameda22 [7s Jc]
chahbour leaves the table
WhiteApe777: folds 
KAYDENCE08: folds 
KAYDENCE08 leaves the table
rainbow_J: raises $0.50 to $0.75
babi3blu3: folds 
Superloopin: folds 
bobdede666: calls $0.75
babi3blu3 leaves the table
Alameda22: folds 
Sick M: folds 
*** FLOP *** [5h Th 7h]
rainbow_J: bets $1.75
bobdede666: calls $1.75
*** TURN *** [5h Th 7h] [8s]
rainbow_J: bets $5
bobdede666: calls $5
*** RIVER *** [5h Th 7h 8s] [9h]
rainbow_J: checks 
bobdede666: bets $7.25
steeler56 joins the table at seat #5 
rainbow_J: folds 
Uncalled bet ($7.25) returned to bobdede666
bobdede666 collected $14.60 from pot
bobdede666: doesn't show hand 
juca prieto joins the table at seat #4 
*** SUMMARY ***
Total pot $15.35 | Rake $0.75 
Board [5h Th 7h 8s 9h]
Seat 1: Alameda22 (small blind) folded before Flop
Seat 2: Sick M (big blind) folded before Flop
Seat 3: WhiteApe777 folded before Flop (didn't bet)
Seat 4: KAYDENCE08 folded before Flop (didn't bet)
Seat 6: rainbow_J folded on the River
Seat 7: babi3blu3 folded before Flop (didn't bet)
Seat 8: Superloopin folded before Flop (didn't bet)
Seat 9: bobdede666 (button) collected ($14.60)



PokerStars Game #19953289711:  Hold'em No Limit ($0.10/$0.25) - 2008/08/27 - 23:07:12 (ET)
Table 'Chlosinde III' 9-max Seat #1 is the button
Seat 1: Alameda22 ($62.05 in chips) 
Seat 2: Sick M ($32.20 in chips) 
Seat 3: WhiteApe777 ($47 in chips) 
Seat 6: rainbow_J ($12.90 in chips) 
Seat 8: Superloopin ($22.35 in chips) 
Seat 9: bobdede666 ($33.25 in chips) 
Sick M: posts small blind $0.10
WhiteApe777: posts big blind $0.25
juca prieto: sits out 
LashMilliken joins the table at seat #7 
steeler56: sits out 
*** HOLE CARDS ***
Dealt to Alameda22 [8c Jc]
rainbow_J: folds 
Superloopin: folds 
bobdede666: folds 
Alameda22: raises $0.50 to $0.75
Sick M: folds 
WhiteApe777: folds 
Uncalled bet ($0.50) returned to Alameda22
Alameda22 collected $0.60 from pot
Alameda22: doesn't show hand 
*** SUMMARY ***
Total pot $0.60 | Rake $0 
Seat 1: Alameda22 (button) collected ($0.60)
Seat 2: Sick M (small blind) folded before Flop
Seat 3: WhiteApe777 (big blind) folded before Flop
Seat 6: rainbow_J folded before Flop (didn't bet)
Seat 8: Superloopin folded before Flop (didn't bet)
Seat 9: bobdede666 folded before Flop (didn't bet)



PokerStars Game #19953308374:  Hold'em No Limit ($0.10/$0.25) - 2008/08/27 - 23:07:59 (ET)
Table 'Chlosinde III' 9-max Seat #2 is the button
Seat 1: Alameda22 ($62.40 in chips) 
Seat 2: Sick M ($32.10 in chips) 
Seat 3: WhiteApe777 ($46.75 in chips) 
Seat 4: juca prieto ($18.85 in chips) 
Seat 6: rainbow_J ($12.90 in chips) 
Seat 7: LashMilliken ($15 in chips) 
Seat 8: Superloopin ($22.35 in chips) 
Seat 9: bobdede666 ($33.25 in chips) 
WhiteApe777: posts small blind $0.10
juca prieto: posts big blind $0.25
steeler56: sits out 
LashMilliken: posts big blind $0.25
*** HOLE CARDS ***
Dealt to Alameda22 [8h 6s]
rainbow_J: folds 
LashMilliken: checks 
Superloopin: folds 
bobdede666: calls $0.25
Alameda22: folds 
Sick M: calls $0.25
WhiteApe777: folds 
juca prieto: checks 
*** FLOP *** [Ah Kc 6c]
juca prieto: checks 
LashMilliken: checks 
bobdede666: checks 
Sick M: checks 
*** TURN *** [Ah Kc 6c] [7s]
juca prieto: checks 
LashMilliken: checks 
bobdede666: bets $1
Sick M: folds 
juca prieto: folds 
LashMilliken: folds 
Uncalled bet ($1) returned to bobdede666
bobdede666 collected $1.05 from pot
*** SUMMARY ***
Total pot $1.10 | Rake $0.05 
Board [Ah Kc 6c 7s]
Seat 1: Alameda22 folded before Flop (didn't bet)
Seat 2: Sick M (button) folded on the Turn
Seat 3: WhiteApe777 (small blind) folded before Flop
Seat 4: juca prieto (big blind) folded on the Turn
Seat 6: rainbow_J folded before Flop (didn't bet)
Seat 7: LashMilliken folded on the Turn
Seat 8: Superloopin folded before Flop (didn't bet)
Seat 9: bobdede666 collected ($1.05)



PokerStars Game #19953334456:  Hold'em No Limit ($0.10/$0.25) - 2008/08/27 - 23:09:06 (ET)
Table 'Chlosinde III' 9-max Seat #3 is the button
Seat 1: Alameda22 ($62.40 in chips) 
Seat 2: Sick M ($31.85 in chips) 
Seat 3: WhiteApe777 ($46.65 in chips) 
Seat 4: juca prieto ($18.60 in chips) 
Seat 5: steeler56 ($5 in chips) 
Seat 6: rainbow_J ($12.90 in chips) 
Seat 7: LashMilliken ($14.75 in chips) 
Seat 8: Superloopin ($22.35 in chips) 
Seat 9: bobdede666 ($34.05 in chips) 
juca prieto: posts small blind $0.10
steeler56: posts big blind $0.25
*** HOLE CARDS ***
Dealt to Alameda22 [Td 6s]
rainbow_J: folds 
LashMilliken: calls $0.25
Superloopin: folds 
bobdede666: folds 
Alameda22: folds 
Sick M: folds 
WhiteApe777: raises $0.95 to $1.20
juca prieto: folds 
steeler56: folds 
LashMilliken: calls $0.95
*** FLOP *** [4c 2d 9s]
LashMilliken: checks 
WhiteApe777: checks 
*** TURN *** [4c 2d 9s] [6c]
LashMilliken: checks 
WhiteApe777: checks 
*** RIVER *** [4c 2d 9s 6c] [9h]
LashMilliken: checks 
WhiteApe777: checks 
*** SHOW DOWN ***
LashMilliken: shows [Kh 3h] (a pair of Nines)
WhiteApe777: shows [Kd Ad] (a pair of Nines - Ace kicker)
WhiteApe777 collected $2.65 from pot
*** SUMMARY ***
Total pot $2.75 | Rake $0.10 
Board [4c 2d 9s 6c 9h]
Seat 1: Alameda22 folded before Flop (didn't bet)
Seat 2: Sick M folded before Flop (didn't bet)
Seat 3: WhiteApe777 (button) showed [Kd Ad] and won ($2.65) with a pair of Nines
Seat 4: juca prieto (small blind) folded before Flop
Seat 5: steeler56 (big blind) folded before Flop
Seat 6: rainbow_J folded before Flop (didn't bet)
Seat 7: LashMilliken showed [Kh 3h] and lost with a pair of Nines
Seat 8: Superloopin folded before Flop (didn't bet)
Seat 9: bobdede666 folded before Flop (didn't bet)



PokerStars Game #19953370449:  Hold'em No Limit ($0.10/$0.25) - 2008/08/27 - 23:10:40 (ET)
Table 'Chlosinde III' 9-max Seat #4 is the button
Seat 1: Alameda22 ($62.40 in chips) 
Seat 2: Sick M ($31.85 in chips) 
Seat 3: WhiteApe777 ($48.10 in chips) 
Seat 4: juca prieto ($18.50 in chips) 
Seat 5: steeler56 ($4.75 in chips) 
Seat 6: rainbow_J ($12.90 in chips) 
Seat 7: LashMilliken ($13.55 in chips) 
Seat 8: Superloopin ($22.35 in chips) 
Seat 9: bobdede666 ($34.05 in chips) 
steeler56: posts small blind $0.10
rainbow_J: posts big blind $0.25
*** HOLE CARDS ***
Dealt to Alameda22 [Ts 7c]
LashMilliken: folds 
Superloopin: folds 
bobdede666: calls $0.25
Alameda22: folds 
Sick M: folds 
WhiteApe777: raises $0.95 to $1.20
juca prieto: folds 
steeler56: folds 
rainbow_J: folds 
bobdede666: calls $0.95
*** FLOP *** [Kc 5h Ac]
bobdede666: checks 
WhiteApe777: bets $2.60
bobdede666: folds 
Uncalled bet ($2.60) returned to WhiteApe777
WhiteApe777 collected $2.65 from pot
WhiteApe777: doesn't show hand 
*** SUMMARY ***
Total pot $2.75 | Rake $0.10 
Board [Kc 5h Ac]
Seat 1: Alameda22 folded before Flop (didn't bet)
Seat 2: Sick M folded before Flop (didn't bet)
Seat 3: WhiteApe777 collected ($2.65)
Seat 4: juca prieto (button) folded before Flop (didn't bet)
Seat 5: steeler56 (small blind) folded before Flop
Seat 6: rainbow_J (big blind) folded before Flop
Seat 7: LashMilliken folded before Flop (didn't bet)
Seat 8: Superloopin folded before Flop (didn't bet)
Seat 9: bobdede666 folded on the Flop



PokerStars Game #19953390842:  Hold'em No Limit ($0.10/$0.25) - 2008/08/27 - 23:11:33 (ET)
Table 'Chlosinde III' 9-max Seat #5 is the button
Seat 1: Alameda22 ($62.40 in chips) 
Seat 2: Sick M ($31.85 in chips) 
Seat 3: WhiteApe777 ($49.55 in chips) 
Seat 4: juca prieto ($18.50 in chips) 
Seat 5: steeler56 ($4.65 in chips) 
Seat 6: rainbow_J ($12.65 in chips) 
Seat 7: LashMilliken ($13.55 in chips) 
Seat 8: Superloopin ($22.35 in chips) 
Seat 9: bobdede666 ($32.85 in chips) 
rainbow_J: posts small blind $0.10
LashMilliken: posts big blind $0.25
*** HOLE CARDS ***
Dealt to Alameda22 [2d 6s]
Superloopin: folds 
bobdede666: folds 
Alameda22: folds 
Sick M: folds 
WhiteApe777: folds 
juca prieto: folds 
steeler56: folds 
rainbow_J: folds 
Uncalled bet ($0.15) returned to LashMilliken
LashMilliken collected $0.20 from pot
LashMilliken: doesn't show hand 
*** SUMMARY ***
Total pot $0.20 | Rake $0 
Seat 1: Alameda22 folded before Flop (didn't bet)
Seat 2: Sick M folded before Flop (didn't bet)
Seat 3: WhiteApe777 folded before Flop (didn't bet)
Seat 4: juca prieto folded before Flop (didn't bet)
Seat 5: steeler56 (button) folded before Flop (didn't bet)
Seat 6: rainbow_J (small blind) folded before Flop
Seat 7: LashMilliken (big blind) collected ($0.20)
Seat 8: Superloopin folded before Flop (didn't bet)
Seat 9: bobdede666 folded before Flop (didn't bet)



PokerStars Game #19953403842:  Hold'em No Limit ($0.10/$0.25) - 2008/08/27 - 23:12:07 (ET)
Table 'Chlosinde III' 9-max Seat #6 is the button
Seat 1: Alameda22 ($62.40 in chips) 
Seat 2: Sick M ($31.85 in chips) 
Seat 3: WhiteApe777 ($49.55 in chips) 
Seat 4: juca prieto ($18.50 in chips) 
Seat 5: steeler56 ($4.65 in chips) 
Seat 6: rainbow_J ($12.55 in chips) 
Seat 7: LashMilliken ($13.65 in chips) 
Seat 8: Superloopin ($22.35 in chips) 
Seat 9: bobdede666 ($32.85 in chips) 
LashMilliken: posts small blind $0.10
Superloopin: posts big blind $0.25
*** HOLE CARDS ***
Dealt to Alameda22 [4c 3h]
bobdede666: raises $0.50 to $0.75
Alameda22: folds 
Sick M: folds 
WhiteApe777: folds 
juca prieto: folds 
steeler56: calls $0.75
rainbow_J: folds 
LashMilliken: calls $0.65
Superloopin: folds 
*** FLOP *** [Jd 2d 9c]
LashMilliken: checks 
bobdede666: bets $0.75
steeler56: calls $0.75
LashMilliken: folds 
*** TURN *** [Jd 2d 9c] [2c]
bobdede666: bets $1
steeler56: folds 
Uncalled bet ($1) returned to bobdede666
bobdede666 collected $3.85 from pot
bobdede666: doesn't show hand 
*** SUMMARY ***
Total pot $4 | Rake $0.15 
Board [Jd 2d 9c 2c]
Seat 1: Alameda22 folded before Flop (didn't bet)
Seat 2: Sick M folded before Flop (didn't bet)
Seat 3: WhiteApe777 folded before Flop (didn't bet)
Seat 4: juca prieto folded before Flop (didn't bet)
Seat 5: steeler56 folded on the Turn
Seat 6: rainbow_J (button) folded before Flop (didn't bet)
Seat 7: LashMilliken (small blind) folded on the Flop
Seat 8: Superloopin (big blind) folded before Flop
Seat 9: bobdede666 collected ($3.85)



PokerStars Game #19953430737:  Hold'em No Limit ($0.10/$0.25) - 2008/08/27 - 23:13:18 (ET)
Table 'Chlosinde III' 9-max Seat #7 is the button
Seat 1: Alameda22 ($62.40 in chips) 
Seat 2: Sick M ($31.85 in chips) 
Seat 3: WhiteApe777 ($49.55 in chips) 
Seat 4: juca prieto ($18.50 in chips) 
Seat 5: steeler56 ($3.15 in chips) 
Seat 6: rainbow_J ($12.55 in chips) 
Seat 7: LashMilliken ($12.90 in chips) 
Seat 8: Superloopin ($22.10 in chips) 
Seat 9: bobdede666 ($35.20 in chips) 
Superloopin: posts small blind $0.10
bobdede666: posts big blind $0.25
*** HOLE CARDS ***
Dealt to Alameda22 [9s 6h]
Alameda22: folds 
Sick M: folds 
WhiteApe777: folds 
juca prieto: folds 
steeler56: folds 
steeler56 is sitting out
rainbow_J: folds 
LashMilliken: calls $0.25
Superloopin: folds 
bobdede666: checks 
*** FLOP *** [Ad Th Ks]
bobdede666: checks 
steeler56 has returned
LashMilliken: bets $0.50
bobdede666: calls $0.50
*** TURN *** [Ad Th Ks] [8c]
bobdede666: checks 
LashMilliken: bets $0.75
bobdede666: folds 
Uncalled bet ($0.75) returned to LashMilliken
LashMilliken collected $1.55 from pot
LashMilliken: doesn't show hand 
*** SUMMARY ***
Total pot $1.60 | Rake $0.05 
Board [Ad Th Ks 8c]
Seat 1: Alameda22 folded before Flop (didn't bet)
Seat 2: Sick M folded before Flop (didn't bet)
Seat 3: WhiteApe777 folded before Flop (didn't bet)
Seat 4: juca prieto folded before Flop (didn't bet)
Seat 5: steeler56 folded before Flop (didn't bet)
Seat 6: rainbow_J folded before Flop (didn't bet)
Seat 7: LashMilliken (button) collected ($1.55)
Seat 8: Superloopin (small blind) folded before Flop
Seat 9: bobdede666 (big blind) folded on the Turn



PokerStars Game #19953452944:  Hold'em No Limit ($0.10/$0.25) - 2008/08/27 - 23:14:14 (ET)
Table 'Chlosinde III' 9-max Seat #8 is the button
Seat 1: Alameda22 ($62.40 in chips) 
Seat 2: Sick M ($31.85 in chips) 
Seat 3: WhiteApe777 ($49.55 in chips) 
Seat 4: juca prieto ($18.50 in chips) 
Seat 5: steeler56 ($3.15 in chips) 
Seat 6: rainbow_J ($12.55 in chips) 
Seat 7: LashMilliken ($13.70 in chips) 
Seat 8: Superloopin ($22 in chips) 
Seat 9: bobdede666 ($34.45 in chips) 
bobdede666: posts small blind $0.10
Alameda22: posts big blind $0.25
*** HOLE CARDS ***
Dealt to Alameda22 [9h Kd]
Sick M: folds 
WhiteApe777: folds 
juca prieto: calls $0.25
steeler56: folds 
rainbow_J: folds 
LashMilliken: calls $0.25
Superloopin: folds 
bobdede666: calls $0.15
Alameda22: checks 
*** FLOP *** [Qs 8c 6d]
bobdede666: checks 
Alameda22: checks 
juca prieto: checks 
LashMilliken: checks 
*** TURN *** [Qs 8c 6d] [7c]
bobdede666: bets $0.50
Alameda22: folds 
juca prieto: folds 
LashMilliken: raises $0.50 to $1
bobdede666: calls $0.50
*** RIVER *** [Qs 8c 6d 7c] [5c]
bobdede666: bets $2.50
LashMilliken: folds 
Uncalled bet ($2.50) returned to bobdede666
bobdede666 collected $2.90 from pot
bobdede666: shows [4h Td] (a straight, Four to Eight)
*** SUMMARY ***
Total pot $3 | Rake $0.10 
Board [Qs 8c 6d 7c 5c]
Seat 1: Alameda22 (big blind) folded on the Turn
Seat 2: Sick M folded before Flop (didn't bet)
Seat 3: WhiteApe777 folded before Flop (didn't bet)
Seat 4: juca prieto folded on the Turn
Seat 5: steeler56 folded before Flop (didn't bet)
Seat 6: rainbow_J folded before Flop (didn't bet)
Seat 7: LashMilliken folded on the River
Seat 8: Superloopin (button) folded before Flop (didn't bet)
Seat 9: bobdede666 (small blind) collected ($2.90)



PokerStars Game #19953504560:  Hold'em No Limit ($0.10/$0.25) - 2008/08/27 - 23:16:16 (ET)
Table 'Chlosinde III' 9-max Seat #9 is the button
Seat 1: Alameda22 ($62.15 in chips) 
Seat 2: Sick M ($31.85 in chips) 
Seat 3: WhiteApe777 ($49.55 in chips) 
Seat 4: juca prieto ($18.25 in chips) 
Seat 5: steeler56 ($3.15 in chips) 
Seat 6: rainbow_J ($12.55 in chips) 
Seat 7: LashMilliken ($12.45 in chips) 
Seat 8: Superloopin ($22 in chips) 
Seat 9: bobdede666 ($36.10 in chips) 
Alameda22: posts small blind $0.10
Sick M: posts big blind $0.25
*** HOLE CARDS ***
Dealt to Alameda22 [Ks Kd]
WhiteApe777: folds 
juca prieto: calls $0.25
steeler56: raises $0.25 to $0.50
rainbow_J: folds 
LashMilliken: folds 
Superloopin: folds 
bobdede666: folds 
Alameda22: raises $1.25 to $1.75
Sick M: folds 
juca prieto: folds 
steeler56: raises $1.40 to $3.15 and is all-in
Alameda22: calls $1.40
*** FLOP *** [9c 7d 3c]
*** TURN *** [9c 7d 3c] [Ts]
*** RIVER *** [9c 7d 3c Ts] [8h]
*** SHOW DOWN ***
Alameda22: shows [Ks Kd] (a pair of Kings)
steeler56: mucks hand 
Alameda22 collected $6.50 from pot
*** SUMMARY ***
Total pot $6.80 | Rake $0.30 
Board [9c 7d 3c Ts 8h]
Seat 1: Alameda22 (small blind) showed [Ks Kd] and won ($6.50) with a pair of Kings
Seat 2: Sick M (big blind) folded before Flop
Seat 3: WhiteApe777 folded before Flop (didn't bet)
Seat 4: juca prieto folded before Flop
Seat 5: steeler56 mucked [Kh Ad]
Seat 6: rainbow_J folded before Flop (didn't bet)
Seat 7: LashMilliken folded before Flop (didn't bet)
Seat 8: Superloopin folded before Flop (didn't bet)
Seat 9: bobdede666 (button) folded before Flop (didn't bet)



PokerStars Game #19953537953:  Hold'em No Limit ($0.10/$0.25) - 2008/08/27 - 23:17:34 (ET)
Table 'Chlosinde III' 9-max Seat #1 is the button
Seat 1: Alameda22 ($65.50 in chips) 
Seat 2: Sick M ($31.60 in chips) 
Seat 3: WhiteApe777 ($49.55 in chips) 
Seat 4: juca prieto ($18 in chips) 
Seat 6: rainbow_J ($12.55 in chips) 
Seat 7: LashMilliken ($12.45 in chips) 
Seat 8: Superloopin ($22 in chips) 
Seat 9: bobdede666 ($36.10 in chips) 
Sick M: posts small blind $0.10
WhiteApe777: posts big blind $0.25
*** HOLE CARDS ***
Dealt to Alameda22 [9s Qc]
steeler56 leaves the table
juca prieto: calls $0.25
rainbow_J: calls $0.25
LashMilliken: calls $0.25
Superloopin: folds 
DrFaustus30 joins the table at seat #5 
bobdede666: calls $0.25
Alameda22: folds 
Sick M has timed out
Sick M: folds 
Sick M is sitting out
WhiteApe777: checks 
*** FLOP *** [9c 3s Js]
WhiteApe777: checks 
juca prieto: checks 
rainbow_J: checks 
LashMilliken: bets $0.75
bobdede666: folds 
WhiteApe777: folds 
juca prieto: calls $0.75
rainbow_J: folds 
*** TURN *** [9c 3s Js] [2c]
juca prieto: checks 
LashMilliken: bets $1
juca prieto: raises $2.50 to $3.50
LashMilliken: calls $2.50
*** RIVER *** [9c 3s Js 2c] [5h]
juca prieto: checks 
WhiteApe777 is disconnected 
LashMilliken: bets $1
WhiteApe777 is connected 
juca prieto: folds 
Uncalled bet ($1) returned to LashMilliken
LashMilliken collected $9.40 from pot
LashMilliken: doesn't show hand 
*** SUMMARY ***
Total pot $9.85 | Rake $0.45 
Board [9c 3s Js 2c 5h]
Seat 1: Alameda22 (button) folded before Flop (didn't bet)
Seat 2: Sick M (small blind) folded before Flop
Seat 3: WhiteApe777 (big blind) folded on the Flop
Seat 4: juca prieto folded on the River
Seat 6: rainbow_J folded on the Flop
Seat 7: LashMilliken collected ($9.40)
Seat 8: Superloopin folded before Flop (didn't bet)
Seat 9: bobdede666 folded on the Flop



PokerStars Game #19953605565:  Hold'em No Limit ($0.10/$0.25) - 2008/08/27 - 23:20:16 (ET)
Table 'Chlosinde III' 9-max Seat #3 is the button
Seat 1: Alameda22 ($65.50 in chips) 
Seat 3: WhiteApe777 ($49.30 in chips) 
Seat 4: juca prieto ($13.50 in chips) 
Seat 5: DrFaustus30 ($5 in chips) 
Seat 6: rainbow_J ($12.30 in chips) 
Seat 7: LashMilliken ($17.35 in chips) 
Seat 8: Superloopin ($22 in chips) 
Seat 9: bobdede666 ($35.85 in chips) 
juca prieto: posts small blind $0.10
DrFaustus30: posts big blind $0.25
*** HOLE CARDS ***
Dealt to Alameda22 [Qs 7c]
rainbow_J: folds 
LashMilliken: raises $1.25 to $1.50
Superloopin: folds 
bobdede666: calls $1.50
Alameda22: folds 
WhiteApe777: folds 
juca prieto: folds 
DrFaustus30: folds 
*** FLOP *** [Ac 7h 2d]
LashMilliken: bets $2
bobdede666: folds 
Uncalled bet ($2) returned to LashMilliken
LashMilliken collected $3.20 from pot
LashMilliken: doesn't show hand 
*** SUMMARY ***
Total pot $3.35 | Rake $0.15 
Board [Ac 7h 2d]
Seat 1: Alameda22 folded before Flop (didn't bet)
Seat 3: WhiteApe777 (button) folded before Flop (didn't bet)
Seat 4: juca prieto (small blind) folded before Flop
Seat 5: DrFaustus30 (big blind) folded before Flop
Seat 6: rainbow_J folded before Flop (didn't bet)
Seat 7: LashMilliken collected ($3.20)
Seat 8: Superloopin folded before Flop (didn't bet)
Seat 9: bobdede666 folded on the Flop



PokerStars Game #19953639944:  Hold'em No Limit ($0.10/$0.25) - 2008/08/27 - 23:21:39 (ET)
Table 'Chlosinde III' 9-max Seat #4 is the button
Seat 1: Alameda22 ($65.50 in chips) 
Seat 3: WhiteApe777 ($49.30 in chips) 
Seat 4: juca prieto ($13.40 in chips) 
Seat 5: DrFaustus30 ($4.75 in chips) 
Seat 6: rainbow_J ($12.30 in chips) 
Seat 7: LashMilliken ($19.05 in chips) 
Seat 8: Superloopin ($22 in chips) 
Seat 9: bobdede666 ($34.35 in chips) 
DrFaustus30: posts small blind $0.10
rainbow_J: posts big blind $0.25
*** HOLE CARDS ***
Dealt to Alameda22 [Th Ts]
LashMilliken: calls $0.25
Superloopin: raises $0.50 to $0.75
bobdede666: folds 
Alameda22: folds 
WhiteApe777: folds 
juca prieto: folds 
DrFaustus30: calls $0.65
rainbow_J: folds 
LashMilliken: calls $0.50
*** FLOP *** [7d 3c 5h]
DrFaustus30: bets $0.75
LashMilliken: folds 
Superloopin: calls $0.75
*** TURN *** [7d 3c 5h] [6h]
DrFaustus30: bets $1
Superloopin: calls $1
*** RIVER *** [7d 3c 5h 6h] [4c]
DrFaustus30: bets $2.25 and is all-in
Superloopin: calls $2.25
*** SHOW DOWN ***
DrFaustus30: shows [Qc As] (a straight, Three to Seven)
Superloopin: shows [6c 6d] (a straight, Three to Seven)
DrFaustus30 collected $5 from pot
Superloopin collected $5 from pot
*** SUMMARY ***
Total pot $10.50 | Rake $0.50 
Board [7d 3c 5h 6h 4c]
Seat 1: Alameda22 folded before Flop (didn't bet)
Seat 3: WhiteApe777 folded before Flop (didn't bet)
Seat 4: juca prieto (button) folded before Flop (didn't bet)
Seat 5: DrFaustus30 (small blind) showed [Qc As] and won ($5) with a straight, Three to Seven
Seat 6: rainbow_J (big blind) folded before Flop
Seat 7: LashMilliken folded on the Flop
Seat 8: Superloopin showed [6c 6d] and won ($5) with a straight, Three to Seven
Seat 9: bobdede666 folded before Flop (didn't bet)



PokerStars Game #19953676398:  Hold'em No Limit ($0.10/$0.25) - 2008/08/27 - 23:23:08 (ET)
Table 'Chlosinde III' 9-max Seat #5 is the button
Seat 1: Alameda22 ($65.50 in chips) 
Seat 3: WhiteApe777 ($49.30 in chips) 
Seat 4: juca prieto ($13.40 in chips) 
Seat 5: DrFaustus30 ($5 in chips) 
Seat 6: rainbow_J ($12.05 in chips) 
Seat 7: LashMilliken ($18.30 in chips) 
Seat 8: Superloopin ($22.25 in chips) 
Seat 9: bobdede666 ($34.35 in chips) 
rainbow_J: posts small blind $0.10
LashMilliken: posts big blind $0.25
*** HOLE CARDS ***
Dealt to Alameda22 [As 6c]
Superloopin said, "wow you suck.. and are fkng lucky"
Superloopin: folds 
bobdede666: calls $0.25
Alameda22: folds 
WhiteApe777: raises $1.20 to $1.45
juca prieto: folds 
DrFaustus30: folds 
rainbow_J: folds 
LashMilliken: folds 
bobdede666: calls $1.20
*** FLOP *** [Kh Kc 7h]
DrFaustus30 said, "lol"
bobdede666: bets $1.25
WhiteApe777: calls $1.25
*** TURN *** [Kh Kc 7h] [2h]
bobdede666: bets $4.25
WhiteApe777: calls $4.25
*** RIVER *** [Kh Kc 7h 2h] [Jd]
bobdede666: bets $2.50
WhiteApe777: calls $2.50
*** SHOW DOWN ***
bobdede666: shows [Td Js] (two pair, Kings and Jacks)
WhiteApe777: shows [Ah Ac] (two pair, Aces and Kings)
WhiteApe777 collected $18.35 from pot
*** SUMMARY ***
Total pot $19.25 | Rake $0.90 
Board [Kh Kc 7h 2h Jd]
Seat 1: Alameda22 folded before Flop (didn't bet)
Seat 3: WhiteApe777 showed [Ah Ac] and won ($18.35) with two pair, Aces and Kings
Seat 4: juca prieto folded before Flop (didn't bet)
Seat 5: DrFaustus30 (button) folded before Flop (didn't bet)
Seat 6: rainbow_J (small blind) folded before Flop
Seat 7: LashMilliken (big blind) folded before Flop
Seat 8: Superloopin folded before Flop (didn't bet)
Seat 9: bobdede666 showed [Td Js] and lost with two pair, Kings and Jacks



PokerStars Game #19953707426:  Hold'em No Limit ($0.10/$0.25) - 2008/08/27 - 23:24:25 (ET)
Table 'Chlosinde III' 9-max Seat #6 is the button
Seat 1: Alameda22 ($65.50 in chips) 
Seat 3: WhiteApe777 ($58.20 in chips) 
Seat 4: juca prieto ($13.40 in chips) 
Seat 5: DrFaustus30 ($5 in chips) 
Seat 6: rainbow_J ($11.95 in chips) 
Seat 7: LashMilliken ($18.05 in chips) 
Seat 8: Superloopin ($22.25 in chips) 
Seat 9: bobdede666 ($24.90 in chips) 
LashMilliken: posts small blind $0.10
Superloopin: posts big blind $0.25
*** HOLE CARDS ***
Dealt to Alameda22 [Qs As]
bobdede666: calls $0.25
Alameda22: raises $0.75 to $1
WhiteApe777: folds 
juca prieto: calls $1
DrFaustus30: folds 
rainbow_J: folds 
LashMilliken: folds 
Superloopin: folds 
bobdede666: calls $0.75
*** FLOP *** [7d 2c 3c]
bobdede666: bets $2.50
Alameda22: folds 
juca prieto: calls $2.50
*** TURN *** [7d 2c 3c] [5d]
bobdede666: bets $10
juca prieto: calls $9.90 and is all-in
Uncalled bet ($0.10) returned to bobdede666
*** RIVER *** [7d 2c 3c 5d] [Ad]
*** SHOW DOWN ***
bobdede666: shows [7s 8c] (a pair of Sevens)
juca prieto: shows [9c 9h] (a pair of Nines)
juca prieto collected $26.80 from pot
*** SUMMARY ***
Total pot $28.15 | Rake $1.35 
Board [7d 2c 3c 5d Ad]
Seat 1: Alameda22 folded on the Flop
Seat 3: WhiteApe777 folded before Flop (didn't bet)
Seat 4: juca prieto showed [9c 9h] and won ($26.80) with a pair of Nines
Seat 5: DrFaustus30 folded before Flop (didn't bet)
Seat 6: rainbow_J (button) folded before Flop (didn't bet)
Seat 7: LashMilliken (small blind) folded before Flop
Seat 8: Superloopin (big blind) folded before Flop
Seat 9: bobdede666 showed [7s 8c] and lost with a pair of Sevens



PokerStars Game #19953739405:  Hold'em No Limit ($0.10/$0.25) - 2008/08/27 - 23:25:45 (ET)
Table 'Chlosinde III' 9-max Seat #7 is the button
Seat 1: Alameda22 ($64.50 in chips) 
Seat 3: WhiteApe777 ($58.20 in chips) 
Seat 4: juca prieto ($26.80 in chips) 
Seat 5: DrFaustus30 ($5 in chips) 
Seat 6: rainbow_J ($11.95 in chips) 
Seat 7: LashMilliken ($17.95 in chips) 
Seat 8: Superloopin ($22 in chips) 
Seat 9: bobdede666 ($11.50 in chips) 
Superloopin: posts small blind $0.10
bobdede666: posts big blind $0.25
*** HOLE CARDS ***
Dealt to Alameda22 [3c Jd]
Alameda22: folds 
WhiteApe777: folds 
juca prieto: calls $0.25
DrFaustus30: folds 
rainbow_J: folds 
LashMilliken: raises $0.75 to $1
Superloopin: folds 
bobdede666: folds 
juca prieto: calls $0.75
*** FLOP *** [4s Ts 8c]
bobdede666 leaves the table
juca prieto: checks 
LashMilliken: bets $1
juca prieto: calls $1
*** TURN *** [4s Ts 8c] [3h]
juca prieto: checks 
LashMilliken: checks 
*** RIVER *** [4s Ts 8c 3h] [8d]
tcarr89 joins the table at seat #9 
tcarr89 is sitting out
juca prieto: bets $1
LashMilliken: folds 
Uncalled bet ($1) returned to juca prieto
juca prieto collected $4.15 from pot
juca prieto: doesn't show hand 
*** SUMMARY ***
Total pot $4.35 | Rake $0.20 
Board [4s Ts 8c 3h 8d]
Seat 1: Alameda22 folded before Flop (didn't bet)
Seat 3: WhiteApe777 folded before Flop (didn't bet)
Seat 4: juca prieto collected ($4.15)
Seat 5: DrFaustus30 folded before Flop (didn't bet)
Seat 6: rainbow_J folded before Flop (didn't bet)
Seat 7: LashMilliken (button) folded on the River
Seat 8: Superloopin (small blind) folded before Flop
Seat 9: bobdede666 (big blind) folded before Flop



PokerStars Game #19953781408:  Hold'em No Limit ($0.10/$0.25) - 2008/08/27 - 23:27:31 (ET)
Table 'Chlosinde III' 9-max Seat #8 is the button
Seat 1: Alameda22 ($64.50 in chips) 
Seat 3: WhiteApe777 ($58.20 in chips) 
Seat 4: juca prieto ($28.95 in chips) 
Seat 5: DrFaustus30 ($5 in chips) 
Seat 6: rainbow_J ($11.95 in chips) 
Seat 7: LashMilliken ($15.95 in chips) 
Seat 8: Superloopin ($21.90 in chips) 
Alameda22: posts small blind $0.10
WhiteApe777: posts big blind $0.25
*** HOLE CARDS ***
Dealt to Alameda22 [Td Qc]
juca prieto: folds 
DrFaustus30: calls $0.25
rainbow_J: folds 
LashMilliken: calls $0.25
Superloopin: folds 
Alameda22: folds 
WhiteApe777: checks 
*** FLOP *** [Jh 8c Ad]
WhiteApe777: checks 
DrFaustus30: checks 
LashMilliken: bets $1.25
WhiteApe777: folds 
DrFaustus30: folds 
Uncalled bet ($1.25) returned to LashMilliken
LashMilliken collected $0.85 from pot
LashMilliken: doesn't show hand 
*** SUMMARY ***
Total pot $0.85 | Rake $0 
Board [Jh 8c Ad]
Seat 1: Alameda22 (small blind) folded before Flop
Seat 3: WhiteApe777 (big blind) folded on the Flop
Seat 4: juca prieto folded before Flop (didn't bet)
Seat 5: DrFaustus30 folded on the Flop
Seat 6: rainbow_J folded before Flop (didn't bet)
Seat 7: LashMilliken collected ($0.85)
Seat 8: Superloopin (button) folded before Flop (didn't bet)



PokerStars Game #19953810416:  Hold'em No Limit ($0.10/$0.25) - 2008/08/27 - 23:28:44 (ET)
Table 'Chlosinde III' 9-max Seat #1 is the button
Seat 1: Alameda22 ($64.40 in chips) 
Seat 4: juca prieto ($28.95 in chips) 
Seat 5: DrFaustus30 ($4.75 in chips) 
Seat 6: rainbow_J ($11.95 in chips) 
Seat 7: LashMilliken ($16.55 in chips) 
Seat 8: Superloopin ($21.90 in chips) 
tcarr89 has returned
WhiteApe777: is sitting out 
juca prieto: posts small blind $0.10
DrFaustus30: posts big blind $0.25
*** HOLE CARDS ***
Dealt to Alameda22 [3s Kh]
rainbow_J: folds 
LashMilliken: calls $0.25
Superloopin: raises $0.75 to $1
Alameda22: folds 
juca prieto: folds 
DrFaustus30: folds 
LashMilliken: calls $0.75
*** FLOP *** [4h 2d 3h]
LashMilliken: checks 
Superloopin: bets $1.25
LashMilliken: calls $1.25
*** TURN *** [4h 2d 3h] [Jc]
LashMilliken: checks 
Superloopin: bets $3
LashMilliken: folds 
Uncalled bet ($3) returned to Superloopin
Superloopin collected $4.65 from pot
*** SUMMARY ***
Total pot $4.85 | Rake $0.20 
Board [4h 2d 3h Jc]
Seat 1: Alameda22 (button) folded before Flop (didn't bet)
Seat 4: juca prieto (small blind) folded before Flop
Seat 5: DrFaustus30 (big blind) folded before Flop
Seat 6: rainbow_J folded before Flop (didn't bet)
Seat 7: LashMilliken folded on the Turn
Seat 8: Superloopin collected ($4.65)



PokerStars Game #19953850808:  Hold'em No Limit ($0.10/$0.25) - 2008/08/27 - 23:30:28 (ET)
Table 'Chlosinde III' 9-max Seat #4 is the button
Seat 1: Alameda22 ($64.40 in chips) 
Seat 4: juca prieto ($28.85 in chips) 
Seat 5: DrFaustus30 ($4.50 in chips) 
Seat 6: rainbow_J ($11.95 in chips) 
Seat 7: LashMilliken ($14.30 in chips) 
Seat 8: Superloopin ($24.30 in chips) 
Seat 9: tcarr89 ($25 in chips) 
DrFaustus30: posts small blind $0.10
rainbow_J: posts big blind $0.25
tcarr89: posts big blind $0.25
*** HOLE CARDS ***
Dealt to Alameda22 [5c 8h]
LashMilliken: calls $0.25
Superloopin: folds 
tcarr89: checks 
Alameda22: folds 
juca prieto: folds 
DrFaustus30: raises $0.75 to $1
rainbow_J: folds 
LashMilliken: calls $0.75
tcarr89: folds 
*** FLOP *** [4s 3c 2d]
DrFaustus30: bets $0.50
LashMilliken: calls $0.50
*** TURN *** [4s 3c 2d] [Kd]
DrFaustus30: bets $1.25
LashMilliken: calls $1.25
*** RIVER *** [4s 3c 2d Kd] [2s]
DrFaustus30: bets $1.75 and is all-in
LashMilliken: folds 
Uncalled bet ($1.75) returned to DrFaustus30
DrFaustus30 collected $5.75 from pot
*** SUMMARY ***
Total pot $6 | Rake $0.25 
Board [4s 3c 2d Kd 2s]
Seat 1: Alameda22 folded before Flop (didn't bet)
Seat 4: juca prieto (button) folded before Flop (didn't bet)
Seat 5: DrFaustus30 (small blind) collected ($5.75)
Seat 6: rainbow_J (big blind) folded before Flop
Seat 7: LashMilliken folded on the River
Seat 8: Superloopin folded before Flop (didn't bet)
Seat 9: tcarr89 folded before Flop



PokerStars Game #19953878777:  Hold'em No Limit ($0.10/$0.25) - 2008/08/27 - 23:31:39 (ET)
Table 'Chlosinde III' 9-max Seat #5 is the button
Seat 1: Alameda22 ($64.40 in chips) 
Seat 4: juca prieto ($28.85 in chips) 
Seat 5: DrFaustus30 ($7.50 in chips) 
Seat 6: rainbow_J ($11.70 in chips) 
Seat 7: LashMilliken ($11.55 in chips) 
Seat 8: Superloopin ($24.30 in chips) 
Seat 9: tcarr89 ($24.75 in chips) 
rainbow_J: posts small blind $0.10
LashMilliken: posts big blind $0.25
*** HOLE CARDS ***
Dealt to Alameda22 [Kh 9c]
Superloopin: folds 
tcarr89: raises $0.75 to $1
Alameda22: folds 
juca prieto: calls $1
WhiteApe777 leaves the table
RemcoB joins the table at seat #3 
DrFaustus30 has timed out
DrFaustus30: folds 
DrFaustus30 is sitting out
rainbow_J: folds 
LashMilliken: calls $0.75
*** FLOP *** [Kc Jh 8h]
LashMilliken: bets $2.25
tcarr89: folds 
DrFaustus30 has returned
juca prieto: folds 
Uncalled bet ($2.25) returned to LashMilliken
LashMilliken collected $2.95 from pot
LashMilliken: doesn't show hand 
*** SUMMARY ***
Total pot $3.10 | Rake $0.15 
Board [Kc Jh 8h]
Seat 1: Alameda22 folded before Flop (didn't bet)
Seat 4: juca prieto folded on the Flop
Seat 5: DrFaustus30 (button) folded before Flop (didn't bet)
Seat 6: rainbow_J (small blind) folded before Flop
Seat 7: LashMilliken (big blind) collected ($2.95)
Seat 8: Superloopin folded before Flop (didn't bet)
Seat 9: tcarr89 folded on the Flop



PokerStars Game #19953914063:  Hold'em No Limit ($0.10/$0.25) - 2008/08/27 - 23:33:09 (ET)
Table 'Chlosinde III' 9-max Seat #6 is the button
Seat 1: Alameda22 ($64.40 in chips) 
Seat 4: juca prieto ($27.85 in chips) 
Seat 5: DrFaustus30 ($7.50 in chips) 
Seat 6: rainbow_J ($11.60 in chips) 
Seat 7: LashMilliken ($13.50 in chips) 
Seat 8: Superloopin ($24.30 in chips) 
Seat 9: tcarr89 ($25 in chips) 
LashMilliken: posts small blind $0.10
Superloopin: posts big blind $0.25
RemcoB: sits out 
*** HOLE CARDS ***
Dealt to Alameda22 [3s Qc]
tcarr89: folds 
Alameda22: folds 
juca prieto: calls $0.25
DrFaustus30: folds 
rainbow_J: folds 
LashMilliken: calls $0.15
Superloopin: checks 
*** FLOP *** [6d 9s Kh]
LashMilliken: checks 
Superloopin: bets $0.25
juca prieto: calls $0.25
LashMilliken: calls $0.25
*** TURN *** [6d 9s Kh] [7s]
LashMilliken: bets $2
Superloopin: folds 
juca prieto: calls $2
*** RIVER *** [6d 9s Kh 7s] [6c]
LashMilliken: bets $0.25
juca prieto: raises $2 to $2.25
LashMilliken: calls $2
*** SHOW DOWN ***
juca prieto: shows [Td Jh] (a pair of Sixes)
LashMilliken: shows [7h 9h] (two pair, Nines and Sevens)
LashMilliken collected $9.55 from pot
*** SUMMARY ***
Total pot $10 | Rake $0.45 
Board [6d 9s Kh 7s 6c]
Seat 1: Alameda22 folded before Flop (didn't bet)
Seat 4: juca prieto showed [Td Jh] and lost with a pair of Sixes
Seat 5: DrFaustus30 folded before Flop (didn't bet)
Seat 6: rainbow_J (button) folded before Flop (didn't bet)
Seat 7: LashMilliken (small blind) showed [7h 9h] and won ($9.55) with two pair, Nines and Sevens
Seat 8: Superloopin (big blind) folded on the Turn
Seat 9: tcarr89 folded before Flop (didn't bet)



PokerStars Game #19953946731:  Hold'em No Limit ($0.10/$0.25) - 2008/08/27 - 23:34:31 (ET)
Table 'Chlosinde III' 9-max Seat #7 is the button
Seat 1: Alameda22 ($64.40 in chips) 
Seat 4: juca prieto ($23.10 in chips) 
Seat 5: DrFaustus30 ($7.50 in chips) 
Seat 6: rainbow_J ($11.60 in chips) 
Seat 7: LashMilliken ($18.30 in chips) 
Seat 8: Superloopin ($23.80 in chips) 
Seat 9: tcarr89 ($25 in chips) 
Superloopin: posts small blind $0.10
tcarr89: posts big blind $0.25
RemcoB: sits out 
*** HOLE CARDS ***
Dealt to Alameda22 [7h As]
juca prieto said, "nh"
Alameda22: folds 
juca prieto: calls $0.25
DrFaustus30: folds 
rainbow_J: folds 
LashMilliken: folds 
Superloopin: folds 
tcarr89: checks 
*** FLOP *** [Ks Qh Jd]
Sick M leaves the table
tcarr89: bets $0.50
juca prieto: folds 
Uncalled bet ($0.50) returned to tcarr89
tcarr89 collected $0.60 from pot
tcarr89: doesn't show hand 
paservant joins the table at seat #2 
*** SUMMARY ***
Total pot $0.60 | Rake $0 
Board [Ks Qh Jd]
Seat 1: Alameda22 folded before Flop (didn't bet)
Seat 4: juca prieto folded on the Flop
Seat 5: DrFaustus30 folded before Flop (didn't bet)
Seat 6: rainbow_J folded before Flop (didn't bet)
Seat 7: LashMilliken (button) folded before Flop (didn't bet)
Seat 8: Superloopin (small blind) folded before Flop
Seat 9: tcarr89 (big blind) collected ($0.60)



PokerStars Game #19953959506:  Hold'em No Limit ($0.10/$0.25) - 2008/08/27 - 23:35:03 (ET)
Table 'Chlosinde III' 9-max Seat #8 is the button
Seat 1: Alameda22 ($64.40 in chips) 
Seat 4: juca prieto ($22.85 in chips) 
Seat 5: DrFaustus30 ($7.50 in chips) 
Seat 6: rainbow_J ($11.60 in chips) 
Seat 7: LashMilliken ($18.30 in chips) 
Seat 8: Superloopin ($23.70 in chips) 
Seat 9: tcarr89 ($25.35 in chips) 
tcarr89: posts small blind $0.10
Alameda22: posts big blind $0.25
paservant: sits out 
RemcoB: sits out 
*** HOLE CARDS ***
Dealt to Alameda22 [5h 8c]
juca prieto: calls $0.25
DrFaustus30: calls $0.25
rainbow_J: folds 
LashMilliken: folds 
Superloopin: folds 
tcarr89: folds 
Alameda22: checks 
*** FLOP *** [7c 2c Qh]
Alameda22: checks 
juca prieto: checks 
DrFaustus30: bets $0.75
Alameda22: folds 
juca prieto: folds 
Uncalled bet ($0.75) returned to DrFaustus30
DrFaustus30 collected $0.85 from pot
*** SUMMARY ***
Total pot $0.85 | Rake $0 
Board [7c 2c Qh]
Seat 1: Alameda22 (big blind) folded on the Flop
Seat 4: juca prieto folded on the Flop
Seat 5: DrFaustus30 collected ($0.85)
Seat 6: rainbow_J folded before Flop (didn't bet)
Seat 7: LashMilliken folded before Flop (didn't bet)
Seat 8: Superloopin (button) folded before Flop (didn't bet)
Seat 9: tcarr89 (small blind) folded before Flop



PokerStars Game #19953981438:  Hold'em No Limit ($0.10/$0.25) - 2008/08/27 - 23:35:59 (ET)
Table 'Chlosinde III' 9-max Seat #9 is the button
Seat 1: Alameda22 ($64.15 in chips) 
Seat 2: paservant ($15 in chips) 
Seat 4: juca prieto ($22.60 in chips) 
Seat 5: DrFaustus30 ($8.10 in chips) 
Seat 6: rainbow_J ($11.60 in chips) 
Seat 7: LashMilliken ($18.30 in chips) 
Seat 8: Superloopin ($23.70 in chips) 
Seat 9: tcarr89 ($25.25 in chips) 
Alameda22: posts small blind $0.10
paservant: posts big blind $0.25
RemcoB: sits out 
*** HOLE CARDS ***
Dealt to Alameda22 [7s Kc]
juca prieto: folds 
DrFaustus30: folds 
rainbow_J: folds 
LashMilliken: folds 
Superloopin: raises $0.75 to $1
tcarr89: folds 
Alameda22: folds 
paservant: folds 
Uncalled bet ($0.75) returned to Superloopin
Superloopin collected $0.60 from pot
*** SUMMARY ***
Total pot $0.60 | Rake $0 
Seat 1: Alameda22 (small blind) folded before Flop
Seat 2: paservant (big blind) folded before Flop
Seat 4: juca prieto folded before Flop (didn't bet)
Seat 5: DrFaustus30 folded before Flop (didn't bet)
Seat 6: rainbow_J folded before Flop (didn't bet)
Seat 7: LashMilliken folded before Flop (didn't bet)
Seat 8: Superloopin collected ($0.60)
Seat 9: tcarr89 (button) folded before Flop (didn't bet)



PokerStars Game #19954000311:  Hold'em No Limit ($0.10/$0.25) - 2008/08/27 - 23:36:47 (ET)
Table 'Chlosinde III' 9-max Seat #1 is the button
Seat 1: Alameda22 ($64.05 in chips) 
Seat 2: paservant ($14.75 in chips) 
Seat 3: RemcoB ($25 in chips) 
Seat 4: juca prieto ($22.60 in chips) 
Seat 5: DrFaustus30 ($8.10 in chips) 
Seat 6: rainbow_J ($11.60 in chips) 
Seat 7: LashMilliken ($18.30 in chips) 
Seat 8: Superloopin ($24.05 in chips) 
Seat 9: tcarr89 ($25.25 in chips) 
paservant: posts small blind $0.10
RemcoB: posts big blind $0.25
*** HOLE CARDS ***
Dealt to Alameda22 [5c 3d]
juca prieto: calls $0.25
DrFaustus30: folds 
rainbow_J: folds 
LashMilliken: calls $0.25
Superloopin: folds 
tcarr89: folds 
Alameda22: folds 
paservant: calls $0.15
RemcoB: checks 
*** FLOP *** [Qc 6s Qd]
paservant: folds 
RemcoB: checks 
juca prieto: checks 
LashMilliken: checks 
*** TURN *** [Qc 6s Qd] [Kc]
RemcoB: checks 
juca prieto: checks 
LashMilliken: checks 
*** RIVER *** [Qc 6s Qd Kc] [Js]
RemcoB: checks 
juca prieto: checks 
LashMilliken: bets $3
RemcoB: folds 
juca prieto: folds 
Uncalled bet ($3) returned to LashMilliken
LashMilliken collected $0.95 from pot
LashMilliken: doesn't show hand 
*** SUMMARY ***
Total pot $1 | Rake $0.05 
Board [Qc 6s Qd Kc Js]
Seat 1: Alameda22 (button) folded before Flop (didn't bet)
Seat 2: paservant (small blind) folded on the Flop
Seat 3: RemcoB (big blind) folded on the River
Seat 4: juca prieto folded on the River
Seat 5: DrFaustus30 folded before Flop (didn't bet)
Seat 6: rainbow_J folded before Flop (didn't bet)
Seat 7: LashMilliken collected ($0.95)
Seat 8: Superloopin folded before Flop (didn't bet)
Seat 9: tcarr89 folded before Flop (didn't bet)



PokerStars Game #19954038411:  Hold'em No Limit ($0.10/$0.25) - 2008/08/27 - 23:38:24 (ET)
Table 'Chlosinde III' 9-max Seat #2 is the button
Seat 1: Alameda22 ($64.05 in chips) 
Seat 2: paservant ($14.50 in chips) 
Seat 3: RemcoB ($24.75 in chips) 
Seat 4: juca prieto ($22.35 in chips) 
Seat 5: DrFaustus30 ($8.10 in chips) 
Seat 6: rainbow_J ($11.60 in chips) 
Seat 7: LashMilliken ($19 in chips) 
Seat 8: Superloopin ($24.05 in chips) 
Seat 9: tcarr89 ($25.25 in chips) 
RemcoB: posts small blind $0.10
juca prieto: posts big blind $0.25
*** HOLE CARDS ***
Dealt to Alameda22 [7c 7h]
DrFaustus30: folds 
rainbow_J: folds 
LashMilliken: calls $0.25
Superloopin: folds 
tcarr89: folds 
Alameda22: calls $0.25
paservant: folds 
RemcoB: folds 
juca prieto: checks 
*** FLOP *** [2s Qh 3s]
juca prieto: checks 
LashMilliken: checks 
Alameda22: bets $0.50
juca prieto: folds 
LashMilliken: folds 
Uncalled bet ($0.50) returned to Alameda22
Alameda22 collected $0.85 from pot
Alameda22: doesn't show hand 
*** SUMMARY ***
Total pot $0.85 | Rake $0 
Board [2s Qh 3s]
Seat 1: Alameda22 collected ($0.85)
Seat 2: paservant (button) folded before Flop (didn't bet)
Seat 3: RemcoB (small blind) folded before Flop
Seat 4: juca prieto (big blind) folded on the Flop
Seat 5: DrFaustus30 folded before Flop (didn't bet)
Seat 6: rainbow_J folded before Flop (didn't bet)
Seat 7: LashMilliken folded on the Flop
Seat 8: Superloopin folded before Flop (didn't bet)
Seat 9: tcarr89 folded before Flop (didn't bet)



PokerStars Game #19954065926:  Hold'em No Limit ($0.10/$0.25) - 2008/08/27 - 23:39:34 (ET)
Table 'Chlosinde III' 9-max Seat #3 is the button
Seat 1: Alameda22 ($64.65 in chips) 
Seat 2: paservant ($14.50 in chips) 
Seat 3: RemcoB ($24.65 in chips) 
Seat 4: juca prieto ($22.10 in chips) 
Seat 5: DrFaustus30 ($8.10 in chips) 
Seat 6: rainbow_J ($11.60 in chips) 
Seat 7: LashMilliken ($18.75 in chips) 
Seat 8: Superloopin ($24.05 in chips) 
Seat 9: tcarr89 ($25.25 in chips) 
juca prieto: posts small blind $0.10
DrFaustus30: posts big blind $0.25
*** HOLE CARDS ***
Dealt to Alameda22 [Ah 8c]
rainbow_J: folds 
LashMilliken: folds 
Superloopin: raises $0.75 to $1
tcarr89: folds 
Alameda22: folds 
paservant: folds 
RemcoB: folds 
juca prieto: folds 
DrFaustus30: folds 
Uncalled bet ($0.75) returned to Superloopin
Superloopin collected $0.60 from pot
*** SUMMARY ***
Total pot $0.60 | Rake $0 
Seat 1: Alameda22 folded before Flop (didn't bet)
Seat 2: paservant folded before Flop (didn't bet)
Seat 3: RemcoB (button) folded before Flop (didn't bet)
Seat 4: juca prieto (small blind) folded before Flop
Seat 5: DrFaustus30 (big blind) folded before Flop
Seat 6: rainbow_J folded before Flop (didn't bet)
Seat 7: LashMilliken folded before Flop (didn't bet)
Seat 8: Superloopin collected ($0.60)
Seat 9: tcarr89 folded before Flop (didn't bet)



PokerStars Game #19954085412:  Hold'em No Limit ($0.10/$0.25) - 2008/08/27 - 23:40:24 (ET)
Table 'Chlosinde III' 9-max Seat #4 is the button
Seat 1: Alameda22 ($64.65 in chips) 
Seat 2: paservant ($14.50 in chips) 
Seat 3: RemcoB ($25 in chips) 
Seat 4: juca prieto ($22 in chips) 
Seat 5: DrFaustus30 ($7.85 in chips) 
Seat 6: rainbow_J ($11.60 in chips) 
Seat 7: LashMilliken ($18.75 in chips) 
Seat 8: Superloopin ($24.40 in chips) 
Seat 9: tcarr89 ($25.25 in chips) 
DrFaustus30: posts small blind $0.10
rainbow_J: posts big blind $0.25
*** HOLE CARDS ***
Dealt to Alameda22 [Th 9d]
LashMilliken: calls $0.25
Superloopin: raises $0.75 to $1
tcarr89: folds 
Alameda22: folds 
paservant: folds 
RemcoB: folds 
juca prieto: folds 
DrFaustus30: folds 
rainbow_J: folds 
LashMilliken: folds 
Uncalled bet ($0.75) returned to Superloopin
Superloopin collected $0.85 from pot
*** SUMMARY ***
Total pot $0.85 | Rake $0 
Seat 1: Alameda22 folded before Flop (didn't bet)
Seat 2: paservant folded before Flop (didn't bet)
Seat 3: RemcoB folded before Flop (didn't bet)
Seat 4: juca prieto (button) folded before Flop (didn't bet)
Seat 5: DrFaustus30 (small blind) folded before Flop
Seat 6: rainbow_J (big blind) folded before Flop
Seat 7: LashMilliken folded before Flop
Seat 8: Superloopin collected ($0.85)
Seat 9: tcarr89 folded before Flop (didn't bet)



PokerStars Game #19954110803:  Hold'em No Limit ($0.10/$0.25) - 2008/08/27 - 23:41:31 (ET)
Table 'Chlosinde III' 9-max Seat #5 is the button
Seat 1: Alameda22 ($64.65 in chips) 
Seat 2: paservant ($14.50 in chips) 
Seat 3: RemcoB ($25 in chips) 
Seat 4: juca prieto ($22 in chips) 
Seat 5: DrFaustus30 ($7.75 in chips) 
Seat 6: rainbow_J ($11.35 in chips) 
Seat 7: LashMilliken ($18.50 in chips) 
Seat 8: Superloopin ($25 in chips) 
Seat 9: tcarr89 ($25.25 in chips) 
rainbow_J: posts small blind $0.10
LashMilliken: posts big blind $0.25
*** HOLE CARDS ***
Dealt to Alameda22 [2c Jd]
Superloopin: folds 
tcarr89: raises $0.75 to $1
Alameda22: folds 
paservant: folds 
RemcoB: folds 
juca prieto: folds 
DrFaustus30: folds 
rainbow_J: folds 
LashMilliken: calls $0.75
*** FLOP *** [Qc Qh 8d]
LashMilliken: checks 
tcarr89: bets $1.50
LashMilliken: folds 
Uncalled bet ($1.50) returned to tcarr89
tcarr89 collected $2 from pot
tcarr89: doesn't show hand 
*** SUMMARY ***
Total pot $2.10 | Rake $0.10 
Board [Qc Qh 8d]
Seat 1: Alameda22 folded before Flop (didn't bet)
Seat 2: paservant folded before Flop (didn't bet)
Seat 3: RemcoB folded before Flop (didn't bet)
Seat 4: juca prieto folded before Flop (didn't bet)
Seat 5: DrFaustus30 (button) folded before Flop (didn't bet)
Seat 6: rainbow_J (small blind) folded before Flop
Seat 7: LashMilliken (big blind) folded on the Flop
Seat 8: Superloopin folded before Flop (didn't bet)
Seat 9: tcarr89 collected ($2)



PokerStars Game #19954132726:  Hold'em No Limit ($0.10/$0.25) - 2008/08/27 - 23:42:29 (ET)
Table 'Chlosinde III' 9-max Seat #6 is the button
Seat 1: Alameda22 ($64.65 in chips) 
Seat 2: paservant ($14.50 in chips) 
Seat 3: RemcoB ($25 in chips) 
Seat 4: juca prieto ($22 in chips) 
Seat 5: DrFaustus30 ($7.75 in chips) 
Seat 6: rainbow_J ($11.25 in chips) 
Seat 7: LashMilliken ($17.50 in chips) 
Seat 8: Superloopin ($25 in chips) 
Seat 9: tcarr89 ($26.25 in chips) 
LashMilliken: posts small blind $0.10
Superloopin: posts big blind $0.25
*** HOLE CARDS ***
Dealt to Alameda22 [9s 8d]
tcarr89: folds 
Alameda22: folds 
paservant: folds 
RemcoB: folds 
juca prieto: folds 
DrFaustus30: folds 
rainbow_J: folds 
LashMilliken: raises $0.75 to $1
Superloopin: folds 
Uncalled bet ($0.75) returned to LashMilliken
LashMilliken collected $0.50 from pot
LashMilliken: doesn't show hand 
*** SUMMARY ***
Total pot $0.50 | Rake $0 
Seat 1: Alameda22 folded before Flop (didn't bet)
Seat 2: paservant folded before Flop (didn't bet)
Seat 3: RemcoB folded before Flop (didn't bet)
Seat 4: juca prieto folded before Flop (didn't bet)
Seat 5: DrFaustus30 folded before Flop (didn't bet)
Seat 6: rainbow_J (button) folded before Flop (didn't bet)
Seat 7: LashMilliken (small blind) collected ($0.50)
Seat 8: Superloopin (big blind) folded before Flop
Seat 9: tcarr89 folded before Flop (didn't bet)



PokerStars Game #19954153551:  Hold'em No Limit ($0.10/$0.25) - 2008/08/27 - 23:43:24 (ET)
Table 'Chlosinde III' 9-max Seat #7 is the button
Seat 1: Alameda22 ($64.65 in chips) 
Seat 2: paservant ($14.50 in chips) 
Seat 3: RemcoB ($25 in chips) 
Seat 4: juca prieto ($22 in chips) 
Seat 5: DrFaustus30 ($7.75 in chips) 
Seat 6: rainbow_J ($11.25 in chips) 
Seat 7: LashMilliken ($17.75 in chips) 
Seat 8: Superloopin ($24.75 in chips) 
Seat 9: tcarr89 ($26.25 in chips) 
Superloopin: posts small blind $0.10
tcarr89: posts big blind $0.25
*** HOLE CARDS ***
Dealt to Alameda22 [4d 3c]
Alameda22: folds 
paservant: folds 
RemcoB: folds 
juca prieto: calls $0.25
DrFaustus30 has timed out
DrFaustus30: folds 
DrFaustus30 is sitting out
rainbow_J: folds 
LashMilliken: raises $0.75 to $1
DrFaustus30 has returned
Superloopin: folds 
tcarr89: folds 
juca prieto: folds 
Uncalled bet ($0.75) returned to LashMilliken
LashMilliken collected $0.85 from pot
LashMilliken: doesn't show hand 
*** SUMMARY ***
Total pot $0.85 | Rake $0 
Seat 1: Alameda22 folded before Flop (didn't bet)
Seat 2: paservant folded before Flop (didn't bet)
Seat 3: RemcoB folded before Flop (didn't bet)
Seat 4: juca prieto folded before Flop
Seat 5: DrFaustus30 folded before Flop (didn't bet)
Seat 6: rainbow_J folded before Flop (didn't bet)
Seat 7: LashMilliken (button) collected ($0.85)
Seat 8: Superloopin (small blind) folded before Flop
Seat 9: tcarr89 (big blind) folded before Flop



PokerStars Game #19954188778:  Hold'em No Limit ($0.10/$0.25) - 2008/08/27 - 23:44:56 (ET)
Table 'Chlosinde III' 9-max Seat #8 is the button
Seat 1: Alameda22 ($64.65 in chips) 
Seat 2: paservant ($14.50 in chips) 
Seat 3: RemcoB ($25 in chips) 
Seat 4: juca prieto ($21.75 in chips) 
Seat 5: DrFaustus30 ($7.75 in chips) 
Seat 6: rainbow_J ($11.25 in chips) 
Seat 7: LashMilliken ($18.35 in chips) 
Seat 8: Superloopin ($24.65 in chips) 
Seat 9: tcarr89 ($26 in chips) 
tcarr89: posts small blind $0.10
Alameda22: posts big blind $0.25
*** HOLE CARDS ***
Dealt to Alameda22 [8c 6s]
paservant: folds 
RemcoB: folds 
juca prieto: folds 
juca prieto leaves the table
DrFaustus30: folds 
rainbow_J: folds 
LashMilliken: calls $0.25
Superloopin: folds 
tcarr89: folds 
Alameda22: checks 
*** FLOP *** [Qh Ks 8h]
Alameda22: checks 
LashMilliken: bets $0.75
Alameda22: folds 
Uncalled bet ($0.75) returned to LashMilliken
LashMilliken collected $0.60 from pot
LashMilliken: doesn't show hand 
*** SUMMARY ***
Total pot $0.60 | Rake $0 
Board [Qh Ks 8h]
Seat 1: Alameda22 (big blind) folded on the Flop
Seat 2: paservant folded before Flop (didn't bet)
Seat 3: RemcoB folded before Flop (didn't bet)
Seat 4: juca prieto folded before Flop (didn't bet)
Seat 5: DrFaustus30 folded before Flop (didn't bet)
Seat 6: rainbow_J folded before Flop (didn't bet)
Seat 7: LashMilliken collected ($0.60)
Seat 8: Superloopin (button) folded before Flop (didn't bet)
Seat 9: tcarr89 (small blind) folded before Flop



PokerStars Game #19954208342:  Hold'em No Limit ($0.10/$0.25) - 2008/08/27 - 23:45:49 (ET)
Table 'Chlosinde III' 9-max Seat #9 is the button
Seat 1: Alameda22 ($64.40 in chips) 
Seat 2: paservant ($14.50 in chips) 
Seat 3: RemcoB ($25 in chips) 
Seat 5: DrFaustus30 ($7.75 in chips) 
Seat 6: rainbow_J ($11.25 in chips) 
Seat 7: LashMilliken ($18.70 in chips) 
Seat 8: Superloopin ($24.65 in chips) 
Seat 9: tcarr89 ($25.90 in chips) 
Alameda22: posts small blind $0.10
paservant: posts big blind $0.25
Lachesis85: sits out 
*** HOLE CARDS ***
Dealt to Alameda22 [6s Qc]
RemcoB: raises $1 to $1.25
DrFaustus30: folds 
rainbow_J: folds 
LashMilliken: calls $1.25
Superloopin: folds 
tcarr89: folds 
Alameda22: folds 
paservant: folds 
*** FLOP *** [8d 9s Kc]
RemcoB: bets $1.75
LashMilliken: calls $1.75
*** TURN *** [8d 9s Kc] [As]
RemcoB: bets $4
LashMilliken: calls $4
*** RIVER *** [8d 9s Kc As] [3d]
RemcoB: bets $5
LashMilliken: calls $5
*** SHOW DOWN ***
RemcoB: shows [Ks Ad] (two pair, Aces and Kings)
LashMilliken: mucks hand 
RemcoB collected $23.20 from pot
*** SUMMARY ***
Total pot $24.35 | Rake $1.15 
Board [8d 9s Kc As 3d]
Seat 1: Alameda22 (small blind) folded before Flop
Seat 2: paservant (big blind) folded before Flop
Seat 3: RemcoB showed [Ks Ad] and won ($23.20) with two pair, Aces and Kings
Seat 5: DrFaustus30 folded before Flop (didn't bet)
Seat 6: rainbow_J folded before Flop (didn't bet)
Seat 7: LashMilliken mucked [Ah Js]
Seat 8: Superloopin folded before Flop (didn't bet)
Seat 9: tcarr89 (button) folded before Flop (didn't bet)



PokerStars Game #19954229557:  Hold'em No Limit ($0.10/$0.25) - 2008/08/27 - 23:46:45 (ET)
Table 'Chlosinde III' 9-max Seat #1 is the button
Seat 1: Alameda22 ($64.30 in chips) 
Seat 2: paservant ($14.25 in chips) 
Seat 3: RemcoB ($36.20 in chips) 
Seat 5: DrFaustus30 ($7.75 in chips) 
Seat 6: rainbow_J ($11.25 in chips) 
Seat 7: LashMilliken ($6.70 in chips) 
Seat 8: Superloopin ($24.65 in chips) 
Seat 9: tcarr89 ($25.90 in chips) 
paservant: posts small blind $0.10
RemcoB: posts big blind $0.25
Lachesis85: sits out 
*** HOLE CARDS ***
Dealt to Alameda22 [5d 7s]
DrFaustus30: folds 
rainbow_J: folds 
LashMilliken: folds 
rainbow_J is sitting out
Superloopin: folds 
tcarr89: folds 
Alameda22: folds 
paservant: folds 
Uncalled bet ($0.15) returned to RemcoB
RemcoB collected $0.20 from pot
*** SUMMARY ***
Total pot $0.20 | Rake $0 
Seat 1: Alameda22 (button) folded before Flop (didn't bet)
Seat 2: paservant (small blind) folded before Flop
Seat 3: RemcoB (big blind) collected ($0.20)
Seat 5: DrFaustus30 folded before Flop (didn't bet)
Seat 6: rainbow_J folded before Flop (didn't bet)
Seat 7: LashMilliken folded before Flop (didn't bet)
Seat 8: Superloopin folded before Flop (didn't bet)
Seat 9: tcarr89 folded before Flop (didn't bet)



PokerStars Game #19954255092:  Hold'em No Limit ($0.10/$0.25) - 2008/08/27 - 23:47:55 (ET)
Table 'Chlosinde III' 9-max Seat #2 is the button
Seat 1: Alameda22 ($64.30 in chips) 
Seat 2: paservant ($14.15 in chips) 
Seat 3: RemcoB ($36.30 in chips) 
Seat 4: Lachesis85 ($25 in chips) 
Seat 5: DrFaustus30 ($7.75 in chips) 
Seat 7: LashMilliken ($6.70 in chips) 
Seat 8: Superloopin ($24.65 in chips) 
Seat 9: tcarr89 ($25.90 in chips) 
RemcoB: posts small blind $0.10
Lachesis85: posts big blind $0.25
*** HOLE CARDS ***
Dealt to Alameda22 [Th 6d]
DrFaustus30: folds 
LashMilliken: raises $0.25 to $0.50
Superloopin: folds 
tcarr89: folds 
Alameda22: folds 
paservant: folds 
RemcoB: folds 
Lachesis85: folds 
Uncalled bet ($0.25) returned to LashMilliken
LashMilliken collected $0.60 from pot
LashMilliken: doesn't show hand 
*** SUMMARY ***
Total pot $0.60 | Rake $0 
Seat 1: Alameda22 folded before Flop (didn't bet)
Seat 2: paservant (button) folded before Flop (didn't bet)
Seat 3: RemcoB (small blind) folded before Flop
Seat 4: Lachesis85 (big blind) folded before Flop
Seat 5: DrFaustus30 folded before Flop (didn't bet)
Seat 7: LashMilliken collected ($0.60)
Seat 8: Superloopin folded before Flop (didn't bet)
Seat 9: tcarr89 folded before Flop (didn't bet)



PokerStars Game #19954269764:  Hold'em No Limit ($0.10/$0.25) - 2008/08/27 - 23:48:35 (ET)
Table 'Chlosinde III' 9-max Seat #3 is the button
Seat 1: Alameda22 ($64.30 in chips) 
Seat 2: paservant ($14.15 in chips) 
Seat 3: RemcoB ($36.20 in chips) 
Seat 4: Lachesis85 ($24.75 in chips) 
Seat 5: DrFaustus30 ($7.75 in chips) 
Seat 7: LashMilliken ($7.05 in chips) 
Seat 8: Superloopin ($24.65 in chips) 
Seat 9: tcarr89 ($25.90 in chips) 
Lachesis85: posts small blind $0.10
DrFaustus30: posts big blind $0.25
*** HOLE CARDS ***
Dealt to Alameda22 [8d Qc]
LashMilliken: calls $0.25
Superloopin: folds 
tcarr89: folds 
Alameda22: folds 
paservant: folds 
RemcoB: calls $0.25
Lachesis85: folds 
DrFaustus30: checks 
*** FLOP *** [Ks 3s Qd]
DrFaustus30: bets $0.75
LashMilliken: folds 
RemcoB: folds 
Uncalled bet ($0.75) returned to DrFaustus30
DrFaustus30 collected $0.85 from pot
*** SUMMARY ***
Total pot $0.85 | Rake $0 
Board [Ks 3s Qd]
Seat 1: Alameda22 folded before Flop (didn't bet)
Seat 2: paservant folded before Flop (didn't bet)
Seat 3: RemcoB (button) folded on the Flop
Seat 4: Lachesis85 (small blind) folded before Flop
Seat 5: DrFaustus30 (big blind) collected ($0.85)
Seat 7: LashMilliken folded on the Flop
Seat 8: Superloopin folded before Flop (didn't bet)
Seat 9: tcarr89 folded before Flop (didn't bet)



PokerStars Game #19954287171:  Hold'em No Limit ($0.10/$0.25) - 2008/08/27 - 23:49:23 (ET)
Table 'Chlosinde III' 9-max Seat #4 is the button
Seat 1: Alameda22 ($64.30 in chips) 
Seat 2: paservant ($14.15 in chips) 
Seat 3: RemcoB ($35.95 in chips) 
Seat 4: Lachesis85 ($24.65 in chips) 
Seat 5: DrFaustus30 ($8.35 in chips) 
Seat 7: LashMilliken ($6.80 in chips) 
Seat 8: Superloopin ($24.65 in chips) 
Seat 9: tcarr89 ($25.90 in chips) 
DrFaustus30: posts small blind $0.10
LashMilliken: posts big blind $0.25
*** HOLE CARDS ***
Dealt to Alameda22 [Th Qd]
Superloopin: folds 
tcarr89: folds 
Alameda22: folds 
paservant: folds 
RemcoB: raises $0.75 to $1
Lachesis85: folds 
DrFaustus30: calls $0.90
LashMilliken: calls $0.75
*** FLOP *** [Qs 2d 9s]
DrFaustus30: checks 
LashMilliken: checks 
RemcoB: checks 
*** TURN *** [Qs 2d 9s] [7h]
DrFaustus30: checks 
LashMilliken: checks 
RemcoB: checks 
*** RIVER *** [Qs 2d 9s 7h] [Kh]
DrFaustus30: checks 
LashMilliken: checks 
RemcoB: bets $1.75
DrFaustus30: folds 
LashMilliken: folds 
Uncalled bet ($1.75) returned to RemcoB
RemcoB collected $2.85 from pot
*** SUMMARY ***
Total pot $3 | Rake $0.15 
Board [Qs 2d 9s 7h Kh]
Seat 1: Alameda22 folded before Flop (didn't bet)
Seat 2: paservant folded before Flop (didn't bet)
Seat 3: RemcoB collected ($2.85)
Seat 4: Lachesis85 (button) folded before Flop (didn't bet)
Seat 5: DrFaustus30 (small blind) folded on the River
Seat 7: LashMilliken (big blind) folded on the River
Seat 8: Superloopin folded before Flop (didn't bet)
Seat 9: tcarr89 folded before Flop (didn't bet)



PokerStars Game #19954326264:  Hold'em No Limit ($0.10/$0.25) - 2008/08/27 - 23:51:12 (ET)
Table 'Chlosinde III' 9-max Seat #5 is the button
Seat 1: Alameda22 ($64.30 in chips) 
Seat 2: paservant ($14.15 in chips) 
Seat 3: RemcoB ($37.80 in chips) 
Seat 4: Lachesis85 ($24.65 in chips) 
Seat 5: DrFaustus30 ($7.35 in chips) 
Seat 7: LashMilliken ($5.80 in chips) 
Seat 8: Superloopin ($24.65 in chips) 
Seat 9: tcarr89 ($25.90 in chips) 
LashMilliken: posts small blind $0.10
Superloopin: posts big blind $0.25
*** HOLE CARDS ***
Dealt to Alameda22 [Ad Qh]
tcarr89: folds 
Alameda22: raises $0.50 to $0.75
paservant: folds 
RemcoB is disconnected 
RemcoB is connected 
rainbow_J has returned
RemcoB: folds 
Lachesis85: folds 
DrFaustus30: folds 
LashMilliken: folds 
Superloopin: folds 
Uncalled bet ($0.50) returned to Alameda22
Alameda22 collected $0.60 from pot
Alameda22: doesn't show hand 
*** SUMMARY ***
Total pot $0.60 | Rake $0 
Seat 1: Alameda22 collected ($0.60)
Seat 2: paservant folded before Flop (didn't bet)
Seat 3: RemcoB folded before Flop (didn't bet)
Seat 4: Lachesis85 folded before Flop (didn't bet)
Seat 5: DrFaustus30 (button) folded before Flop (didn't bet)
Seat 7: LashMilliken (small blind) folded before Flop
Seat 8: Superloopin (big blind) folded before Flop
Seat 9: tcarr89 folded before Flop (didn't bet)



PokerStars Game #19954342761:  Hold'em No Limit ($0.10/$0.25) - 2008/08/27 - 23:51:58 (ET)
Table 'Chlosinde III' 9-max Seat #7 is the button
Seat 1: Alameda22 ($64.65 in chips) 
Seat 2: paservant ($14.15 in chips) 
Seat 3: RemcoB ($37.80 in chips) 
Seat 4: Lachesis85 ($24.65 in chips) 
Seat 5: DrFaustus30 ($7.35 in chips) 
Seat 6: rainbow_J ($11.25 in chips) 
Seat 7: LashMilliken ($5.70 in chips) 
Seat 8: Superloopin ($24.40 in chips) 
Seat 9: tcarr89 ($25.90 in chips) 
Superloopin: posts small blind $0.10
tcarr89: posts big blind $0.25
rainbow_J: posts small & big blinds $0.35
*** HOLE CARDS ***
Dealt to Alameda22 [Ad Jd]
Alameda22: folds 
paservant: folds 
RemcoB: folds 
Lachesis85: folds 
DrFaustus30: folds 
rainbow_J: checks 
LashMilliken: folds 
Superloopin: calls $0.15
tcarr89: checks 
*** FLOP *** [Kc Ks As]
Superloopin: checks 
tcarr89: checks 
rainbow_J: checks 
*** TURN *** [Kc Ks As] [Jc]
Superloopin: checks 
tcarr89: checks 
rainbow_J: checks 
*** RIVER *** [Kc Ks As Jc] [7h]
Superloopin: checks 
tcarr89: checks 
rainbow_J: checks 
*** SHOW DOWN ***
Superloopin: shows [Qd 2d] (a pair of Kings)
tcarr89: mucks hand 
rainbow_J: mucks hand 
Superloopin collected $0.85 from pot
*** SUMMARY ***
Total pot $0.85 | Rake $0 
Board [Kc Ks As Jc 7h]
Seat 1: Alameda22 folded before Flop (didn't bet)
Seat 2: paservant folded before Flop (didn't bet)
Seat 3: RemcoB folded before Flop (didn't bet)
Seat 4: Lachesis85 folded before Flop (didn't bet)
Seat 5: DrFaustus30 folded before Flop (didn't bet)
Seat 6: rainbow_J mucked [9d 2c]
Seat 7: LashMilliken (button) folded before Flop (didn't bet)
Seat 8: Superloopin (small blind) showed [Qd 2d] and won ($0.85) with a pair of Kings
Seat 9: tcarr89 (big blind) mucked [5s 9c]



PokerStars Game #19954366609:  Hold'em No Limit ($0.10/$0.25) - 2008/08/27 - 23:53:05 (ET)
Table 'Chlosinde III' 9-max Seat #8 is the button
Seat 1: Alameda22 ($64.65 in chips) 
Seat 2: paservant ($14.15 in chips) 
Seat 3: RemcoB ($37.80 in chips) 
Seat 4: Lachesis85 ($24.65 in chips) 
Seat 5: DrFaustus30 ($7.35 in chips) 
Seat 6: rainbow_J ($10.90 in chips) 
Seat 7: LashMilliken ($5.70 in chips) 
Seat 8: Superloopin ($25 in chips) 
Seat 9: tcarr89 ($25.65 in chips) 
tcarr89: posts small blind $0.10
Alameda22: posts big blind $0.25
*** HOLE CARDS ***
Dealt to Alameda22 [4h 8s]
paservant: folds 
RemcoB: folds 
Lachesis85: folds 
DrFaustus30: folds 
rainbow_J: folds 
LashMilliken: folds 
Superloopin: folds 
tcarr89: raises $0.75 to $1
rainbow_J is sitting out
Alameda22: folds 
Uncalled bet ($0.75) returned to tcarr89
tcarr89 collected $0.50 from pot
tcarr89: doesn't show hand 
*** SUMMARY ***
Total pot $0.50 | Rake $0 
Seat 1: Alameda22 (big blind) folded before Flop
Seat 2: paservant folded before Flop (didn't bet)
Seat 3: RemcoB folded before Flop (didn't bet)
Seat 4: Lachesis85 folded before Flop (didn't bet)
Seat 5: DrFaustus30 folded before Flop (didn't bet)
Seat 6: rainbow_J folded before Flop (didn't bet)
Seat 7: LashMilliken folded before Flop (didn't bet)
Seat 8: Superloopin (button) folded before Flop (didn't bet)
Seat 9: tcarr89 (small blind) collected ($0.50)



PokerStars Game #19954391833:  Hold'em No Limit ($0.10/$0.25) - 2008/08/27 - 23:54:16 (ET)
Table 'Chlosinde III' 9-max Seat #9 is the button
Seat 1: Alameda22 ($64.40 in chips) 
Seat 2: paservant ($14.15 in chips) 
Seat 3: RemcoB ($37.80 in chips) 
Seat 4: Lachesis85 ($24.65 in chips) 
Seat 5: DrFaustus30 ($7.35 in chips) 
Seat 7: LashMilliken ($5.70 in chips) 
Seat 8: Superloopin ($25 in chips) 
Seat 9: tcarr89 ($25.90 in chips) 
Alameda22: posts small blind $0.10
paservant: posts big blind $0.25
*** HOLE CARDS ***
Dealt to Alameda22 [Kh Jd]
RemcoB: folds 
Lachesis85: raises $0.75 to $1
DrFaustus30: folds 
LashMilliken: folds 
Superloopin: folds 
tcarr89: folds 
tcarr89 leaves the table
Alameda22: folds 
paservant: folds 
Uncalled bet ($0.75) returned to Lachesis85
Lachesis85 collected $0.60 from pot
Lachesis85: doesn't show hand 
*** SUMMARY ***
Total pot $0.60 | Rake $0 
Seat 1: Alameda22 (small blind) folded before Flop
Seat 2: paservant (big blind) folded before Flop
Seat 3: RemcoB folded before Flop (didn't bet)
Seat 4: Lachesis85 collected ($0.60)
Seat 5: DrFaustus30 folded before Flop (didn't bet)
Seat 7: LashMilliken folded before Flop (didn't bet)
Seat 8: Superloopin folded before Flop (didn't bet)
Seat 9: tcarr89 (button) folded before Flop (didn't bet)



PokerStars Game #19954400487:  Hold'em No Limit ($0.10/$0.25) - 2008/08/27 - 23:54:40 (ET)
Table 'Chlosinde III' 9-max Seat #1 is the button
Seat 1: Alameda22 ($64.30 in chips) 
Seat 2: paservant ($13.90 in chips) 
Seat 3: RemcoB ($37.80 in chips) 
Seat 4: Lachesis85 ($25 in chips) 
Seat 5: DrFaustus30 ($7.35 in chips) 
Seat 7: LashMilliken ($5.70 in chips) 
Seat 8: Superloopin ($25 in chips) 
paservant: posts small blind $0.10
RemcoB: posts big blind $0.25
*** HOLE CARDS ***
Dealt to Alameda22 [As 3c]
Lachesis85: folds 
DrFaustus30: folds 
LashMilliken: calls $0.25
Superloopin: folds 
Alameda22: folds 
paservant: folds 
RemcoB: checks 
*** FLOP *** [8h 9d 9c]
RemcoB: checks 
LashMilliken: checks 
*** TURN *** [8h 9d 9c] [3h]
RemcoB: checks 
ginsb joins the table at seat #9 
LashMilliken: checks 
*** RIVER *** [8h 9d 9c 3h] [Jc]
RemcoB: checks 
LashMilliken: checks 
*** SHOW DOWN ***
RemcoB: shows [5c 6h] (a pair of Nines)
LashMilliken: shows [Th 2h] (a pair of Nines - Jack+Ten kicker)
LashMilliken collected $0.60 from pot
*** SUMMARY ***
Total pot $0.60 | Rake $0 
Board [8h 9d 9c 3h Jc]
Seat 1: Alameda22 (button) folded before Flop (didn't bet)
Seat 2: paservant (small blind) folded before Flop
Seat 3: RemcoB (big blind) showed [5c 6h] and lost with a pair of Nines
Seat 4: Lachesis85 folded before Flop (didn't bet)
Seat 5: DrFaustus30 folded before Flop (didn't bet)
Seat 7: LashMilliken showed [Th 2h] and won ($0.60) with a pair of Nines
Seat 8: Superloopin folded before Flop (didn't bet)



PokerStars Game #19954425117:  Hold'em No Limit ($0.10/$0.25) - 2008/08/27 - 23:55:51 (ET)
Table 'Chlosinde III' 9-max Seat #2 is the button
Seat 1: Alameda22 ($64.30 in chips) 
Seat 2: paservant ($13.80 in chips) 
Seat 3: RemcoB ($37.55 in chips) 
Seat 4: Lachesis85 ($25 in chips) 
Seat 5: DrFaustus30 ($7.35 in chips) 
Seat 7: LashMilliken ($6.05 in chips) 
Seat 8: Superloopin ($25 in chips) 
Seat 9: ginsb ($5 in chips) 
RemcoB: posts small blind $0.10
Lachesis85: posts big blind $0.25
ginsb: posts big blind $0.25
*** HOLE CARDS ***
Dealt to Alameda22 [4s 4h]
DrFaustus30: folds 
LashMilliken: folds 
Superloopin: raises $0.75 to $1
ginsb: folds 
Alameda22: calls $1
paservant: folds 
rainbow_J has returned
RemcoB: folds 
Lachesis85: folds 
*** FLOP *** [Js 8c Kh]
Superloopin: checks 
Alameda22: checks 
*** TURN *** [Js 8c Kh] [9h]
Superloopin: bets $1.25
Alameda22: folds 
Uncalled bet ($1.25) returned to Superloopin
Superloopin collected $2.50 from pot
*** SUMMARY ***
Total pot $2.60 | Rake $0.10 
Board [Js 8c Kh 9h]
Seat 1: Alameda22 folded on the Turn
Seat 2: paservant (button) folded before Flop (didn't bet)
Seat 3: RemcoB (small blind) folded before Flop
Seat 4: Lachesis85 (big blind) folded before Flop
Seat 5: DrFaustus30 folded before Flop (didn't bet)
Seat 7: LashMilliken folded before Flop (didn't bet)
Seat 8: Superloopin collected ($2.50)
Seat 9: ginsb folded before Flop



PokerStars Game #19954461258:  Hold'em No Limit ($0.10/$0.25) - 2008/08/27 - 23:57:34 (ET)
Table 'Chlosinde III' 9-max Seat #3 is the button
Seat 1: Alameda22 ($63.30 in chips) 
Seat 2: paservant ($13.80 in chips) 
Seat 3: RemcoB ($37.45 in chips) 
Seat 4: Lachesis85 ($24.75 in chips) 
Seat 5: DrFaustus30 ($7.35 in chips) 
Seat 6: rainbow_J ($25 in chips) 
Seat 7: LashMilliken ($6.05 in chips) 
Seat 8: Superloopin ($26.50 in chips) 
Seat 9: ginsb ($4.75 in chips) 
Lachesis85: posts small blind $0.10
DrFaustus30: posts big blind $0.25
*** HOLE CARDS ***
Dealt to Alameda22 [2h Kc]
rainbow_J: calls $0.25
LashMilliken: calls $0.25
Superloopin: folds 
ginsb: folds 
Alameda22: folds 
paservant: calls $0.25
RemcoB: folds 
Lachesis85: folds 
DrFaustus30: checks 
*** FLOP *** [9h Ks Qd]
DrFaustus30: checks 
rainbow_J: checks 
LashMilliken: checks 
paservant: checks 
*** TURN *** [9h Ks Qd] [Ad]
DrFaustus30: checks 
rainbow_J: checks 
LashMilliken: checks 
paservant: bets $0.50
DrFaustus30: folds 
rainbow_J: folds 
LashMilliken: calls $0.50
*** RIVER *** [9h Ks Qd Ad] [Ts]
LashMilliken: bets $2
paservant: folds 
Uncalled bet ($2) returned to LashMilliken
LashMilliken collected $2 from pot
LashMilliken: doesn't show hand 
*** SUMMARY ***
Total pot $2.10 | Rake $0.10 
Board [9h Ks Qd Ad Ts]
Seat 1: Alameda22 folded before Flop (didn't bet)
Seat 2: paservant folded on the River
Seat 3: RemcoB (button) folded before Flop (didn't bet)
Seat 4: Lachesis85 (small blind) folded before Flop
Seat 5: DrFaustus30 (big blind) folded on the Turn
Seat 6: rainbow_J folded on the Turn
Seat 7: LashMilliken collected ($2)
Seat 8: Superloopin folded before Flop (didn't bet)
Seat 9: ginsb folded before Flop (didn't bet)



PokerStars Game #19954491131:  Hold'em No Limit ($0.10/$0.25) - 2008/08/27 - 23:59:01 (ET)
Table 'Chlosinde III' 9-max Seat #4 is the button
Seat 1: Alameda22 ($63.30 in chips) 
Seat 2: paservant ($13.05 in chips) 
Seat 3: RemcoB ($37.45 in chips) 
Seat 4: Lachesis85 ($24.65 in chips) 
Seat 5: DrFaustus30 ($7.10 in chips) 
Seat 6: rainbow_J ($24.75 in chips) 
Seat 7: LashMilliken ($7.30 in chips) 
Seat 8: Superloopin ($26.50 in chips) 
Seat 9: ginsb ($4.75 in chips) 
DrFaustus30: posts small blind $0.10
rainbow_J: posts big blind $0.25
*** HOLE CARDS ***
Dealt to Alameda22 [2h 2c]
LashMilliken: calls $0.25
Superloopin: folds 
ginsb: calls $0.25
Alameda22: folds 
paservant: folds 
RemcoB: folds 
Lachesis85: folds 
DrFaustus30: raises $0.75 to $1
rainbow_J: folds 
LashMilliken: folds 
ginsb: calls $0.75
*** FLOP *** [9d 2s 3s]
DrFaustus30: checks 
ginsb: checks 
*** TURN *** [9d 2s 3s] [7s]
DrFaustus30: bets $0.75
ginsb: calls $0.75
*** RIVER *** [9d 2s 3s 7s] [8s]
DrFaustus30: bets $1.50
ginsb: folds 
Uncalled bet ($1.50) returned to DrFaustus30
DrFaustus30 collected $3.85 from pot
*** SUMMARY ***
Total pot $4 | Rake $0.15 
Board [9d 2s 3s 7s 8s]
Seat 1: Alameda22 folded before Flop (didn't bet)
Seat 2: paservant folded before Flop (didn't bet)
Seat 3: RemcoB folded before Flop (didn't bet)
Seat 4: Lachesis85 (button) folded before Flop (didn't bet)
Seat 5: DrFaustus30 (small blind) collected ($3.85)
Seat 6: rainbow_J (big blind) folded before Flop
Seat 7: LashMilliken folded before Flop
Seat 8: Superloopin folded before Flop (didn't bet)
Seat 9: ginsb folded on the River



