PokerStars Game #20153001239:  Hold'em No Limit ($0.25/$0.50) - 2008/09/04 21:21:49 ET
Table 'Gase III' 9-max Seat #1 is the button
Seat 1: Free-Cash-PS ($49.25 in chips) 
Seat 2: john1226 ($49.50 in chips) 
Seat 3: Alameda22 ($50 in chips) 
Seat 4: *wh1tewid0w* ($51.65 in chips) 
Seat 6: FrAnWaN ($56.15 in chips) 
Seat 7: thundercop ($53.75 in chips) 
Seat 8: jjmill3 ($45.75 in chips) 
Seat 9: Spanische ($67.85 in chips) 
john1226: posts small blind $0.25
Alameda22: posts big blind $0.50
*** HOLE CARDS ***
Dealt to Alameda22 [8s Jc]
*wh1tewid0w*: calls $0.50
FrAnWaN: folds 
thundercop: folds 
jjmill3: folds 
Spanische: folds 
rc169 joins the table at seat #5 
Free-Cash-PS: folds 
rc169 leaves the table
john1226: calls $0.25
Alameda22: checks 
*** FLOP *** [2d 6s Kh]
john1226: checks 
Alameda22: checks 
*wh1tewid0w*: checks 
*** TURN *** [2d 6s Kh] [Qc]
john1226: checks 
Alameda22: checks 
*wh1tewid0w*: checks 
*** RIVER *** [2d 6s Kh Qc] [9h]
john1226: checks 
Alameda22: checks 
imadboy11 joins the table at seat #5 
*wh1tewid0w*: checks 
*** SHOW DOWN ***
john1226: shows [Th Qd] (a pair of Queens)
Alameda22: mucks hand 
*wh1tewid0w*: mucks hand 
john1226 collected $1.45 from pot
*** SUMMARY ***
Total pot $1.50 | Rake $0.05 
Board [2d 6s Kh Qc 9h]
Seat 1: Free-Cash-PS (button) folded before Flop (didn't bet)
Seat 2: john1226 (small blind) showed [Th Qd] and won ($1.45) with a pair of Queens
Seat 3: Alameda22 (big blind) mucked [8s Jc]
Seat 4: *wh1tewid0w* mucked [Ts 9s]
Seat 6: FrAnWaN folded before Flop (didn't bet)
Seat 7: thundercop folded before Flop (didn't bet)
Seat 8: jjmill3 folded before Flop (didn't bet)
Seat 9: Spanische folded before Flop (didn't bet)



PokerStars Game #20153042780:  Hold'em No Limit ($0.25/$0.50) - 2008/09/04 21:23:42 ET
Table 'Gase III' 9-max Seat #2 is the button
Seat 1: Free-Cash-PS ($49.25 in chips) 
Seat 2: john1226 ($50.45 in chips) 
Seat 3: Alameda22 ($49.50 in chips) 
Seat 4: *wh1tewid0w* ($51.15 in chips) 
Seat 5: imadboy11 ($50 in chips) 
Seat 6: FrAnWaN ($56.15 in chips) 
Seat 7: thundercop ($53.75 in chips) 
Seat 8: jjmill3 ($45.75 in chips) 
Seat 9: Spanische ($67.85 in chips) 
Alameda22: posts small blind $0.25
*wh1tewid0w*: posts big blind $0.50
imadboy11: posts big blind $0.50
*** HOLE CARDS ***
Dealt to Alameda22 [Td 2d]
imadboy11: checks 
FrAnWaN: folds 
thundercop: folds 
jjmill3: calls $0.50
Spanische: calls $0.50
Free-Cash-PS: folds 
john1226: calls $0.50
Alameda22: calls $0.25
*wh1tewid0w*: checks 
*** FLOP *** [8s 5h 6d]
Alameda22: checks 
*wh1tewid0w*: checks 
imadboy11: bets $1.75
jjmill3: folds 
Spanische: calls $1.75
john1226: folds 
Alameda22: folds 
*wh1tewid0w*: folds 
*** TURN *** [8s 5h 6d] [9d]
imadboy11: bets $3.75
Spanische: raises $5.75 to $9.50
imadboy11: calls $5.75
*** RIVER *** [8s 5h 6d 9d] [7c]
imadboy11 said, "gay"
imadboy11: checks 
Spanische: bets $12
imadboy11: calls $12
*** SHOW DOWN ***
Spanische: shows [7h Th] (a straight, Six to Ten)
imadboy11: mucks hand 
Spanische collected $47.10 from pot
*** SUMMARY ***
Total pot $49.50 | Rake $2.40 
Board [8s 5h 6d 9d 7c]
Seat 1: Free-Cash-PS folded before Flop (didn't bet)
Seat 2: john1226 (button) folded on the Flop
Seat 3: Alameda22 (small blind) folded on the Flop
Seat 4: *wh1tewid0w* (big blind) folded on the Flop
Seat 5: imadboy11 mucked [7s 2c]
Seat 6: FrAnWaN folded before Flop (didn't bet)
Seat 7: thundercop folded before Flop (didn't bet)
Seat 8: jjmill3 folded on the Flop
Seat 9: Spanische showed [7h Th] and won ($47.10) with a straight, Six to Ten



PokerStars Game #20153116969:  Hold'em No Limit ($0.25/$0.50) - 2008/09/04 21:27:04 ET
Table 'Gase III' 9-max Seat #3 is the button
Seat 1: Free-Cash-PS ($49.25 in chips) 
Seat 2: john1226 ($49.95 in chips) 
Seat 3: Alameda22 ($49 in chips) 
Seat 4: *wh1tewid0w* ($50.65 in chips) 
Seat 5: imadboy11 ($26.25 in chips) 
Seat 6: FrAnWaN ($56.15 in chips) 
Seat 7: thundercop ($53.75 in chips) 
Seat 8: jjmill3 ($45.25 in chips) 
Seat 9: Spanische ($91.20 in chips) 
*wh1tewid0w*: posts small blind $0.25
Spanische said, "bring more money"
imadboy11: posts big blind $0.50
*** HOLE CARDS ***
Dealt to Alameda22 [Ah Qh]
FrAnWaN: folds 
thundercop: folds 
jjmill3: folds 
Spanische: folds 
Free-Cash-PS: folds 
imadboy11 said, "huh?"
john1226: folds 
Alameda22: raises $1.50 to $2
*wh1tewid0w*: calls $1.75
imadboy11: folds 
*** FLOP *** [2h Kc Ks]
imadboy11 said, "710 good hand 2 play with"
*wh1tewid0w*: checks 
Alameda22: bets $3
Spanische said, "yer i won 25$"
*wh1tewid0w*: raises $3 to $6
Alameda22: folds 
Uncalled bet ($3) returned to *wh1tewid0w*
*wh1tewid0w* collected $10 from pot
*wh1tewid0w*: doesn't show hand 
*** SUMMARY ***
Total pot $10.50 | Rake $0.50 
Board [2h Kc Ks]
Seat 1: Free-Cash-PS folded before Flop (didn't bet)
Seat 2: john1226 folded before Flop (didn't bet)
Seat 3: Alameda22 (button) folded on the Flop
Seat 4: *wh1tewid0w* (small blind) collected ($10)
Seat 5: imadboy11 (big blind) folded before Flop
Seat 6: FrAnWaN folded before Flop (didn't bet)
Seat 7: thundercop folded before Flop (didn't bet)
Seat 8: jjmill3 folded before Flop (didn't bet)
Seat 9: Spanische folded before Flop (didn't bet)



PokerStars Game #20153141291:  Hold'em No Limit ($0.25/$0.50) - 2008/09/04 21:28:11 ET
Table 'Gase III' 9-max Seat #4 is the button
Seat 1: Free-Cash-PS ($49.25 in chips) 
Seat 2: john1226 ($49.95 in chips) 
Seat 3: Alameda22 ($44 in chips) 
Seat 4: *wh1tewid0w* ($55.65 in chips) 
Seat 5: imadboy11 ($25.75 in chips) 
Seat 6: FrAnWaN ($56.15 in chips) 
Seat 7: thundercop ($53.75 in chips) 
Seat 8: jjmill3 ($45.25 in chips) 
Seat 9: Spanische ($91.20 in chips) 
imadboy11: posts small blind $0.25
FrAnWaN: posts big blind $0.50
*** HOLE CARDS ***
Dealt to Alameda22 [6d 3c]
thundercop: folds 
jjmill3: calls $0.50
Spanische: folds 
Free-Cash-PS: folds 
john1226: folds 
Alameda22: folds 
*wh1tewid0w*: raises $1.50 to $2
imadboy11: raises $1.75 to $3.75
FrAnWaN: folds 
jjmill3: folds 
*wh1tewid0w*: calls $1.75
*** FLOP *** [7d Qs Jh]
jjmill3 is sitting out
imadboy11: bets $4
*wh1tewid0w*: calls $4
*** TURN *** [7d Qs Jh] [5h]
imadboy11: checks 
*wh1tewid0w*: checks 
*** RIVER *** [7d Qs Jh 5h] [Qd]
imadboy11: checks 
*wh1tewid0w*: bets $9
imadboy11: folds 
Uncalled bet ($9) returned to *wh1tewid0w*
*wh1tewid0w* collected $15.70 from pot
*wh1tewid0w*: doesn't show hand 
*** SUMMARY ***
Total pot $16.50 | Rake $0.80 
Board [7d Qs Jh 5h Qd]
Seat 1: Free-Cash-PS folded before Flop (didn't bet)
Seat 2: john1226 folded before Flop (didn't bet)
Seat 3: Alameda22 folded before Flop (didn't bet)
Seat 4: *wh1tewid0w* (button) collected ($15.70)
Seat 5: imadboy11 (small blind) folded on the River
Seat 6: FrAnWaN (big blind) folded before Flop
Seat 7: thundercop folded before Flop (didn't bet)
Seat 8: jjmill3 folded before Flop
Seat 9: Spanische folded before Flop (didn't bet)



PokerStars Game #20153189609:  Hold'em No Limit ($0.25/$0.50) - 2008/09/04 21:30:22 ET
Table 'Gase III' 9-max Seat #5 is the button
Seat 1: Free-Cash-PS ($49.25 in chips) 
Seat 2: john1226 ($49.95 in chips) 
Seat 3: Alameda22 ($44 in chips) 
Seat 4: *wh1tewid0w* ($63.60 in chips) 
Seat 5: imadboy11 ($18 in chips) 
Seat 6: FrAnWaN ($55.65 in chips) 
Seat 7: thundercop ($53.75 in chips) 
Seat 9: Spanische ($91.20 in chips) 
FrAnWaN: posts small blind $0.25
thundercop: posts big blind $0.50
*** HOLE CARDS ***
Dealt to Alameda22 [7s 6d]
Spanische: folds 
jjmill3 leaves the table
Free-Cash-PS: folds 
john1226: folds 
Alameda22: folds 
*wh1tewid0w*: folds 
imadboy11: folds 
FrAnWaN: folds 
Uncalled bet ($0.25) returned to thundercop
thundercop collected $0.50 from pot
thundercop: doesn't show hand 
*** SUMMARY ***
Total pot $0.50 | Rake $0 
Seat 1: Free-Cash-PS folded before Flop (didn't bet)
Seat 2: john1226 folded before Flop (didn't bet)
Seat 3: Alameda22 folded before Flop (didn't bet)
Seat 4: *wh1tewid0w* folded before Flop (didn't bet)
Seat 5: imadboy11 (button) folded before Flop (didn't bet)
Seat 6: FrAnWaN (small blind) folded before Flop
Seat 7: thundercop (big blind) collected ($0.50)
Seat 9: Spanische folded before Flop (didn't bet)



PokerStars Game #20153201000:  Hold'em No Limit ($0.25/$0.50) - 2008/09/04 21:30:53 ET
Table 'Gase III' 9-max Seat #6 is the button
Seat 1: Free-Cash-PS ($49.25 in chips) 
Seat 2: john1226 ($49.95 in chips) 
Seat 3: Alameda22 ($44 in chips) 
Seat 4: *wh1tewid0w* ($63.60 in chips) 
Seat 5: imadboy11 ($18 in chips) 
Seat 6: FrAnWaN ($55.40 in chips) 
Seat 7: thundercop ($54 in chips) 
Seat 9: Spanische ($91.20 in chips) 
thundercop: posts small blind $0.25
Spanische: posts big blind $0.50
*** HOLE CARDS ***
Dealt to Alameda22 [3s 4s]
Free-Cash-PS: folds 
john1226: folds 
thing93001 joins the table at seat #8 
Alameda22: folds 
*wh1tewid0w*: calls $0.50
imadboy11: raises $1.50 to $2
FrAnWaN: folds 
thundercop: folds 
Spanische: folds 
*wh1tewid0w*: folds 
Uncalled bet ($1.50) returned to imadboy11
imadboy11 collected $1.75 from pot
*** SUMMARY ***
Total pot $1.75 | Rake $0 
Seat 1: Free-Cash-PS folded before Flop (didn't bet)
Seat 2: john1226 folded before Flop (didn't bet)
Seat 3: Alameda22 folded before Flop (didn't bet)
Seat 4: *wh1tewid0w* folded before Flop
Seat 5: imadboy11 collected ($1.75)
Seat 6: FrAnWaN (button) folded before Flop (didn't bet)
Seat 7: thundercop (small blind) folded before Flop
Seat 9: Spanische (big blind) folded before Flop



PokerStars Game #20153224237:  Hold'em No Limit ($0.25/$0.50) - 2008/09/04 21:31:57 ET
Table 'Gase III' 9-max Seat #7 is the button
Seat 1: Free-Cash-PS ($49.25 in chips) 
Seat 2: john1226 ($49.95 in chips) 
Seat 3: Alameda22 ($44 in chips) 
Seat 4: *wh1tewid0w* ($63.10 in chips) 
Seat 5: imadboy11 ($19.25 in chips) 
Seat 6: FrAnWaN ($55.40 in chips) 
Seat 7: thundercop ($53.75 in chips) 
Seat 9: Spanische ($90.70 in chips) 
thing93001 will be allowed to play after the button
Spanische: posts small blind $0.25
Free-Cash-PS: posts big blind $0.50
*** HOLE CARDS ***
Dealt to Alameda22 [5s 3s]
john1226: folds 
Alameda22: folds 
*wh1tewid0w*: folds 
imadboy11: folds 
FrAnWaN: folds 
thundercop: folds 
Spanische: folds 
Uncalled bet ($0.25) returned to Free-Cash-PS
Free-Cash-PS collected $0.50 from pot
Free-Cash-PS: doesn't show hand 
*** SUMMARY ***
Total pot $0.50 | Rake $0 
Seat 1: Free-Cash-PS (big blind) collected ($0.50)
Seat 2: john1226 folded before Flop (didn't bet)
Seat 3: Alameda22 folded before Flop (didn't bet)
Seat 4: *wh1tewid0w* folded before Flop (didn't bet)
Seat 5: imadboy11 folded before Flop (didn't bet)
Seat 6: FrAnWaN folded before Flop (didn't bet)
Seat 7: thundercop (button) folded before Flop (didn't bet)
Seat 9: Spanische (small blind) folded before Flop



PokerStars Game #20153234024:  Hold'em No Limit ($0.25/$0.50) - 2008/09/04 21:32:24 ET
Table 'Gase III' 9-max Seat #9 is the button
Seat 1: Free-Cash-PS ($49.50 in chips) 
Seat 2: john1226 ($49.95 in chips) 
Seat 3: Alameda22 ($44 in chips) 
Seat 4: *wh1tewid0w* ($63.10 in chips) 
Seat 5: imadboy11 ($19.25 in chips) 
Seat 6: FrAnWaN ($55.40 in chips) 
Seat 7: thundercop ($53.75 in chips) 
Seat 8: thing93001 ($50 in chips) 
Seat 9: Spanische ($90.45 in chips) 
Free-Cash-PS: posts small blind $0.25
john1226: posts big blind $0.50
thing93001: posts big blind $0.50
*** HOLE CARDS ***
Dealt to Alameda22 [2h 8d]
Alameda22: folds 
*wh1tewid0w*: folds 
imadboy11: folds 
FrAnWaN: folds 
thundercop: folds 
thing93001: checks 
Spanische: folds 
Free-Cash-PS: folds 
john1226: checks 
*** FLOP *** [4s 2d 7c]
john1226: bets $1
thing93001: folds 
Uncalled bet ($1) returned to john1226
john1226 collected $1.20 from pot
john1226: doesn't show hand 
*** SUMMARY ***
Total pot $1.25 | Rake $0.05 
Board [4s 2d 7c]
Seat 1: Free-Cash-PS (small blind) folded before Flop
Seat 2: john1226 (big blind) collected ($1.20)
Seat 3: Alameda22 folded before Flop (didn't bet)
Seat 4: *wh1tewid0w* folded before Flop (didn't bet)
Seat 5: imadboy11 folded before Flop (didn't bet)
Seat 6: FrAnWaN folded before Flop (didn't bet)
Seat 7: thundercop folded before Flop (didn't bet)
Seat 8: thing93001 folded on the Flop
Seat 9: Spanische (button) folded before Flop (didn't bet)



PokerStars Game #20153258621:  Hold'em No Limit ($0.25/$0.50) - 2008/09/04 21:33:31 ET
Table 'Gase III' 9-max Seat #1 is the button
Seat 1: Free-Cash-PS ($49.25 in chips) 
Seat 2: john1226 ($50.65 in chips) 
Seat 3: Alameda22 ($44 in chips) 
Seat 4: *wh1tewid0w* ($63.10 in chips) 
Seat 5: imadboy11 ($19.25 in chips) 
Seat 6: FrAnWaN ($55.40 in chips) 
Seat 7: thundercop ($53.75 in chips) 
Seat 8: thing93001 ($49.50 in chips) 
Seat 9: Spanische ($90.45 in chips) 
john1226: posts small blind $0.25
Alameda22: posts big blind $0.50
*** HOLE CARDS ***
Dealt to Alameda22 [8d 9s]
*wh1tewid0w*: calls $0.50
imadboy11: folds 
FrAnWaN: folds 
thundercop: folds 
thing93001: folds 
Spanische: folds 
Free-Cash-PS: folds 
john1226: folds 
Alameda22: checks 
*** FLOP *** [5d 8c 3c]
Alameda22: checks 
*wh1tewid0w*: bets $0.50
Alameda22: calls $0.50
*** TURN *** [5d 8c 3c] [Ah]
Alameda22: checks 
*wh1tewid0w*: bets $1.50
Alameda22: folds 
Uncalled bet ($1.50) returned to *wh1tewid0w*
*wh1tewid0w* collected $2.15 from pot
*wh1tewid0w*: doesn't show hand 
*** SUMMARY ***
Total pot $2.25 | Rake $0.10 
Board [5d 8c 3c Ah]
Seat 1: Free-Cash-PS (button) folded before Flop (didn't bet)
Seat 2: john1226 (small blind) folded before Flop
Seat 3: Alameda22 (big blind) folded on the Turn
Seat 4: *wh1tewid0w* collected ($2.15)
Seat 5: imadboy11 folded before Flop (didn't bet)
Seat 6: FrAnWaN folded before Flop (didn't bet)
Seat 7: thundercop folded before Flop (didn't bet)
Seat 8: thing93001 folded before Flop (didn't bet)
Seat 9: Spanische folded before Flop (didn't bet)



PokerStars Game #20153303610:  Hold'em No Limit ($0.25/$0.50) - 2008/09/04 21:35:35 ET
Table 'Gase III' 9-max Seat #2 is the button
Seat 1: Free-Cash-PS ($49.25 in chips) 
Seat 2: john1226 ($50.40 in chips) 
Seat 3: Alameda22 ($43 in chips) 
Seat 4: *wh1tewid0w* ($64.25 in chips) 
Seat 5: imadboy11 ($19.25 in chips) 
Seat 6: FrAnWaN ($55.40 in chips) 
Seat 7: thundercop ($53.75 in chips) 
Seat 8: thing93001 ($49.50 in chips) 
Seat 9: Spanische ($90.45 in chips) 
Alameda22: posts small blind $0.25
*wh1tewid0w*: posts big blind $0.50
*** HOLE CARDS ***
Dealt to Alameda22 [Qd 3c]
imadboy11: folds 
FrAnWaN: folds 
thundercop: folds 
thing93001: folds 
Spanische: folds 
Free-Cash-PS: folds 
john1226: folds 
Alameda22: folds 
Uncalled bet ($0.25) returned to *wh1tewid0w*
*wh1tewid0w* collected $0.50 from pot
*wh1tewid0w*: doesn't show hand 
*** SUMMARY ***
Total pot $0.50 | Rake $0 
Seat 1: Free-Cash-PS folded before Flop (didn't bet)
Seat 2: john1226 (button) folded before Flop (didn't bet)
Seat 3: Alameda22 (small blind) folded before Flop
Seat 4: *wh1tewid0w* (big blind) collected ($0.50)
Seat 5: imadboy11 folded before Flop (didn't bet)
Seat 6: FrAnWaN folded before Flop (didn't bet)
Seat 7: thundercop folded before Flop (didn't bet)
Seat 8: thing93001 folded before Flop (didn't bet)
Seat 9: Spanische folded before Flop (didn't bet)



PokerStars Game #20153327825:  Hold'em No Limit ($0.25/$0.50) - 2008/09/04 21:36:42 ET
Table 'Gase III' 9-max Seat #3 is the button
Seat 1: Free-Cash-PS ($49.25 in chips) 
Seat 2: john1226 ($50.40 in chips) 
Seat 3: Alameda22 ($50 in chips) 
Seat 4: *wh1tewid0w* ($64.50 in chips) 
Seat 5: imadboy11 ($19.25 in chips) 
Seat 6: FrAnWaN ($55.40 in chips) 
Seat 7: thundercop ($53.75 in chips) 
Seat 8: thing93001 ($49.50 in chips) 
Seat 9: Spanische ($90.45 in chips) 
*wh1tewid0w*: posts small blind $0.25
imadboy11: posts big blind $0.50
*** HOLE CARDS ***
Dealt to Alameda22 [7d Ad]
FrAnWaN: folds 
thundercop: folds 
thing93001: folds 
Spanische: raises $1 to $1.50
Free-Cash-PS: folds 
john1226: folds 
Alameda22: folds 
*wh1tewid0w*: folds 
imadboy11: folds 
Uncalled bet ($1) returned to Spanische
Spanische collected $1.25 from pot
Spanische: doesn't show hand 
*** SUMMARY ***
Total pot $1.25 | Rake $0 
Seat 1: Free-Cash-PS folded before Flop (didn't bet)
Seat 2: john1226 folded before Flop (didn't bet)
Seat 3: Alameda22 (button) folded before Flop (didn't bet)
Seat 4: *wh1tewid0w* (small blind) folded before Flop
Seat 5: imadboy11 (big blind) folded before Flop
Seat 6: FrAnWaN folded before Flop (didn't bet)
Seat 7: thundercop folded before Flop (didn't bet)
Seat 8: thing93001 folded before Flop (didn't bet)
Seat 9: Spanische collected ($1.25)



PokerStars Game #20153350949:  Hold'em No Limit ($0.25/$0.50) - 2008/09/04 21:37:46 ET
Table 'Gase III' 9-max Seat #4 is the button
Seat 1: Free-Cash-PS ($49.25 in chips) 
Seat 2: john1226 ($50.40 in chips) 
Seat 3: Alameda22 ($50 in chips) 
Seat 4: *wh1tewid0w* ($64.25 in chips) 
Seat 5: imadboy11 ($18.75 in chips) 
Seat 6: FrAnWaN ($55.40 in chips) 
Seat 7: thundercop ($53.75 in chips) 
Seat 8: thing93001 ($49.50 in chips) 
Seat 9: Spanische ($91.20 in chips) 
imadboy11: posts small blind $0.25
FrAnWaN: posts big blind $0.50
*** HOLE CARDS ***
Dealt to Alameda22 [Qd Ah]
thundercop: raises $1.50 to $2
thing93001: folds 
Spanische: folds 
Free-Cash-PS: folds 
john1226: folds 
Alameda22: folds 
*wh1tewid0w*: folds 
imadboy11: calls $1.75
FrAnWaN: folds 
*** FLOP *** [Qs 2c 5c]
imadboy11: bets $2
thundercop: calls $2
*** TURN *** [Qs 2c 5c] [7d]
imadboy11: checks 
thundercop: bets $5
imadboy11: folds 
Uncalled bet ($5) returned to thundercop
thundercop collected $8.10 from pot
thundercop: doesn't show hand 
*** SUMMARY ***
Total pot $8.50 | Rake $0.40 
Board [Qs 2c 5c 7d]
Seat 1: Free-Cash-PS folded before Flop (didn't bet)
Seat 2: john1226 folded before Flop (didn't bet)
Seat 3: Alameda22 folded before Flop (didn't bet)
Seat 4: *wh1tewid0w* (button) folded before Flop (didn't bet)
Seat 5: imadboy11 (small blind) folded on the Turn
Seat 6: FrAnWaN (big blind) folded before Flop
Seat 7: thundercop collected ($8.10)
Seat 8: thing93001 folded before Flop (didn't bet)
Seat 9: Spanische folded before Flop (didn't bet)



PokerStars Game #20153384982:  Hold'em No Limit ($0.25/$0.50) - 2008/09/04 21:39:20 ET
Table 'Gase III' 9-max Seat #5 is the button
Seat 1: Free-Cash-PS ($49.25 in chips) 
Seat 2: john1226 ($50.40 in chips) 
Seat 3: Alameda22 ($50 in chips) 
Seat 4: *wh1tewid0w* ($64.25 in chips) 
Seat 5: imadboy11 ($14.75 in chips) 
Seat 6: FrAnWaN ($54.90 in chips) 
Seat 7: thundercop ($57.85 in chips) 
Seat 8: thing93001 ($49.50 in chips) 
Seat 9: Spanische ($91.20 in chips) 
FrAnWaN: posts small blind $0.25
thundercop: posts big blind $0.50
*** HOLE CARDS ***
Dealt to Alameda22 [Qd Ts]
thing93001: folds 
Spanische: folds 
Free-Cash-PS: raises $0.75 to $1.25
john1226: folds 
Alameda22: folds 
*wh1tewid0w*: folds 
imadboy11: folds 
FrAnWaN: folds 
thundercop: folds 
Uncalled bet ($0.75) returned to Free-Cash-PS
Free-Cash-PS collected $1.25 from pot
Free-Cash-PS: doesn't show hand 
*** SUMMARY ***
Total pot $1.25 | Rake $0 
Seat 1: Free-Cash-PS collected ($1.25)
Seat 2: john1226 folded before Flop (didn't bet)
Seat 3: Alameda22 folded before Flop (didn't bet)
Seat 4: *wh1tewid0w* folded before Flop (didn't bet)
Seat 5: imadboy11 (button) folded before Flop (didn't bet)
Seat 6: FrAnWaN (small blind) folded before Flop
Seat 7: thundercop (big blind) folded before Flop
Seat 8: thing93001 folded before Flop (didn't bet)
Seat 9: Spanische folded before Flop (didn't bet)



PokerStars Game #20153406037:  Hold'em No Limit ($0.25/$0.50) - 2008/09/04 21:40:19 ET
Table 'Gase III' 9-max Seat #6 is the button
Seat 1: Free-Cash-PS ($50 in chips) 
Seat 2: john1226 ($50.40 in chips) 
Seat 3: Alameda22 ($50 in chips) 
Seat 4: *wh1tewid0w* ($64.25 in chips) 
Seat 5: imadboy11 ($14.75 in chips) 
Seat 6: FrAnWaN ($54.65 in chips) 
Seat 7: thundercop ($57.35 in chips) 
Seat 8: thing93001 ($49.50 in chips) 
Seat 9: Spanische ($91.20 in chips) 
thundercop: posts small blind $0.25
thing93001: posts big blind $0.50
*** HOLE CARDS ***
Dealt to Alameda22 [Ks 5c]
Spanische: folds 
Free-Cash-PS: folds 
john1226: folds 
Alameda22: folds 
*wh1tewid0w*: folds 
imadboy11: folds 
FrAnWaN: raises $1.50 to $2
thundercop: raises $4 to $6
thing93001: folds 
FrAnWaN: calls $4
*** FLOP *** [Kh 7s 2s]
thundercop: bets $7
FrAnWaN: folds 
Uncalled bet ($7) returned to thundercop
thundercop collected $11.90 from pot
thundercop: doesn't show hand 
*** SUMMARY ***
Total pot $12.50 | Rake $0.60 
Board [Kh 7s 2s]
Seat 1: Free-Cash-PS folded before Flop (didn't bet)
Seat 2: john1226 folded before Flop (didn't bet)
Seat 3: Alameda22 folded before Flop (didn't bet)
Seat 4: *wh1tewid0w* folded before Flop (didn't bet)
Seat 5: imadboy11 folded before Flop (didn't bet)
Seat 6: FrAnWaN (button) folded on the Flop
Seat 7: thundercop (small blind) collected ($11.90)
Seat 8: thing93001 (big blind) folded before Flop
Seat 9: Spanische folded before Flop (didn't bet)



PokerStars Game #20153441109:  Hold'em No Limit ($0.25/$0.50) - 2008/09/04 21:41:53 ET
Table 'Gase III' 9-max Seat #7 is the button
Seat 1: Free-Cash-PS ($50 in chips) 
Seat 2: john1226 ($50.40 in chips) 
Seat 3: Alameda22 ($50 in chips) 
Seat 4: *wh1tewid0w* ($64.25 in chips) 
Seat 5: imadboy11 ($14.75 in chips) 
Seat 6: FrAnWaN ($50 in chips) 
Seat 7: thundercop ($63.25 in chips) 
Seat 8: thing93001 ($49 in chips) 
Seat 9: Spanische ($91.20 in chips) 
thing93001: posts small blind $0.25
Spanische: posts big blind $0.50
*** HOLE CARDS ***
Dealt to Alameda22 [9c 2d]
Free-Cash-PS: raises $0.75 to $1.25
john1226: folds 
Alameda22: folds 
*wh1tewid0w*: folds 
imadboy11: folds 
FrAnWaN: folds 
thundercop: folds 
thing93001: folds 
Spanische: folds 
Uncalled bet ($0.75) returned to Free-Cash-PS
Free-Cash-PS collected $1.25 from pot
Free-Cash-PS: doesn't show hand 
*** SUMMARY ***
Total pot $1.25 | Rake $0 
Seat 1: Free-Cash-PS collected ($1.25)
Seat 2: john1226 folded before Flop (didn't bet)
Seat 3: Alameda22 folded before Flop (didn't bet)
Seat 4: *wh1tewid0w* folded before Flop (didn't bet)
Seat 5: imadboy11 folded before Flop (didn't bet)
Seat 6: FrAnWaN folded before Flop (didn't bet)
Seat 7: thundercop (button) folded before Flop (didn't bet)
Seat 8: thing93001 (small blind) folded before Flop
Seat 9: Spanische (big blind) folded before Flop



PokerStars Game #20153459502:  Hold'em No Limit ($0.25/$0.50) - 2008/09/04 21:42:42 ET
Table 'Gase III' 9-max Seat #8 is the button
Seat 1: Free-Cash-PS ($50.75 in chips) 
Seat 2: john1226 ($50.40 in chips) 
Seat 3: Alameda22 ($50 in chips) 
Seat 4: *wh1tewid0w* ($64.25 in chips) 
Seat 5: imadboy11 ($14.75 in chips) 
Seat 6: FrAnWaN ($50 in chips) 
Seat 7: thundercop ($63.25 in chips) 
Seat 8: thing93001 ($50 in chips) 
Seat 9: Spanische ($90.70 in chips) 
Spanische: posts small blind $0.25
Free-Cash-PS: posts big blind $0.50
*** HOLE CARDS ***
Dealt to Alameda22 [Tc 4s]
john1226: folds 
Alameda22: folds 
*wh1tewid0w*: folds 
imadboy11: folds 
FrAnWaN: raises $1.50 to $2
thundercop: folds 
thing93001: folds 
Spanische: folds 
Free-Cash-PS: calls $1.50
*** FLOP *** [6c 6s 2c]
Free-Cash-PS: checks 
FrAnWaN: bets $3
Free-Cash-PS: calls $3
*** TURN *** [6c 6s 2c] [8s]
Free-Cash-PS: bets $5
FrAnWaN: folds 
Uncalled bet ($5) returned to Free-Cash-PS
Free-Cash-PS collected $9.75 from pot
Free-Cash-PS: doesn't show hand 
*** SUMMARY ***
Total pot $10.25 | Rake $0.50 
Board [6c 6s 2c 8s]
Seat 1: Free-Cash-PS (big blind) collected ($9.75)
Seat 2: john1226 folded before Flop (didn't bet)
Seat 3: Alameda22 folded before Flop (didn't bet)
Seat 4: *wh1tewid0w* folded before Flop (didn't bet)
Seat 5: imadboy11 folded before Flop (didn't bet)
Seat 6: FrAnWaN folded on the Turn
Seat 7: thundercop folded before Flop (didn't bet)
Seat 8: thing93001 (button) folded before Flop (didn't bet)
Seat 9: Spanische (small blind) folded before Flop



PokerStars Game #20153502993:  Hold'em No Limit ($0.25/$0.50) - 2008/09/04 21:44:40 ET
Table 'Gase III' 9-max Seat #9 is the button
Seat 1: Free-Cash-PS ($55.50 in chips) 
Seat 2: john1226 ($50.40 in chips) 
Seat 3: Alameda22 ($50 in chips) 
Seat 4: *wh1tewid0w* ($64.25 in chips) 
Seat 5: imadboy11 ($14.75 in chips) 
Seat 6: FrAnWaN ($50 in chips) 
Seat 7: thundercop ($63.25 in chips) 
Seat 8: thing93001 ($50 in chips) 
Seat 9: Spanische ($90.45 in chips) 
Free-Cash-PS: posts small blind $0.25
john1226: posts big blind $0.50
*** HOLE CARDS ***
Dealt to Alameda22 [2c 7h]
Alameda22: folds 
*wh1tewid0w*: folds 
imadboy11: folds 
FrAnWaN: folds 
thundercop: folds 
thing93001: folds 
Spanische: raises $1 to $1.50
Free-Cash-PS: folds 
john1226: folds 
Uncalled bet ($1) returned to Spanische
Spanische collected $1.25 from pot
*** SUMMARY ***
Total pot $1.25 | Rake $0 
Seat 1: Free-Cash-PS (small blind) folded before Flop
Seat 2: john1226 (big blind) folded before Flop
Seat 3: Alameda22 folded before Flop (didn't bet)
Seat 4: *wh1tewid0w* folded before Flop (didn't bet)
Seat 5: imadboy11 folded before Flop (didn't bet)
Seat 6: FrAnWaN folded before Flop (didn't bet)
Seat 7: thundercop folded before Flop (didn't bet)
Seat 8: thing93001 folded before Flop (didn't bet)
Seat 9: Spanische (button) collected ($1.25)



PokerStars Game #20153515226:  Hold'em No Limit ($0.25/$0.50) - 2008/09/04 21:45:14 ET
Table 'Gase III' 9-max Seat #1 is the button
Seat 1: Free-Cash-PS ($55.25 in chips) 
Seat 2: john1226 ($49.90 in chips) 
Seat 3: Alameda22 ($50 in chips) 
Seat 4: *wh1tewid0w* ($64.25 in chips) 
Seat 5: imadboy11 ($14.75 in chips) 
Seat 6: FrAnWaN ($50 in chips) 
Seat 7: thundercop ($63.25 in chips) 
Seat 8: thing93001 ($50 in chips) 
Seat 9: Spanische ($91.20 in chips) 
john1226: posts small blind $0.25
Alameda22: posts big blind $0.50
*** HOLE CARDS ***
Dealt to Alameda22 [Kc Qd]
*wh1tewid0w*: calls $0.50
imadboy11: calls $0.50
FrAnWaN: folds 
thundercop: folds 
thing93001: folds 
Spanische: calls $0.50
Free-Cash-PS: calls $0.50
john1226: calls $0.25
Alameda22: checks 
*** FLOP *** [8s Kh 3c]
john1226: checks 
Alameda22: bets $2
*wh1tewid0w*: folds 
imadboy11: calls $2
Spanische: folds 
Free-Cash-PS: folds 
john1226: folds 
*** TURN *** [8s Kh 3c] [6d]
Alameda22: checks 
imadboy11: bets $2
Alameda22: calls $2
*** RIVER *** [8s Kh 3c 6d] [2d]
Alameda22: checks 
imadboy11: checks 
*** SHOW DOWN ***
Alameda22: shows [Kc Qd] (a pair of Kings)
imadboy11: mucks hand 
Alameda22 collected $10.50 from pot
*** SUMMARY ***
Total pot $11 | Rake $0.50 
Board [8s Kh 3c 6d 2d]
Seat 1: Free-Cash-PS (button) folded on the Flop
Seat 2: john1226 (small blind) folded on the Flop
Seat 3: Alameda22 (big blind) showed [Kc Qd] and won ($10.50) with a pair of Kings
Seat 4: *wh1tewid0w* folded on the Flop
Seat 5: imadboy11 mucked [7s Ks]
Seat 6: FrAnWaN folded before Flop (didn't bet)
Seat 7: thundercop folded before Flop (didn't bet)
Seat 8: thing93001 folded before Flop (didn't bet)
Seat 9: Spanische folded on the Flop



PokerStars Game #20153574322:  Hold'em No Limit ($0.25/$0.50) - 2008/09/04 21:47:54 ET
Table 'Gase III' 9-max Seat #2 is the button
Seat 1: Free-Cash-PS ($54.75 in chips) 
Seat 2: john1226 ($49.40 in chips) 
Seat 3: Alameda22 ($56 in chips) 
Seat 4: *wh1tewid0w* ($63.75 in chips) 
Seat 5: imadboy11 ($10.25 in chips) 
Seat 6: FrAnWaN ($50 in chips) 
Seat 7: thundercop ($63.25 in chips) 
Seat 8: thing93001 ($50 in chips) 
Seat 9: Spanische ($90.70 in chips) 
Alameda22: posts small blind $0.25
*wh1tewid0w*: posts big blind $0.50
*** HOLE CARDS ***
Dealt to Alameda22 [5s 3s]
imadboy11: folds 
FrAnWaN: folds 
thundercop: folds 
thing93001: folds 
Spanische: folds 
Free-Cash-PS: raises $0.75 to $1.25
john1226: folds 
Alameda22: folds 
*wh1tewid0w*: calls $0.75
*** FLOP *** [7s 7h Jh]
*wh1tewid0w*: checks 
Free-Cash-PS: bets $1.50
*wh1tewid0w*: raises $1.50 to $3
Free-Cash-PS: calls $1.50
*** TURN *** [7s 7h Jh] [Qh]
*wh1tewid0w*: bets $5
Free-Cash-PS: folds 
Uncalled bet ($5) returned to *wh1tewid0w*
*wh1tewid0w* collected $8.35 from pot
*wh1tewid0w*: doesn't show hand 
*** SUMMARY ***
Total pot $8.75 | Rake $0.40 
Board [7s 7h Jh Qh]
Seat 1: Free-Cash-PS folded on the Turn
Seat 2: john1226 (button) folded before Flop (didn't bet)
Seat 3: Alameda22 (small blind) folded before Flop
Seat 4: *wh1tewid0w* (big blind) collected ($8.35)
Seat 5: imadboy11 folded before Flop (didn't bet)
Seat 6: FrAnWaN folded before Flop (didn't bet)
Seat 7: thundercop folded before Flop (didn't bet)
Seat 8: thing93001 folded before Flop (didn't bet)
Seat 9: Spanische folded before Flop (didn't bet)



PokerStars Game #20153630406:  Hold'em No Limit ($0.25/$0.50) - 2008/09/04 21:50:26 ET
Table 'Gase III' 9-max Seat #3 is the button
Seat 1: Free-Cash-PS ($50.50 in chips) 
Seat 2: john1226 ($49.40 in chips) 
Seat 3: Alameda22 ($55.75 in chips) 
Seat 4: *wh1tewid0w* ($67.85 in chips) 
Seat 5: imadboy11 ($10.25 in chips) 
Seat 6: FrAnWaN ($50 in chips) 
Seat 7: thundercop ($63.25 in chips) 
Seat 8: thing93001 ($50 in chips) 
Seat 9: Spanische ($90.70 in chips) 
*wh1tewid0w*: posts small blind $0.25
imadboy11: posts big blind $0.50
*** HOLE CARDS ***
Dealt to Alameda22 [Qc 6s]
FrAnWaN: folds 
thundercop: folds 
thing93001: folds 
Spanische: raises $1 to $1.50
Free-Cash-PS: calls $1.50
john1226: folds 
Alameda22: folds 
*wh1tewid0w*: folds 
imadboy11: folds 
*** FLOP *** [4h 4s Td]
imadboy11 leaves the table
Spanische: bets $2.50
cjones10hof joins the table at seat #5 
Free-Cash-PS: folds 
Uncalled bet ($2.50) returned to Spanische
Spanische collected $3.60 from pot
*** SUMMARY ***
Total pot $3.75 | Rake $0.15 
Board [4h 4s Td]
Seat 1: Free-Cash-PS folded on the Flop
Seat 2: john1226 folded before Flop (didn't bet)
Seat 3: Alameda22 (button) folded before Flop (didn't bet)
Seat 4: *wh1tewid0w* (small blind) folded before Flop
Seat 5: imadboy11 (big blind) folded before Flop
Seat 6: FrAnWaN folded before Flop (didn't bet)
Seat 7: thundercop folded before Flop (didn't bet)
Seat 8: thing93001 folded before Flop (didn't bet)
Seat 9: Spanische collected ($3.60)



PokerStars Game #20153673100:  Hold'em No Limit ($0.25/$0.50) - 2008/09/04 21:52:24 ET
Table 'Gase III' 9-max Seat #4 is the button
Seat 1: Free-Cash-PS ($49 in chips) 
Seat 2: john1226 ($49.40 in chips) 
Seat 3: Alameda22 ($55.75 in chips) 
Seat 4: *wh1tewid0w* ($67.60 in chips) 
Seat 6: FrAnWaN ($50 in chips) 
Seat 7: thundercop ($63.25 in chips) 
Seat 8: thing93001 ($50 in chips) 
Seat 9: Spanische ($92.80 in chips) 
cjones10hof will be allowed to play after the button
FrAnWaN: posts small blind $0.25
thundercop: posts big blind $0.50
*** HOLE CARDS ***
Dealt to Alameda22 [Qd 7h]
thing93001: folds 
Spanische: folds 
Free-Cash-PS: folds 
john1226: folds 
Alameda22: folds 
*wh1tewid0w*: folds 
FrAnWaN: folds 
Uncalled bet ($0.25) returned to thundercop
thundercop collected $0.50 from pot
thundercop: doesn't show hand 
*** SUMMARY ***
Total pot $0.50 | Rake $0 
Seat 1: Free-Cash-PS folded before Flop (didn't bet)
Seat 2: john1226 folded before Flop (didn't bet)
Seat 3: Alameda22 folded before Flop (didn't bet)
Seat 4: *wh1tewid0w* (button) folded before Flop (didn't bet)
Seat 6: FrAnWaN (small blind) folded before Flop
Seat 7: thundercop (big blind) collected ($0.50)
Seat 8: thing93001 folded before Flop (didn't bet)
Seat 9: Spanische folded before Flop (didn't bet)



PokerStars Game #20153690706:  Hold'em No Limit ($0.25/$0.50) - 2008/09/04 21:53:12 ET
Table 'Gase III' 9-max Seat #6 is the button
Seat 1: Free-Cash-PS ($49 in chips) 
Seat 2: john1226 ($49.40 in chips) 
Seat 3: Alameda22 ($55.75 in chips) 
Seat 4: *wh1tewid0w* ($67.60 in chips) 
Seat 5: cjones10hof ($25 in chips) 
Seat 6: FrAnWaN ($49.75 in chips) 
Seat 7: thundercop ($63.50 in chips) 
Seat 8: thing93001 ($50 in chips) 
Seat 9: Spanische ($92.80 in chips) 
thundercop: posts small blind $0.25
thing93001: posts big blind $0.50
cjones10hof: posts big blind $0.50
*** HOLE CARDS ***
Dealt to Alameda22 [Kd 6c]
Spanische: raises $2 to $2.50
Free-Cash-PS: folds 
john1226: folds 
Alameda22: folds 
*wh1tewid0w*: folds 
cjones10hof: calls $2
FrAnWaN: folds 
thundercop: folds 
thing93001: folds 
*** FLOP *** [5d Ad Qh]
Spanische: bets $2.50
cjones10hof: folds 
Uncalled bet ($2.50) returned to Spanische
Spanische collected $5.50 from pot
*** SUMMARY ***
Total pot $5.75 | Rake $0.25 
Board [5d Ad Qh]
Seat 1: Free-Cash-PS folded before Flop (didn't bet)
Seat 2: john1226 folded before Flop (didn't bet)
Seat 3: Alameda22 folded before Flop (didn't bet)
Seat 4: *wh1tewid0w* folded before Flop (didn't bet)
Seat 5: cjones10hof folded on the Flop
Seat 6: FrAnWaN (button) folded before Flop (didn't bet)
Seat 7: thundercop (small blind) folded before Flop
Seat 8: thing93001 (big blind) folded before Flop
Seat 9: Spanische collected ($5.50)



PokerStars Game #20153716054:  Hold'em No Limit ($0.25/$0.50) - 2008/09/04 21:54:21 ET
Table 'Gase III' 9-max Seat #7 is the button
Seat 1: Free-Cash-PS ($49 in chips) 
Seat 2: john1226 ($49.40 in chips) 
Seat 3: Alameda22 ($55.75 in chips) 
Seat 4: *wh1tewid0w* ($67.60 in chips) 
Seat 5: cjones10hof ($22.50 in chips) 
Seat 6: FrAnWaN ($49.75 in chips) 
Seat 7: thundercop ($63.25 in chips) 
Seat 8: thing93001 ($49.50 in chips) 
Seat 9: Spanische ($95.80 in chips) 
thing93001: posts small blind $0.25
Spanische: posts big blind $0.50
*** HOLE CARDS ***
Dealt to Alameda22 [Ah Qs]
Free-Cash-PS: folds 
john1226: folds 
Alameda22: raises $1.50 to $2
*wh1tewid0w*: folds 
cjones10hof: calls $2
FrAnWaN: folds 
thundercop: folds 
thing93001: folds 
Spanische: folds 
*** FLOP *** [Ac Td 3d]
Alameda22: bets $3
cjones10hof: folds 
Uncalled bet ($3) returned to Alameda22
Alameda22 collected $4.55 from pot
Alameda22: doesn't show hand 
*** SUMMARY ***
Total pot $4.75 | Rake $0.20 
Board [Ac Td 3d]
Seat 1: Free-Cash-PS folded before Flop (didn't bet)
Seat 2: john1226 folded before Flop (didn't bet)
Seat 3: Alameda22 collected ($4.55)
Seat 4: *wh1tewid0w* folded before Flop (didn't bet)
Seat 5: cjones10hof folded on the Flop
Seat 6: FrAnWaN folded before Flop (didn't bet)
Seat 7: thundercop (button) folded before Flop (didn't bet)
Seat 8: thing93001 (small blind) folded before Flop
Seat 9: Spanische (big blind) folded before Flop



PokerStars Game #20153738160:  Hold'em No Limit ($0.25/$0.50) - 2008/09/04 21:55:22 ET
Table 'Gase III' 9-max Seat #8 is the button
Seat 2: john1226 ($49.40 in chips) 
Seat 3: Alameda22 ($58.30 in chips) 
Seat 4: *wh1tewid0w* ($67.60 in chips) 
Seat 5: cjones10hof ($20.50 in chips) 
Seat 6: FrAnWaN ($49.75 in chips) 
Seat 7: thundercop ($63.25 in chips) 
Seat 8: thing93001 ($49.25 in chips) 
Seat 9: Spanische ($95.30 in chips) 
Spanische: posts small blind $0.25
Free-Cash-PS: is sitting out 
john1226: posts big blind $0.50
*** HOLE CARDS ***
Dealt to Alameda22 [4s 7s]
Free-Cash-PS leaves the table
Alameda22: folds 
*wh1tewid0w*: folds 
cjones10hof: calls $0.50
Nuge9 joins the table at seat #1 
FrAnWaN: raises $2 to $2.50
thundercop: folds 
thing93001: folds 
Spanische: folds 
john1226: folds 
cjones10hof: folds 
Uncalled bet ($2) returned to FrAnWaN
FrAnWaN collected $1.75 from pot
FrAnWaN: doesn't show hand 
*** SUMMARY ***
Total pot $1.75 | Rake $0 
Seat 2: john1226 (big blind) folded before Flop
Seat 3: Alameda22 folded before Flop (didn't bet)
Seat 4: *wh1tewid0w* folded before Flop (didn't bet)
Seat 5: cjones10hof folded before Flop
Seat 6: FrAnWaN collected ($1.75)
Seat 7: thundercop folded before Flop (didn't bet)
Seat 8: thing93001 (button) folded before Flop (didn't bet)
Seat 9: Spanische (small blind) folded before Flop



PokerStars Game #20153774150:  Hold'em No Limit ($0.25/$0.50) - 2008/09/04 21:57:01 ET
Table 'Gase III' 9-max Seat #9 is the button
Seat 2: john1226 ($48.90 in chips) 
Seat 3: Alameda22 ($58.30 in chips) 
Seat 4: *wh1tewid0w* ($67.60 in chips) 
Seat 5: cjones10hof ($20 in chips) 
Seat 6: FrAnWaN ($51 in chips) 
Seat 7: thundercop ($63.25 in chips) 
Seat 8: thing93001 ($49.25 in chips) 
Seat 9: Spanische ($95.05 in chips) 
Nuge9 will be allowed to play after the button
john1226: posts small blind $0.25
Alameda22: posts big blind $0.50
*** HOLE CARDS ***
Dealt to Alameda22 [Th 7s]
*wh1tewid0w*: folds 
*wh1tewid0w* leaves the table
cjones10hof: calls $0.50
FrAnWaN: folds 
thundercop: folds 
thing93001: folds 
Spanische: folds 
john1226: folds 
Alameda22: checks 
*** FLOP *** [3d Qh Js]
Alameda22: checks 
cjones10hof: checks 
*** TURN *** [3d Qh Js] [4c]
Alameda22: checks 
cjones10hof: bets $1.50
Alameda22: folds 
Uncalled bet ($1.50) returned to cjones10hof
cjones10hof collected $1.20 from pot
cjones10hof: doesn't show hand 
*** SUMMARY ***
Total pot $1.25 | Rake $0.05 
Board [3d Qh Js 4c]
Seat 2: john1226 (small blind) folded before Flop
Seat 3: Alameda22 (big blind) folded on the Turn
Seat 4: *wh1tewid0w* folded before Flop (didn't bet)
Seat 5: cjones10hof collected ($1.20)
Seat 6: FrAnWaN folded before Flop (didn't bet)
Seat 7: thundercop folded before Flop (didn't bet)
Seat 8: thing93001 folded before Flop (didn't bet)
Seat 9: Spanische (button) folded before Flop (didn't bet)



PokerStars Game #20153802611:  Hold'em No Limit ($0.25/$0.50) - 2008/09/04 21:58:19 ET
Table 'Gase III' 9-max Seat #2 is the button
Seat 1: Nuge9 ($50 in chips) 
Seat 2: john1226 ($48.65 in chips) 
Seat 3: Alameda22 ($57.80 in chips) 
Seat 5: cjones10hof ($20.70 in chips) 
Seat 6: FrAnWaN ($51 in chips) 
Seat 7: thundercop ($63.25 in chips) 
Seat 8: thing93001 ($49.25 in chips) 
Seat 9: Spanische ($95.05 in chips) 
Alameda22: posts small blind $0.25
cjones10hof: posts big blind $0.50
Nuge9: posts big blind $0.50
*** HOLE CARDS ***
Dealt to Alameda22 [4c Qc]
FrAnWaN: folds 
thundercop: folds 
thing93001: folds 
Spanische: folds 
Nuge9: checks 
john1226: folds 
Alameda22: folds 
cjones10hof: checks 
*** FLOP *** [Ks 3s Tc]
cjones10hof: checks 
Nuge9: checks 
*** TURN *** [Ks 3s Tc] [7c]
cjones10hof: checks 
Nuge9: checks 
*** RIVER *** [Ks 3s Tc 7c] [7s]
cjones10hof: checks 
Nuge9: checks 
*** SHOW DOWN ***
cjones10hof: shows [2h Qs] (a pair of Sevens)
Nuge9: mucks hand 
cjones10hof collected $1.20 from pot
*** SUMMARY ***
Total pot $1.25 | Rake $0.05 
Board [Ks 3s Tc 7c 7s]
Seat 1: Nuge9 mucked [Jc 6d]
Seat 2: john1226 (button) folded before Flop (didn't bet)
Seat 3: Alameda22 (small blind) folded before Flop
Seat 5: cjones10hof (big blind) showed [2h Qs] and won ($1.20) with a pair of Sevens
Seat 6: FrAnWaN folded before Flop (didn't bet)
Seat 7: thundercop folded before Flop (didn't bet)
Seat 8: thing93001 folded before Flop (didn't bet)
Seat 9: Spanische folded before Flop (didn't bet)



PokerStars Game #20153840841:  Hold'em No Limit ($0.25/$0.50) - 2008/09/04 22:00:03 ET
Table 'Gase III' 9-max Seat #3 is the button
Seat 1: Nuge9 ($49.50 in chips) 
Seat 2: john1226 ($48.65 in chips) 
Seat 3: Alameda22 ($57.55 in chips) 
Seat 5: cjones10hof ($21.40 in chips) 
Seat 6: FrAnWaN ($51 in chips) 
Seat 7: thundercop ($63.25 in chips) 
Seat 8: thing93001 ($49.25 in chips) 
Seat 9: Spanische ($95.05 in chips) 
cjones10hof: posts small blind $0.25
FrAnWaN: posts big blind $0.50
*** HOLE CARDS ***
Dealt to Alameda22 [7s 6h]
thundercop: folds 
thing93001: folds 
Spanische: folds 
Nuge9: folds 
john1226: folds 
Alameda22: folds 
cjones10hof: folds 
Uncalled bet ($0.25) returned to FrAnWaN
FrAnWaN collected $0.50 from pot
FrAnWaN: doesn't show hand 
*** SUMMARY ***
Total pot $0.50 | Rake $0 
Seat 1: Nuge9 folded before Flop (didn't bet)
Seat 2: john1226 folded before Flop (didn't bet)
Seat 3: Alameda22 (button) folded before Flop (didn't bet)
Seat 5: cjones10hof (small blind) folded before Flop
Seat 6: FrAnWaN (big blind) collected ($0.50)
Seat 7: thundercop folded before Flop (didn't bet)
Seat 8: thing93001 folded before Flop (didn't bet)
Seat 9: Spanische folded before Flop (didn't bet)



PokerStars Game #20153851660:  Hold'em No Limit ($0.25/$0.50) - 2008/09/04 22:00:34 ET
Table 'Gase III' 9-max Seat #5 is the button
Seat 1: Nuge9 ($49.50 in chips) 
Seat 2: john1226 ($48.65 in chips) 
Seat 3: Alameda22 ($57.55 in chips) 
Seat 5: cjones10hof ($21.15 in chips) 
Seat 6: FrAnWaN ($51.25 in chips) 
Seat 7: thundercop ($63.25 in chips) 
Seat 8: thing93001 ($49.25 in chips) 
Seat 9: Spanische ($95.05 in chips) 
FrAnWaN: posts small blind $0.25
thundercop: posts big blind $0.50
*** HOLE CARDS ***
Dealt to Alameda22 [5h 7h]
thing93001: folds 
Spanische: folds 
Nuge9: calls $0.50
john1226: folds 
Alameda22: folds 
cjones10hof: folds 
FrAnWaN: folds 
thundercop: checks 
*** FLOP *** [Js 3s 7s]
thundercop: checks 
Nuge9: bets $0.50
thundercop: folds 
Uncalled bet ($0.50) returned to Nuge9
Nuge9 collected $1.20 from pot
*** SUMMARY ***
Total pot $1.25 | Rake $0.05 
Board [Js 3s 7s]
Seat 1: Nuge9 collected ($1.20)
Seat 2: john1226 folded before Flop (didn't bet)
Seat 3: Alameda22 folded before Flop (didn't bet)
Seat 5: cjones10hof (button) folded before Flop (didn't bet)
Seat 6: FrAnWaN (small blind) folded before Flop
Seat 7: thundercop (big blind) folded on the Flop
Seat 8: thing93001 folded before Flop (didn't bet)
Seat 9: Spanische folded before Flop (didn't bet)



PokerStars Game #20153882780:  Hold'em No Limit ($0.25/$0.50) - 2008/09/04 22:02:00 ET
Table 'Gase III' 9-max Seat #6 is the button
Seat 1: Nuge9 ($50.20 in chips) 
Seat 2: john1226 ($48.65 in chips) 
Seat 3: Alameda22 ($57.55 in chips) 
Seat 5: cjones10hof ($21.15 in chips) 
Seat 6: FrAnWaN ($51 in chips) 
Seat 7: thundercop ($62.75 in chips) 
Seat 8: thing93001 ($49.25 in chips) 
Seat 9: Spanische ($95.05 in chips) 
thundercop: posts small blind $0.25
thing93001: posts big blind $0.50
*** HOLE CARDS ***
Dealt to Alameda22 [Kd 8d]
Spanische: raises $1 to $1.50
Nuge9: calls $1.50
john1226: folds 
Alameda22: folds 
cjones10hof: calls $1.50
FrAnWaN: calls $1.50
thundercop: folds 
thing93001: folds 
*** FLOP *** [6c 9c 6d]
thing93001 is sitting out
Spanische: bets $3.50
thing93001 leaves the table
Nuge9: calls $3.50
cjones10hof is disconnected 
cjones10hof is connected 
cjones10hof: folds 
FrAnWaN: calls $3.50
*** TURN *** [6c 9c 6d] [3c]
Spanische: checks 
Nuge9: checks 
FrAnWaN: bets $12
Spanische: calls $12
Nuge9: calls $12
*** RIVER *** [6c 9c 6d 3c] [7h]
Spanische: checks 
Nuge9: checks 
FrAnWaN: bets $34 and is all-in
Spanische: folds 
Nuge9: calls $33.20 and is all-in
Uncalled bet ($0.80) returned to FrAnWaN
*** SHOW DOWN ***
FrAnWaN: shows [Ac 8c] (a flush, Ace high)
Nuge9: shows [9h 9d] (a full house, Nines full of Sixes)
Nuge9 collected $116.65 from pot
*** SUMMARY ***
Total pot $119.65 | Rake $3 
Board [6c 9c 6d 3c 7h]
Seat 1: Nuge9 showed [9h 9d] and won ($116.65) with a full house, Nines full of Sixes
Seat 2: john1226 folded before Flop (didn't bet)
Seat 3: Alameda22 folded before Flop (didn't bet)
Seat 5: cjones10hof folded on the Flop
Seat 6: FrAnWaN (button) showed [Ac 8c] and lost with a flush, Ace high
Seat 7: thundercop (small blind) folded before Flop
Seat 8: thing93001 (big blind) folded before Flop
Seat 9: Spanische folded on the River



PokerStars Game #20153945269:  Hold'em No Limit ($0.25/$0.50) - 2008/09/04 22:04:54 ET
Table 'Gase III' 9-max Seat #7 is the button
Seat 1: Nuge9 ($116.65 in chips) 
Seat 2: john1226 ($48.65 in chips) 
Seat 3: Alameda22 ($57.55 in chips) 
Seat 5: cjones10hof ($19.65 in chips) 
Seat 6: FrAnWaN ($50 in chips) 
Seat 7: thundercop ($62.50 in chips) 
Seat 9: Spanische ($78.05 in chips) 
Spanische: posts small blind $0.25
Nuge9: posts big blind $0.50
*** HOLE CARDS ***
Dealt to Alameda22 [Ad 3d]
john1226: raises $1.50 to $2
Alameda22: folds 
Spanische said, "KQs"
cjones10hof: calls $2
FrAnWaN: calls $2
cooley7 joins the table at seat #8 
thundercop: folds 
Spanische: folds 
Nuge9: folds 
*** FLOP *** [5c Js Th]
(o) jakk joins the table at seat #4 
john1226: bets $5
cjones10hof: calls $5
FrAnWaN: calls $5
*** TURN *** [5c Js Th] [6h]
john1226: bets $5.50
cjones10hof: calls $5.50
FrAnWaN: raises $18.50 to $24
john1226: folds 
cjones10hof: calls $7.15 and is all-in
Uncalled bet ($11.35) returned to FrAnWaN
*** RIVER *** [5c Js Th 6h] [8d]
*** SHOW DOWN ***
cjones10hof: shows [Qs Kh] (high card King)
FrAnWaN: shows [5d 5h] (three of a kind, Fives)
FrAnWaN collected $50 from pot
*** SUMMARY ***
Total pot $52.55 | Rake $2.55 
Board [5c Js Th 6h 8d]
Seat 1: Nuge9 (big blind) folded before Flop
Seat 2: john1226 folded on the Turn
Seat 3: Alameda22 folded before Flop (didn't bet)
Seat 5: cjones10hof showed [Qs Kh] and lost with high card King
Seat 6: FrAnWaN showed [5d 5h] and won ($50) with three of a kind, Fives
Seat 7: thundercop (button) folded before Flop (didn't bet)
Seat 9: Spanische (small blind) folded before Flop



PokerStars Game #20153997375:  Hold'em No Limit ($0.25/$0.50) - 2008/09/04 22:07:19 ET
Table 'Gase III' 9-max Seat #9 is the button
Seat 1: Nuge9 ($116.15 in chips) 
Seat 2: john1226 ($36.15 in chips) 
Seat 3: Alameda22 ($57.55 in chips) 
Seat 4: (o) jakk ($37.30 in chips) 
Seat 6: FrAnWaN ($80.35 in chips) 
Seat 7: thundercop ($62.50 in chips) 
Seat 8: cooley7 ($29.70 in chips) 
Seat 9: Spanische ($77.80 in chips) 
Nuge9: posts small blind $0.25
john1226: posts big blind $0.50
(o) jakk: posts big blind $0.50
cjones10hof leaves the table
cooley7: posts big blind $0.50
*** HOLE CARDS ***
Dealt to Alameda22 [Ac 3s]
Alameda22: folds 
(o) jakk: checks 
FrAnWaN: folds 
PSinBAMA joins the table at seat #5 
thundercop: folds 
cooley7: checks 
Spanische: folds 
Nuge9: calls $0.25
john1226: checks 
*** FLOP *** [Kh 2c Tc]
Nuge9: bets $2
john1226: calls $2
(o) jakk: raises $5 to $7
cooley7: folds 
Nuge9: folds 
john1226: folds 
Uncalled bet ($5) returned to (o) jakk
(o) jakk collected $7.65 from pot
(o) jakk: doesn't show hand 
*** SUMMARY ***
Total pot $8 | Rake $0.35 
Board [Kh 2c Tc]
Seat 1: Nuge9 (small blind) folded on the Flop
Seat 2: john1226 (big blind) folded on the Flop
Seat 3: Alameda22 folded before Flop (didn't bet)
Seat 4: (o) jakk collected ($7.65)
Seat 6: FrAnWaN folded before Flop (didn't bet)
Seat 7: thundercop folded before Flop (didn't bet)
Seat 8: cooley7 folded on the Flop
Seat 9: Spanische (button) folded before Flop (didn't bet)



PokerStars Game #20154024516:  Hold'em No Limit ($0.25/$0.50) - 2008/09/04 22:08:34 ET
Table 'Gase III' 9-max Seat #1 is the button
Seat 1: Nuge9 ($113.65 in chips) 
Seat 2: john1226 ($50 in chips) 
Seat 3: Alameda22 ($57.55 in chips) 
Seat 4: (o) jakk ($42.45 in chips) 
Seat 5: PSinBAMA ($37 in chips) 
Seat 6: FrAnWaN ($80.35 in chips) 
Seat 7: thundercop ($62.50 in chips) 
Seat 8: cooley7 ($29.20 in chips) 
Seat 9: Spanische ($77.80 in chips) 
john1226: posts small blind $0.25
Alameda22: posts big blind $0.50
PSinBAMA: posts big blind $0.50
*** HOLE CARDS ***
Dealt to Alameda22 [Ts 6d]
(o) jakk: folds 
PSinBAMA: checks 
FrAnWaN: folds 
thundercop has timed out
thundercop: folds 
thundercop is sitting out
cooley7: folds 
Spanische: folds 
Nuge9: raises $1 to $1.50
john1226: folds 
Alameda22: folds 
PSinBAMA: folds 
Uncalled bet ($1) returned to Nuge9
Nuge9 collected $1.75 from pot
Nuge9: shows [7s 7h] (a pair of Sevens)
*** SUMMARY ***
Total pot $1.75 | Rake $0 
Seat 1: Nuge9 (button) collected ($1.75)
Seat 2: john1226 (small blind) folded before Flop
Seat 3: Alameda22 (big blind) folded before Flop
Seat 4: (o) jakk folded before Flop (didn't bet)
Seat 5: PSinBAMA folded before Flop
Seat 6: FrAnWaN folded before Flop (didn't bet)
Seat 7: thundercop folded before Flop (didn't bet)
Seat 8: cooley7 folded before Flop (didn't bet)
Seat 9: Spanische folded before Flop (didn't bet)



PokerStars Game #20154052464:  Hold'em No Limit ($0.25/$0.50) - 2008/09/04 22:09:52 ET
Table 'Gase III' 9-max Seat #2 is the button
Seat 1: Nuge9 ($114.90 in chips) 
Seat 2: john1226 ($49.75 in chips) 
Seat 3: Alameda22 ($57.05 in chips) 
Seat 4: (o) jakk ($42.45 in chips) 
Seat 5: PSinBAMA ($36.50 in chips) 
Seat 6: FrAnWaN ($80.35 in chips) 
Seat 8: cooley7 ($29.20 in chips) 
Seat 9: Spanische ($77.80 in chips) 
Alameda22: posts small blind $0.25
(o) jakk: posts big blind $0.50
*** HOLE CARDS ***
Dealt to Alameda22 [4h 2s]
PSinBAMA said, "AUTO POST DUDE"
PSinBAMA: calls $0.50
FrAnWaN: folds 
cooley7: calls $0.50
Spanische: folds 
Nuge9: folds 
john1226: folds 
Alameda22: folds 
(o) jakk: checks 
*** FLOP *** [9s 9c Jh]
(o) jakk: checks 
PSinBAMA: bets $1.50
cooley7: folds 
(o) jakk: folds 
Uncalled bet ($1.50) returned to PSinBAMA
PSinBAMA collected $1.70 from pot
PSinBAMA: doesn't show hand 
*** SUMMARY ***
Total pot $1.75 | Rake $0.05 
Board [9s 9c Jh]
Seat 1: Nuge9 folded before Flop (didn't bet)
Seat 2: john1226 (button) folded before Flop (didn't bet)
Seat 3: Alameda22 (small blind) folded before Flop
Seat 4: (o) jakk (big blind) folded on the Flop
Seat 5: PSinBAMA collected ($1.70)
Seat 6: FrAnWaN folded before Flop (didn't bet)
Seat 8: cooley7 folded on the Flop
Seat 9: Spanische folded before Flop (didn't bet)



PokerStars Game #20154075660:  Hold'em No Limit ($0.25/$0.50) - 2008/09/04 22:10:57 ET
Table 'Gase III' 9-max Seat #3 is the button
Seat 1: Nuge9 ($114.90 in chips) 
Seat 2: john1226 ($49.75 in chips) 
Seat 3: Alameda22 ($56.80 in chips) 
Seat 4: (o) jakk ($41.95 in chips) 
Seat 5: PSinBAMA ($37.70 in chips) 
Seat 6: FrAnWaN ($80.35 in chips) 
Seat 8: cooley7 ($28.70 in chips) 
Seat 9: Spanische ($77.80 in chips) 
(o) jakk: posts small blind $0.25
PSinBAMA: posts big blind $0.50
*** HOLE CARDS ***
Dealt to Alameda22 [Jh 2h]
FrAnWaN: folds 
cooley7: folds 
Spanische: folds 
Nuge9: calls $0.50
john1226: folds 
Alameda22: folds 
(o) jakk: calls $0.25
PSinBAMA: checks 
*** FLOP *** [4s 7c 2s]
(o) jakk: bets $1
PSinBAMA: calls $1
Nuge9: calls $1
*** TURN *** [4s 7c 2s] [Td]
(o) jakk: bets $1
PSinBAMA: calls $1
Nuge9: calls $1
*** RIVER *** [4s 7c 2s Td] [9h]
(o) jakk: checks 
PSinBAMA: checks 
Nuge9: bets $3
(o) jakk: folds 
PSinBAMA: folds 
Uncalled bet ($3) returned to Nuge9
Nuge9 collected $7.15 from pot
Nuge9: doesn't show hand 
*** SUMMARY ***
Total pot $7.50 | Rake $0.35 
Board [4s 7c 2s Td 9h]
Seat 1: Nuge9 collected ($7.15)
Seat 2: john1226 folded before Flop (didn't bet)
Seat 3: Alameda22 (button) folded before Flop (didn't bet)
Seat 4: (o) jakk (small blind) folded on the River
Seat 5: PSinBAMA (big blind) folded on the River
Seat 6: FrAnWaN folded before Flop (didn't bet)
Seat 8: cooley7 folded before Flop (didn't bet)
Seat 9: Spanische folded before Flop (didn't bet)



PokerStars Game #20154098661:  Hold'em No Limit ($0.25/$0.50) - 2008/09/04 22:12:01 ET
Table 'Gase III' 9-max Seat #4 is the button
Seat 1: Nuge9 ($119.55 in chips) 
Seat 2: john1226 ($49.75 in chips) 
Seat 3: Alameda22 ($56.80 in chips) 
Seat 4: (o) jakk ($39.45 in chips) 
Seat 5: PSinBAMA ($35.20 in chips) 
Seat 6: FrAnWaN ($80.35 in chips) 
Seat 8: cooley7 ($28.70 in chips) 
Seat 9: Spanische ($77.80 in chips) 
PSinBAMA: posts small blind $0.25
FrAnWaN: posts big blind $0.50
*** HOLE CARDS ***
Dealt to Alameda22 [6d 7d]
cooley7: calls $0.50
Spanische: calls $0.50
Nuge9: calls $0.50
john1226: folds 
Alameda22: folds 
(o) jakk: folds 
PSinBAMA: calls $0.25
FrAnWaN: checks 
*** FLOP *** [8s 6h Qd]
PSinBAMA: bets $2.50
FrAnWaN: folds 
cooley7: folds 
Spanische: folds 
Nuge9: folds 
Uncalled bet ($2.50) returned to PSinBAMA
PSinBAMA collected $2.40 from pot
PSinBAMA: doesn't show hand 
*** SUMMARY ***
Total pot $2.50 | Rake $0.10 
Board [8s 6h Qd]
Seat 1: Nuge9 folded on the Flop
Seat 2: john1226 folded before Flop (didn't bet)
Seat 3: Alameda22 folded before Flop (didn't bet)
Seat 4: (o) jakk (button) folded before Flop (didn't bet)
Seat 5: PSinBAMA (small blind) collected ($2.40)
Seat 6: FrAnWaN (big blind) folded on the Flop
Seat 8: cooley7 folded on the Flop
Seat 9: Spanische folded on the Flop



PokerStars Game #20154119712:  Hold'em No Limit ($0.25/$0.50) - 2008/09/04 22:13:00 ET
Table 'Gase III' 9-max Seat #5 is the button
Seat 1: Nuge9 ($119.05 in chips) 
Seat 2: john1226 ($49.75 in chips) 
Seat 3: Alameda22 ($56.80 in chips) 
Seat 4: (o) jakk ($39.45 in chips) 
Seat 5: PSinBAMA ($37.10 in chips) 
Seat 6: FrAnWaN ($79.85 in chips) 
Seat 8: cooley7 ($28.20 in chips) 
Seat 9: Spanische ($77.30 in chips) 
FrAnWaN: posts small blind $0.25
cooley7: posts big blind $0.50
*** HOLE CARDS ***
Dealt to Alameda22 [Qc Th]
Spanische: folds 
thundercop has returned
Nuge9: calls $0.50
john1226: folds 
Alameda22: folds 
(o) jakk: calls $0.50
PSinBAMA: raises $1.50 to $2
FrAnWaN: folds 
cooley7: folds 
Nuge9: calls $1.50
(o) jakk: calls $1.50
*** FLOP *** [Ts 5h 3d]
Nuge9: bets $2
(o) jakk: folds 
PSinBAMA: calls $2
*** TURN *** [Ts 5h 3d] [5s]
Nuge9: bets $1.50
PSinBAMA: calls $1.50
*** RIVER *** [Ts 5h 3d 5s] [4c]
Nuge9: checks 
PSinBAMA: bets $8
Nuge9: calls $8
*** SHOW DOWN ***
PSinBAMA: shows [Ac 2c] (a straight, Ace to Five)
Nuge9: mucks hand 
PSinBAMA collected $28.30 from pot
*** SUMMARY ***
Total pot $29.75 | Rake $1.45 
Board [Ts 5h 3d 5s 4c]
Seat 1: Nuge9 mucked [Tc Jh]
Seat 2: john1226 folded before Flop (didn't bet)
Seat 3: Alameda22 folded before Flop (didn't bet)
Seat 4: (o) jakk folded on the Flop
Seat 5: PSinBAMA (button) showed [Ac 2c] and won ($28.30) with a straight, Ace to Five
Seat 6: FrAnWaN (small blind) folded before Flop
Seat 8: cooley7 (big blind) folded before Flop
Seat 9: Spanische folded before Flop (didn't bet)



PokerStars Game #20154150115:  Hold'em No Limit ($0.25/$0.50) - 2008/09/04 22:14:25 ET
Table 'Gase III' 9-max Seat #6 is the button
Seat 1: Nuge9 ($105.55 in chips) 
Seat 2: john1226 ($49.75 in chips) 
Seat 3: Alameda22 ($56.80 in chips) 
Seat 4: (o) jakk ($37.45 in chips) 
Seat 5: PSinBAMA ($51.90 in chips) 
Seat 6: FrAnWaN ($79.60 in chips) 
Seat 8: cooley7 ($27.70 in chips) 
Seat 9: Spanische ($77.30 in chips) 
thundercop will be allowed to play after the button
cooley7: posts small blind $0.25
Spanische: posts big blind $0.50
*** HOLE CARDS ***
Dealt to Alameda22 [Ad 8h]
Nuge9: folds 
Nuge9 leaves the table
john1226: folds 
Alameda22: folds 
(o) jakk: folds 
PSinBAMA: calls $0.50
FrAnWaN: folds 
cooley7: calls $0.25
Spanische: checks 
*** FLOP *** [Qd 5h 2s]
cooley7: checks 
Spanische: checks 
PSinBAMA: checks 
*** TURN *** [Qd 5h 2s] [9d]
absou1ut joins the table at seat #1 
cooley7: checks 
Spanische: checks 
PSinBAMA: bets $1.50
cooley7: folds 
Spanische: folds 
Uncalled bet ($1.50) returned to PSinBAMA
PSinBAMA collected $1.45 from pot
PSinBAMA: doesn't show hand 
*** SUMMARY ***
Total pot $1.50 | Rake $0.05 
Board [Qd 5h 2s 9d]
Seat 1: Nuge9 folded before Flop (didn't bet)
Seat 2: john1226 folded before Flop (didn't bet)
Seat 3: Alameda22 folded before Flop (didn't bet)
Seat 4: (o) jakk folded before Flop (didn't bet)
Seat 5: PSinBAMA collected ($1.45)
Seat 6: FrAnWaN (button) folded before Flop (didn't bet)
Seat 8: cooley7 (small blind) folded on the Turn
Seat 9: Spanische (big blind) folded on the Turn



PokerStars Game #20154169756:  Hold'em No Limit ($0.25/$0.50) - 2008/09/04 22:15:20 ET
Table 'Gase III' 9-max Seat #8 is the button
Seat 1: absou1ut ($50 in chips) 
Seat 2: john1226 ($49.75 in chips) 
Seat 3: Alameda22 ($56.80 in chips) 
Seat 4: (o) jakk ($37.45 in chips) 
Seat 5: PSinBAMA ($52.85 in chips) 
Seat 6: FrAnWaN ($79.60 in chips) 
Seat 8: cooley7 ($27.20 in chips) 
Seat 9: Spanische ($76.80 in chips) 
Spanische: posts small blind $0.25
absou1ut: posts big blind $0.50
thundercop: sits out 
*** HOLE CARDS ***
Dealt to Alameda22 [7h Jh]
john1226: folds 
Alameda22: folds 
(o) jakk: folds 
PSinBAMA: raises $1.50 to $2
FrAnWaN: folds 
cooley7: folds 
Spanische: folds 
absou1ut: folds 
Uncalled bet ($1.50) returned to PSinBAMA
PSinBAMA collected $1.25 from pot
*** SUMMARY ***
Total pot $1.25 | Rake $0 
Seat 1: absou1ut (big blind) folded before Flop
Seat 2: john1226 folded before Flop (didn't bet)
Seat 3: Alameda22 folded before Flop (didn't bet)
Seat 4: (o) jakk folded before Flop (didn't bet)
Seat 5: PSinBAMA collected ($1.25)
Seat 6: FrAnWaN folded before Flop (didn't bet)
Seat 8: cooley7 (button) folded before Flop (didn't bet)
Seat 9: Spanische (small blind) folded before Flop



PokerStars Game #20154186094:  Hold'em No Limit ($0.25/$0.50) - 2008/09/04 22:16:06 ET
Table 'Gase III' 9-max Seat #9 is the button
Seat 1: absou1ut ($49.50 in chips) 
Seat 2: john1226 ($49.75 in chips) 
Seat 3: Alameda22 ($56.80 in chips) 
Seat 4: (o) jakk ($37.45 in chips) 
Seat 5: PSinBAMA ($53.60 in chips) 
Seat 6: FrAnWaN ($79.60 in chips) 
Seat 8: cooley7 ($27.20 in chips) 
Seat 9: Spanische ($76.55 in chips) 
absou1ut: posts small blind $0.25
john1226: posts big blind $0.50
thundercop: sits out 
*** HOLE CARDS ***
Dealt to Alameda22 [2s 8c]
Alameda22: folds 
(o) jakk: calls $0.50
PSinBAMA: folds 
FrAnWaN: folds 
cooley7: folds 
Spanische: folds 
absou1ut: raises $2.50 to $3
john1226: calls $2.50
(o) jakk: folds 
*** FLOP *** [Kd 6h Qh]
absou1ut: bets $4
john1226: calls $4
*** TURN *** [Kd 6h Qh] [6d]
absou1ut: bets $7
john1226: folds 
Uncalled bet ($7) returned to absou1ut
absou1ut collected $13.80 from pot
absou1ut: doesn't show hand 
*** SUMMARY ***
Total pot $14.50 | Rake $0.70 
Board [Kd 6h Qh 6d]
Seat 1: absou1ut (small blind) collected ($13.80)
Seat 2: john1226 (big blind) folded on the Turn
Seat 3: Alameda22 folded before Flop (didn't bet)
Seat 4: (o) jakk folded before Flop
Seat 5: PSinBAMA folded before Flop (didn't bet)
Seat 6: FrAnWaN folded before Flop (didn't bet)
Seat 8: cooley7 folded before Flop (didn't bet)
Seat 9: Spanische (button) folded before Flop (didn't bet)



PokerStars Game #20154215590:  Hold'em No Limit ($0.25/$0.50) - 2008/09/04 22:17:29 ET
Table 'Gase III' 9-max Seat #1 is the button
Seat 1: absou1ut ($56.30 in chips) 
Seat 2: john1226 ($42.75 in chips) 
Seat 3: Alameda22 ($56.80 in chips) 
Seat 4: (o) jakk ($36.95 in chips) 
Seat 5: PSinBAMA ($53.60 in chips) 
Seat 6: FrAnWaN ($79.60 in chips) 
Seat 8: cooley7 ($27.20 in chips) 
Seat 9: Spanische ($76.55 in chips) 
john1226: posts small blind $0.25
Alameda22: posts big blind $0.50
thundercop: sits out 
*** HOLE CARDS ***
Dealt to Alameda22 [2s Jd]
(o) jakk: calls $0.50
PSinBAMA: folds 
FrAnWaN: folds 
cooley7: folds 
Spanische: folds 
absou1ut: folds 
john1226: folds 
Alameda22: checks 
*** FLOP *** [As 7s 5s]
Alameda22: checks 
(o) jakk: bets $1
Alameda22: folds 
Uncalled bet ($1) returned to (o) jakk
(o) jakk collected $1.20 from pot
(o) jakk: doesn't show hand 
*** SUMMARY ***
Total pot $1.25 | Rake $0.05 
Board [As 7s 5s]
Seat 1: absou1ut (button) folded before Flop (didn't bet)
Seat 2: john1226 (small blind) folded before Flop
Seat 3: Alameda22 (big blind) folded on the Flop
Seat 4: (o) jakk collected ($1.20)
Seat 5: PSinBAMA folded before Flop (didn't bet)
Seat 6: FrAnWaN folded before Flop (didn't bet)
Seat 8: cooley7 folded before Flop (didn't bet)
Seat 9: Spanische folded before Flop (didn't bet)



PokerStars Game #20154239212:  Hold'em No Limit ($0.25/$0.50) - 2008/09/04 22:18:35 ET
Table 'Gase III' 9-max Seat #2 is the button
Seat 1: absou1ut ($56.30 in chips) 
Seat 2: john1226 ($42.50 in chips) 
Seat 3: Alameda22 ($56.30 in chips) 
Seat 4: (o) jakk ($37.65 in chips) 
Seat 5: PSinBAMA ($53.60 in chips) 
Seat 6: FrAnWaN ($79.60 in chips) 
Seat 8: cooley7 ($27.20 in chips) 
Seat 9: Spanische ($76.55 in chips) 
Alameda22: posts small blind $0.25
(o) jakk: posts big blind $0.50
thundercop: sits out 
*** HOLE CARDS ***
Dealt to Alameda22 [9d 5s]
PSinBAMA: raises $1.50 to $2
FrAnWaN: folds 
cooley7: folds 
Spanische: folds 
absou1ut: folds 
john1226: folds 
Alameda22: folds 
(o) jakk: folds 
Uncalled bet ($1.50) returned to PSinBAMA
PSinBAMA collected $1.25 from pot
*** SUMMARY ***
Total pot $1.25 | Rake $0 
Seat 1: absou1ut folded before Flop (didn't bet)
Seat 2: john1226 (button) folded before Flop (didn't bet)
Seat 3: Alameda22 (small blind) folded before Flop
Seat 4: (o) jakk (big blind) folded before Flop
Seat 5: PSinBAMA collected ($1.25)
Seat 6: FrAnWaN folded before Flop (didn't bet)
Seat 8: cooley7 folded before Flop (didn't bet)
Seat 9: Spanische folded before Flop (didn't bet)



PokerStars Game #20154265284:  Hold'em No Limit ($0.25/$0.50) - 2008/09/04 22:19:47 ET
Table 'Gase III' 9-max Seat #3 is the button
Seat 1: absou1ut ($56.30 in chips) 
Seat 2: john1226 ($42.50 in chips) 
Seat 3: Alameda22 ($56.05 in chips) 
Seat 4: (o) jakk ($37.15 in chips) 
Seat 5: PSinBAMA ($54.35 in chips) 
Seat 6: FrAnWaN ($79.60 in chips) 
Seat 8: cooley7 ($27.20 in chips) 
Seat 9: Spanische ($76.55 in chips) 
(o) jakk: posts small blind $0.25
PSinBAMA: posts big blind $0.50
thundercop: sits out 
*** HOLE CARDS ***
Dealt to Alameda22 [9c Tc]
FrAnWaN: folds 
cooley7: calls $0.50
Spanische: folds 
absou1ut: folds 
john1226: folds 
Alameda22: folds 
(o) jakk: calls $0.25
PSinBAMA: checks 
*** FLOP *** [5d Jd 8c]
(o) jakk: bets $1
PSinBAMA: folds 
cooley7: folds 
Uncalled bet ($1) returned to (o) jakk
(o) jakk collected $1.45 from pot
(o) jakk: doesn't show hand 
*** SUMMARY ***
Total pot $1.50 | Rake $0.05 
Board [5d Jd 8c]
Seat 1: absou1ut folded before Flop (didn't bet)
Seat 2: john1226 folded before Flop (didn't bet)
Seat 3: Alameda22 (button) folded before Flop (didn't bet)
Seat 4: (o) jakk (small blind) collected ($1.45)
Seat 5: PSinBAMA (big blind) folded on the Flop
Seat 6: FrAnWaN folded before Flop (didn't bet)
Seat 8: cooley7 folded on the Flop
Seat 9: Spanische folded before Flop (didn't bet)



PokerStars Game #20154285752:  Hold'em No Limit ($0.25/$0.50) - 2008/09/04 22:20:45 ET
Table 'Gase III' 9-max Seat #4 is the button
Seat 1: absou1ut ($56.30 in chips) 
Seat 2: john1226 ($42.50 in chips) 
Seat 3: Alameda22 ($56.05 in chips) 
Seat 4: (o) jakk ($38.10 in chips) 
Seat 5: PSinBAMA ($53.85 in chips) 
Seat 6: FrAnWaN ($79.60 in chips) 
Seat 8: cooley7 ($26.70 in chips) 
Seat 9: Spanische ($76.55 in chips) 
PSinBAMA: posts small blind $0.25
FrAnWaN: posts big blind $0.50
thundercop: sits out 
*** HOLE CARDS ***
Dealt to Alameda22 [Kd Qs]
cooley7: folds 
Spanische: folds 
absou1ut: folds 
john1226: folds 
Alameda22: folds 
(o) jakk: raises $1 to $1.50
PSinBAMA: folds 
FrAnWaN: folds 
Uncalled bet ($1) returned to (o) jakk
(o) jakk collected $1.25 from pot
(o) jakk: doesn't show hand 
*** SUMMARY ***
Total pot $1.25 | Rake $0 
Seat 1: absou1ut folded before Flop (didn't bet)
Seat 2: john1226 folded before Flop (didn't bet)
Seat 3: Alameda22 folded before Flop (didn't bet)
Seat 4: (o) jakk (button) collected ($1.25)
Seat 5: PSinBAMA (small blind) folded before Flop
Seat 6: FrAnWaN (big blind) folded before Flop
Seat 8: cooley7 folded before Flop (didn't bet)
Seat 9: Spanische folded before Flop (didn't bet)



PokerStars Game #20154308461:  Hold'em No Limit ($0.25/$0.50) - 2008/09/04 22:21:48 ET
Table 'Gase III' 9-max Seat #5 is the button
Seat 1: absou1ut ($56.30 in chips) 
Seat 2: john1226 ($42.50 in chips) 
Seat 3: Alameda22 ($56.05 in chips) 
Seat 4: (o) jakk ($38.85 in chips) 
Seat 5: PSinBAMA ($53.60 in chips) 
Seat 6: FrAnWaN ($79.10 in chips) 
Seat 7: thundercop ($62.50 in chips) 
Seat 8: cooley7 ($26.70 in chips) 
Seat 9: Spanische ($76.55 in chips) 
FrAnWaN: posts small blind $0.25
thundercop: posts big blind $0.50
*** HOLE CARDS ***
Dealt to Alameda22 [3s Ah]
cooley7: folds 
Spanische: folds 
absou1ut: folds 
john1226: raises $1.50 to $2
Alameda22: folds 
(o) jakk: folds 
PSinBAMA: calls $2
FrAnWaN: folds 
thundercop: folds 
*** FLOP *** [5h 5d 2c]
john1226: bets $2
PSinBAMA: folds 
Uncalled bet ($2) returned to john1226
john1226 collected $4.55 from pot
john1226: doesn't show hand 
*** SUMMARY ***
Total pot $4.75 | Rake $0.20 
Board [5h 5d 2c]
Seat 1: absou1ut folded before Flop (didn't bet)
Seat 2: john1226 collected ($4.55)
Seat 3: Alameda22 folded before Flop (didn't bet)
Seat 4: (o) jakk folded before Flop (didn't bet)
Seat 5: PSinBAMA (button) folded on the Flop
Seat 6: FrAnWaN (small blind) folded before Flop
Seat 7: thundercop (big blind) folded before Flop
Seat 8: cooley7 folded before Flop (didn't bet)
Seat 9: Spanische folded before Flop (didn't bet)



PokerStars Game #20154322735:  Hold'em No Limit ($0.25/$0.50) - 2008/09/04 22:22:28 ET
Table 'Gase III' 9-max Seat #6 is the button
Seat 1: absou1ut ($56.30 in chips) 
Seat 2: john1226 ($45.05 in chips) 
Seat 3: Alameda22 ($56.05 in chips) 
Seat 4: (o) jakk ($38.85 in chips) 
Seat 5: PSinBAMA ($51.60 in chips) 
Seat 6: FrAnWaN ($78.85 in chips) 
Seat 7: thundercop ($62 in chips) 
Seat 8: cooley7 ($26.70 in chips) 
Seat 9: Spanische ($76.55 in chips) 
thundercop: posts small blind $0.25
cooley7: posts big blind $0.50
*** HOLE CARDS ***
Dealt to Alameda22 [Th 5s]
Spanische: folds 
absou1ut: folds 
john1226: folds 
Alameda22: folds 
(o) jakk: calls $0.50
PSinBAMA: calls $0.50
FrAnWaN: calls $0.50
thundercop: folds 
cooley7: checks 
*** FLOP *** [6c 7h Jh]
cooley7: checks 
(o) jakk: bets $2.50
PSinBAMA: calls $2.50
FrAnWaN: folds 
cooley7: folds 
*** TURN *** [6c 7h Jh] [3s]
(o) jakk: bets $6
PSinBAMA: folds 
Uncalled bet ($6) returned to (o) jakk
(o) jakk collected $6.90 from pot
(o) jakk: doesn't show hand 
*** SUMMARY ***
Total pot $7.25 | Rake $0.35 
Board [6c 7h Jh 3s]
Seat 1: absou1ut folded before Flop (didn't bet)
Seat 2: john1226 folded before Flop (didn't bet)
Seat 3: Alameda22 folded before Flop (didn't bet)
Seat 4: (o) jakk collected ($6.90)
Seat 5: PSinBAMA folded on the Turn
Seat 6: FrAnWaN (button) folded on the Flop
Seat 7: thundercop (small blind) folded before Flop
Seat 8: cooley7 (big blind) folded on the Flop
Seat 9: Spanische folded before Flop (didn't bet)



PokerStars Game #20154351472:  Hold'em No Limit ($0.25/$0.50) - 2008/09/04 22:23:51 ET
Table 'Gase III' 9-max Seat #7 is the button
Seat 1: absou1ut ($56.30 in chips) 
Seat 2: john1226 ($50 in chips) 
Seat 3: Alameda22 ($56.05 in chips) 
Seat 4: (o) jakk ($42.75 in chips) 
Seat 5: PSinBAMA ($48.60 in chips) 
Seat 6: FrAnWaN ($78.35 in chips) 
Seat 7: thundercop ($61.75 in chips) 
Seat 8: cooley7 ($26.20 in chips) 
Seat 9: Spanische ($76.55 in chips) 
cooley7: posts small blind $0.25
Spanische: posts big blind $0.50
*** HOLE CARDS ***
Dealt to Alameda22 [9c Ah]
absou1ut: folds 
john1226: folds 
Alameda22: folds 
(o) jakk: calls $0.50
PSinBAMA: folds 
FrAnWaN: folds 
thundercop: folds 
cooley7: calls $0.25
Spanische: checks 
*** FLOP *** [Kh 4s Qh]
cooley7: checks 
Spanische: checks 
(o) jakk: checks 
*** TURN *** [Kh 4s Qh] [Ad]
cooley7: checks 
Spanische: checks 
(o) jakk: checks 
*** RIVER *** [Kh 4s Qh Ad] [7c]
cooley7: checks 
Spanische: checks 
(o) jakk: checks 
*** SHOW DOWN ***
cooley7: shows [3s 5s] (high card Ace)
Spanische: shows [4d 6d] (a pair of Fours)
(o) jakk: shows [8h 8d] (a pair of Eights)
(o) jakk collected $1.45 from pot
*** SUMMARY ***
Total pot $1.50 | Rake $0.05 
Board [Kh 4s Qh Ad 7c]
Seat 1: absou1ut folded before Flop (didn't bet)
Seat 2: john1226 folded before Flop (didn't bet)
Seat 3: Alameda22 folded before Flop (didn't bet)
Seat 4: (o) jakk showed [8h 8d] and won ($1.45) with a pair of Eights
Seat 5: PSinBAMA folded before Flop (didn't bet)
Seat 6: FrAnWaN folded before Flop (didn't bet)
Seat 7: thundercop (button) folded before Flop (didn't bet)
Seat 8: cooley7 (small blind) showed [3s 5s] and lost with high card Ace
Seat 9: Spanische (big blind) showed [4d 6d] and lost with a pair of Fours



PokerStars Game #20154376739:  Hold'em No Limit ($0.25/$0.50) - 2008/09/04 22:25:01 ET
Table 'Gase III' 9-max Seat #8 is the button
Seat 1: absou1ut ($56.30 in chips) 
Seat 2: john1226 ($50 in chips) 
Seat 3: Alameda22 ($56.05 in chips) 
Seat 4: (o) jakk ($43.70 in chips) 
Seat 5: PSinBAMA ($48.60 in chips) 
Seat 6: FrAnWaN ($78.35 in chips) 
Seat 7: thundercop ($61.75 in chips) 
Seat 8: cooley7 ($25.70 in chips) 
Seat 9: Spanische ($76.05 in chips) 
Spanische: posts small blind $0.25
absou1ut: posts big blind $0.50
*** HOLE CARDS ***
Dealt to Alameda22 [9c Kh]
john1226: folds 
Alameda22: folds 
(o) jakk: folds 
PSinBAMA: folds 
FrAnWaN: folds 
thundercop: folds 
cooley7: folds 
Spanische: raises $0.50 to $1
absou1ut: folds 
Uncalled bet ($0.50) returned to Spanische
Spanische collected $1 from pot
*** SUMMARY ***
Total pot $1 | Rake $0 
Seat 1: absou1ut (big blind) folded before Flop
Seat 2: john1226 folded before Flop (didn't bet)
Seat 3: Alameda22 folded before Flop (didn't bet)
Seat 4: (o) jakk folded before Flop (didn't bet)
Seat 5: PSinBAMA folded before Flop (didn't bet)
Seat 6: FrAnWaN folded before Flop (didn't bet)
Seat 7: thundercop folded before Flop (didn't bet)
Seat 8: cooley7 (button) folded before Flop (didn't bet)
Seat 9: Spanische (small blind) collected ($1)



PokerStars Game #20154390546:  Hold'em No Limit ($0.25/$0.50) - 2008/09/04 22:25:40 ET
Table 'Gase III' 9-max Seat #9 is the button
Seat 1: absou1ut ($55.80 in chips) 
Seat 2: john1226 ($50 in chips) 
Seat 3: Alameda22 ($56.05 in chips) 
Seat 4: (o) jakk ($43.70 in chips) 
Seat 5: PSinBAMA ($48.60 in chips) 
Seat 6: FrAnWaN ($78.35 in chips) 
Seat 7: thundercop ($61.75 in chips) 
Seat 8: cooley7 ($25.70 in chips) 
Seat 9: Spanische ($76.55 in chips) 
absou1ut: posts small blind $0.25
john1226: posts big blind $0.50
*** HOLE CARDS ***
Dealt to Alameda22 [6c Td]
Alameda22: folds 
(o) jakk: folds 
PSinBAMA: folds 
FrAnWaN: folds 
thundercop: folds 
cooley7: folds 
Spanische: folds 
absou1ut: raises $1.50 to $2
john1226: folds 
Uncalled bet ($1.50) returned to absou1ut
absou1ut collected $1 from pot
absou1ut: doesn't show hand 
*** SUMMARY ***
Total pot $1 | Rake $0 
Seat 1: absou1ut (small blind) collected ($1)
Seat 2: john1226 (big blind) folded before Flop
Seat 3: Alameda22 folded before Flop (didn't bet)
Seat 4: (o) jakk folded before Flop (didn't bet)
Seat 5: PSinBAMA folded before Flop (didn't bet)
Seat 6: FrAnWaN folded before Flop (didn't bet)
Seat 7: thundercop folded before Flop (didn't bet)
Seat 8: cooley7 folded before Flop (didn't bet)
Seat 9: Spanische (button) folded before Flop (didn't bet)



PokerStars Game #20154404468:  Hold'em No Limit ($0.25/$0.50) - 2008/09/04 22:26:20 ET
Table 'Gase III' 9-max Seat #1 is the button
Seat 1: absou1ut ($56.30 in chips) 
Seat 2: john1226 ($49.50 in chips) 
Seat 3: Alameda22 ($56.05 in chips) 
Seat 4: (o) jakk ($43.70 in chips) 
Seat 5: PSinBAMA ($48.60 in chips) 
Seat 6: FrAnWaN ($78.35 in chips) 
Seat 7: thundercop ($61.75 in chips) 
Seat 8: cooley7 ($25.70 in chips) 
Seat 9: Spanische ($76.55 in chips) 
john1226: posts small blind $0.25
Alameda22: posts big blind $0.50
*** HOLE CARDS ***
Dealt to Alameda22 [9h 6c]
(o) jakk: calls $0.50
PSinBAMA: folds 
FrAnWaN: folds 
thundercop: folds 
cooley7: calls $0.50
Spanische: folds 
absou1ut: raises $2.50 to $3
john1226: folds 
Alameda22: folds 
(o) jakk: folds 
cooley7: folds 
Uncalled bet ($2.50) returned to absou1ut
absou1ut collected $2.25 from pot
absou1ut: doesn't show hand 
*** SUMMARY ***
Total pot $2.25 | Rake $0 
Seat 1: absou1ut (button) collected ($2.25)
Seat 2: john1226 (small blind) folded before Flop
Seat 3: Alameda22 (big blind) folded before Flop
Seat 4: (o) jakk folded before Flop
Seat 5: PSinBAMA folded before Flop (didn't bet)
Seat 6: FrAnWaN folded before Flop (didn't bet)
Seat 7: thundercop folded before Flop (didn't bet)
Seat 8: cooley7 folded before Flop
Seat 9: Spanische folded before Flop (didn't bet)



PokerStars Game #20154420959:  Hold'em No Limit ($0.25/$0.50) - 2008/09/04 22:27:06 ET
Table 'Gase III' 9-max Seat #2 is the button
Seat 1: absou1ut ($58.05 in chips) 
Seat 2: john1226 ($49.25 in chips) 
Seat 3: Alameda22 ($55.55 in chips) 
Seat 4: (o) jakk ($43.20 in chips) 
Seat 5: PSinBAMA ($48.60 in chips) 
Seat 6: FrAnWaN ($78.35 in chips) 
Seat 7: thundercop ($61.75 in chips) 
Seat 8: cooley7 ($25.20 in chips) 
Seat 9: Spanische ($76.55 in chips) 
Alameda22: posts small blind $0.25
(o) jakk: posts big blind $0.50
*** HOLE CARDS ***
Dealt to Alameda22 [6s 8c]
PSinBAMA: calls $0.50
FrAnWaN: folds 
thundercop: folds 
cooley7: calls $0.50
Spanische: calls $0.50
absou1ut: folds 
john1226: folds 
Alameda22: folds 
(o) jakk: checks 
*** FLOP *** [Ad Ah 5d]
(o) jakk: checks 
PSinBAMA: checks 
cooley7: checks 
Spanische: bets $1
(o) jakk: folds 
PSinBAMA: calls $1
cooley7: calls $1
*** TURN *** [Ad Ah 5d] [Qd]
PSinBAMA: bets $5
cooley7: calls $5
Spanische: folds 
*** RIVER *** [Ad Ah 5d Qd] [6c]
PSinBAMA: bets $5
cooley7: calls $5
*** SHOW DOWN ***
PSinBAMA: shows [4c As] (three of a kind, Aces)
cooley7: shows [Ac 8d] (three of a kind, Aces - Queen+Eight kicker)
cooley7 collected $24.05 from pot
PSinBAMA said, "wow"
*** SUMMARY ***
Total pot $25.25 | Rake $1.20 
Board [Ad Ah 5d Qd 6c]
Seat 1: absou1ut folded before Flop (didn't bet)
Seat 2: john1226 (button) folded before Flop (didn't bet)
Seat 3: Alameda22 (small blind) folded before Flop
Seat 4: (o) jakk (big blind) folded on the Flop
Seat 5: PSinBAMA showed [4c As] and lost with three of a kind, Aces
Seat 6: FrAnWaN folded before Flop (didn't bet)
Seat 7: thundercop folded before Flop (didn't bet)
Seat 8: cooley7 showed [Ac 8d] and won ($24.05) with three of a kind, Aces
Seat 9: Spanische folded on the Turn



PokerStars Game #20154457095:  Hold'em No Limit ($0.25/$0.50) - 2008/09/04 22:28:48 ET
Table 'Gase III' 9-max Seat #3 is the button
Seat 1: absou1ut ($58.05 in chips) 
Seat 2: john1226 ($49.25 in chips) 
Seat 3: Alameda22 ($55.30 in chips) 
Seat 4: (o) jakk ($42.70 in chips) 
Seat 5: PSinBAMA ($37.10 in chips) 
Seat 6: FrAnWaN ($78.35 in chips) 
Seat 7: thundercop ($61.75 in chips) 
Seat 8: cooley7 ($37.75 in chips) 
Seat 9: Spanische ($75.05 in chips) 
(o) jakk: posts small blind $0.25
PSinBAMA: posts big blind $0.50
*** HOLE CARDS ***
Dealt to Alameda22 [7c 7d]
PSinBAMA said, "gh"
FrAnWaN: folds 
thundercop: folds 
cooley7: folds 
Spanische: folds 
absou1ut: folds 
john1226: raises $1.50 to $2
Alameda22: calls $2
(o) jakk: folds 
PSinBAMA: calls $1.50
*** FLOP *** [Kd Ts 6s]
PSinBAMA: checks 
john1226: checks 
Alameda22: checks 
*** TURN *** [Kd Ts 6s] [9d]
PSinBAMA: bets $5
john1226: folds 
Alameda22: folds 
Uncalled bet ($5) returned to PSinBAMA
PSinBAMA collected $5.95 from pot
PSinBAMA: doesn't show hand 
*** SUMMARY ***
Total pot $6.25 | Rake $0.30 
Board [Kd Ts 6s 9d]
Seat 1: absou1ut folded before Flop (didn't bet)
Seat 2: john1226 folded on the Turn
Seat 3: Alameda22 (button) folded on the Turn
Seat 4: (o) jakk (small blind) folded before Flop
Seat 5: PSinBAMA (big blind) collected ($5.95)
Seat 6: FrAnWaN folded before Flop (didn't bet)
Seat 7: thundercop folded before Flop (didn't bet)
Seat 8: cooley7 folded before Flop (didn't bet)
Seat 9: Spanische folded before Flop (didn't bet)



PokerStars Game #20154492224:  Hold'em No Limit ($0.25/$0.50) - 2008/09/04 22:30:28 ET
Table 'Gase III' 9-max Seat #4 is the button
Seat 1: absou1ut ($58.05 in chips) 
Seat 2: john1226 ($47.25 in chips) 
Seat 3: Alameda22 ($53.30 in chips) 
Seat 4: (o) jakk ($42.45 in chips) 
Seat 5: PSinBAMA ($41.05 in chips) 
Seat 6: FrAnWaN ($78.35 in chips) 
Seat 7: thundercop ($61.75 in chips) 
Seat 8: cooley7 ($37.75 in chips) 
Seat 9: Spanische ($75.05 in chips) 
PSinBAMA: posts small blind $0.25
FrAnWaN: posts big blind $0.50
*** HOLE CARDS ***
Dealt to Alameda22 [3c 7h]
thundercop: folds 
cooley7: calls $0.50
Spanische: folds 
absou1ut: folds 
john1226: folds 
Alameda22: folds 
(o) jakk: calls $0.50
PSinBAMA: folds 
FrAnWaN: checks 
*** FLOP *** [Ts 8h Qc]
FrAnWaN: checks 
cooley7: checks 
(o) jakk: checks 
*** TURN *** [Ts 8h Qc] [Qh]
FrAnWaN: bets $1.50
cooley7: calls $1.50
(o) jakk: folds 
*** RIVER *** [Ts 8h Qc Qh] [Ah]
FrAnWaN: bets $3.50
cooley7: calls $3.50
*** SHOW DOWN ***
FrAnWaN: shows [Jh Qd] (three of a kind, Queens)
cooley7: mucks hand 
FrAnWaN collected $11.20 from pot
*** SUMMARY ***
Total pot $11.75 | Rake $0.55 
Board [Ts 8h Qc Qh Ah]
Seat 1: absou1ut folded before Flop (didn't bet)
Seat 2: john1226 folded before Flop (didn't bet)
Seat 3: Alameda22 folded before Flop (didn't bet)
Seat 4: (o) jakk (button) folded on the Turn
Seat 5: PSinBAMA (small blind) folded before Flop
Seat 6: FrAnWaN (big blind) showed [Jh Qd] and won ($11.20) with three of a kind, Queens
Seat 7: thundercop folded before Flop (didn't bet)
Seat 8: cooley7 mucked [Kd Tc]
Seat 9: Spanische folded before Flop (didn't bet)



PokerStars Game #20154520465:  Hold'em No Limit ($0.25/$0.50) - 2008/09/04 22:31:43 ET
Table 'Gase III' 9-max Seat #5 is the button
Seat 1: absou1ut ($58.05 in chips) 
Seat 2: john1226 ($47.25 in chips) 
Seat 3: Alameda22 ($53.30 in chips) 
Seat 4: (o) jakk ($41.95 in chips) 
Seat 5: PSinBAMA ($40.80 in chips) 
Seat 6: FrAnWaN ($84.05 in chips) 
Seat 7: thundercop ($61.75 in chips) 
Seat 8: cooley7 ($32.25 in chips) 
Seat 9: Spanische ($75.05 in chips) 
FrAnWaN: posts small blind $0.25
thundercop: posts big blind $0.50
*** HOLE CARDS ***
Dealt to Alameda22 [7h 5c]
cooley7: folds 
Spanische: folds 
absou1ut: folds 
john1226: folds 
Alameda22: folds 
(o) jakk: folds 
PSinBAMA: calls $0.50
FrAnWaN: folds 
thundercop: checks 
*** FLOP *** [7d 4h 8s]
thundercop: checks 
PSinBAMA: bets $1.50
thundercop: folds 
Uncalled bet ($1.50) returned to PSinBAMA
PSinBAMA collected $1.20 from pot
PSinBAMA: doesn't show hand 
*** SUMMARY ***
Total pot $1.25 | Rake $0.05 
Board [7d 4h 8s]
Seat 1: absou1ut folded before Flop (didn't bet)
Seat 2: john1226 folded before Flop (didn't bet)
Seat 3: Alameda22 folded before Flop (didn't bet)
Seat 4: (o) jakk folded before Flop (didn't bet)
Seat 5: PSinBAMA (button) collected ($1.20)
Seat 6: FrAnWaN (small blind) folded before Flop
Seat 7: thundercop (big blind) folded on the Flop
Seat 8: cooley7 folded before Flop (didn't bet)
Seat 9: Spanische folded before Flop (didn't bet)



PokerStars Game #20154543673:  Hold'em No Limit ($0.25/$0.50) - 2008/09/04 22:32:44 ET
Table 'Gase III' 9-max Seat #6 is the button
Seat 1: absou1ut ($58.05 in chips) 
Seat 2: john1226 ($47.25 in chips) 
Seat 3: Alameda22 ($53.30 in chips) 
Seat 4: (o) jakk ($41.95 in chips) 
Seat 5: PSinBAMA ($41.50 in chips) 
Seat 6: FrAnWaN ($83.80 in chips) 
Seat 7: thundercop ($61.25 in chips) 
Seat 8: cooley7 ($32.25 in chips) 
Seat 9: Spanische ($75.05 in chips) 
thundercop: posts small blind $0.25
cooley7: posts big blind $0.50
*** HOLE CARDS ***
Dealt to Alameda22 [As 4d]
Spanische: folds 
absou1ut: folds 
john1226: folds 
Alameda22: folds 
(o) jakk: folds 
PSinBAMA: raises $1.50 to $2
FrAnWaN: folds 
thundercop: folds 
cooley7: folds 
Uncalled bet ($1.50) returned to PSinBAMA
PSinBAMA collected $1.25 from pot
PSinBAMA: doesn't show hand 
*** SUMMARY ***
Total pot $1.25 | Rake $0 
Seat 1: absou1ut folded before Flop (didn't bet)
Seat 2: john1226 folded before Flop (didn't bet)
Seat 3: Alameda22 folded before Flop (didn't bet)
Seat 4: (o) jakk folded before Flop (didn't bet)
Seat 5: PSinBAMA collected ($1.25)
Seat 6: FrAnWaN (button) folded before Flop (didn't bet)
Seat 7: thundercop (small blind) folded before Flop
Seat 8: cooley7 (big blind) folded before Flop
Seat 9: Spanische folded before Flop (didn't bet)



PokerStars Game #20154562913:  Hold'em No Limit ($0.25/$0.50) - 2008/09/04 22:33:35 ET
Table 'Gase III' 9-max Seat #7 is the button
Seat 1: absou1ut ($58.05 in chips) 
Seat 2: john1226 ($47.25 in chips) 
Seat 3: Alameda22 ($53.30 in chips) 
Seat 4: (o) jakk ($41.95 in chips) 
Seat 5: PSinBAMA ($42.25 in chips) 
Seat 6: FrAnWaN ($83.80 in chips) 
Seat 7: thundercop ($61 in chips) 
Seat 8: cooley7 ($31.75 in chips) 
Seat 9: Spanische ($75.05 in chips) 
cooley7: posts small blind $0.25
Spanische: posts big blind $0.50
*** HOLE CARDS ***
Dealt to Alameda22 [2d 8d]
absou1ut: folds 
john1226: folds 
Alameda22: folds 
(o) jakk: folds 
PSinBAMA: folds 
FrAnWaN: raises $1.50 to $2
thundercop: folds 
cooley7: folds 
Spanische: folds 
Uncalled bet ($1.50) returned to FrAnWaN
FrAnWaN collected $1.25 from pot
FrAnWaN: doesn't show hand 
*** SUMMARY ***
Total pot $1.25 | Rake $0 
Seat 1: absou1ut folded before Flop (didn't bet)
Seat 2: john1226 folded before Flop (didn't bet)
Seat 3: Alameda22 folded before Flop (didn't bet)
Seat 4: (o) jakk folded before Flop (didn't bet)
Seat 5: PSinBAMA folded before Flop (didn't bet)
Seat 6: FrAnWaN collected ($1.25)
Seat 7: thundercop (button) folded before Flop (didn't bet)
Seat 8: cooley7 (small blind) folded before Flop
Seat 9: Spanische (big blind) folded before Flop



PokerStars Game #20154580671:  Hold'em No Limit ($0.25/$0.50) - 2008/09/04 22:34:23 ET
Table 'Gase III' 9-max Seat #8 is the button
Seat 1: absou1ut ($58.05 in chips) 
Seat 2: john1226 ($47.25 in chips) 
Seat 3: Alameda22 ($53.30 in chips) 
Seat 4: (o) jakk ($41.95 in chips) 
Seat 5: PSinBAMA ($42.25 in chips) 
Seat 6: FrAnWaN ($84.55 in chips) 
Seat 7: thundercop ($61 in chips) 
Seat 8: cooley7 ($31.50 in chips) 
Seat 9: Spanische ($74.55 in chips) 
Spanische: posts small blind $0.25
absou1ut: posts big blind $0.50
*** HOLE CARDS ***
Dealt to Alameda22 [9d 6s]
john1226: folds 
Alameda22: folds 
(o) jakk: folds 
PSinBAMA: folds 
FrAnWaN: folds 
thundercop: folds 
cooley7: calls $0.50
Spanische: folds 
absou1ut: raises $2.50 to $3
cooley7: folds 
Uncalled bet ($2.50) returned to absou1ut
absou1ut collected $1.25 from pot
absou1ut: doesn't show hand 
*** SUMMARY ***
Total pot $1.25 | Rake $0 
Seat 1: absou1ut (big blind) collected ($1.25)
Seat 2: john1226 folded before Flop (didn't bet)
Seat 3: Alameda22 folded before Flop (didn't bet)
Seat 4: (o) jakk folded before Flop (didn't bet)
Seat 5: PSinBAMA folded before Flop (didn't bet)
Seat 6: FrAnWaN folded before Flop (didn't bet)
Seat 7: thundercop folded before Flop (didn't bet)
Seat 8: cooley7 (button) folded before Flop
Seat 9: Spanische (small blind) folded before Flop



PokerStars Game #20154597341:  Hold'em No Limit ($0.25/$0.50) - 2008/09/04 22:35:08 ET
Table 'Gase III' 9-max Seat #9 is the button
Seat 1: absou1ut ($58.80 in chips) 
Seat 3: Alameda22 ($53.30 in chips) 
Seat 4: (o) jakk ($41.95 in chips) 
Seat 5: PSinBAMA ($42.25 in chips) 
Seat 6: FrAnWaN ($84.55 in chips) 
Seat 7: thundercop ($61 in chips) 
Seat 8: cooley7 ($31 in chips) 
Seat 9: Spanische ($74.30 in chips) 
absou1ut: posts small blind $0.25
john1226: is sitting out 
Alameda22: posts big blind $0.50
*** HOLE CARDS ***
Dealt to Alameda22 [5s 9h]
(o) jakk: folds 
PSinBAMA: calls $0.50
FrAnWaN: folds 
thundercop: folds 
cooley7: folds 
Spanische: folds 
absou1ut: raises $2.50 to $3
Alameda22: folds 
PSinBAMA: folds 
Uncalled bet ($2.50) returned to absou1ut
absou1ut collected $1.50 from pot
absou1ut: doesn't show hand 
*** SUMMARY ***
Total pot $1.50 | Rake $0 
Seat 1: absou1ut (small blind) collected ($1.50)
Seat 3: Alameda22 (big blind) folded before Flop
Seat 4: (o) jakk folded before Flop (didn't bet)
Seat 5: PSinBAMA folded before Flop
Seat 6: FrAnWaN folded before Flop (didn't bet)
Seat 7: thundercop folded before Flop (didn't bet)
Seat 8: cooley7 folded before Flop (didn't bet)
Seat 9: Spanische (button) folded before Flop (didn't bet)



PokerStars Game #20154615774:  Hold'em No Limit ($0.25/$0.50) - 2008/09/04 22:35:57 ET
Table 'Gase III' 9-max Seat #1 is the button
Seat 1: absou1ut ($59.80 in chips) 
Seat 3: Alameda22 ($52.80 in chips) 
Seat 4: (o) jakk ($41.95 in chips) 
Seat 5: PSinBAMA ($41.75 in chips) 
Seat 6: FrAnWaN ($84.55 in chips) 
Seat 7: thundercop ($61 in chips) 
Seat 8: cooley7 ($31 in chips) 
Seat 9: Spanische ($74.30 in chips) 
Alameda22: posts small blind $0.25
(o) jakk: posts big blind $0.50
*** HOLE CARDS ***
Dealt to Alameda22 [6c 6d]
PSinBAMA: calls $0.50
FrAnWaN: folds 
thundercop: folds 
cooley7: calls $0.50
Spanische: calls $0.50
absou1ut: folds 
Alameda22: calls $0.25
(o) jakk: checks 
*** FLOP *** [As Jh Qs]
Alameda22: checks 
(o) jakk: checks 
PSinBAMA: bets $2.50
cooley7: folds 
Spanische: calls $2.50
Alameda22: folds 
(o) jakk: folds 
*** TURN *** [As Jh Qs] [Js]
PSinBAMA: checks 
Spanische: checks 
*** RIVER *** [As Jh Qs Js] [Qc]
PSinBAMA: bets $2.50
Spanische: calls $2.50
*** SHOW DOWN ***
PSinBAMA: shows [2c 2s] (two pair, Queens and Jacks)
Spanische: shows [Ac 9s] (two pair, Aces and Queens)
Spanische collected $11.90 from pot
*** SUMMARY ***
Total pot $12.50 | Rake $0.60 
Board [As Jh Qs Js Qc]
Seat 1: absou1ut (button) folded before Flop (didn't bet)
Seat 3: Alameda22 (small blind) folded on the Flop
Seat 4: (o) jakk (big blind) folded on the Flop
Seat 5: PSinBAMA showed [2c 2s] and lost with two pair, Queens and Jacks
Seat 6: FrAnWaN folded before Flop (didn't bet)
Seat 7: thundercop folded before Flop (didn't bet)
Seat 8: cooley7 folded on the Flop
Seat 9: Spanische showed [Ac 9s] and won ($11.90) with two pair, Aces and Queens



PokerStars Game #20154659451:  Hold'em No Limit ($0.25/$0.50) - 2008/09/04 22:37:54 ET
Table 'Gase III' 9-max Seat #3 is the button
Seat 1: absou1ut ($59.80 in chips) 
Seat 3: Alameda22 ($52.30 in chips) 
Seat 4: (o) jakk ($41.45 in chips) 
Seat 5: PSinBAMA ($36.25 in chips) 
Seat 6: FrAnWaN ($84.55 in chips) 
Seat 7: thundercop ($61 in chips) 
Seat 8: cooley7 ($30.50 in chips) 
Seat 9: Spanische ($80.70 in chips) 
(o) jakk: posts small blind $0.25
PSinBAMA: posts big blind $0.50
*** HOLE CARDS ***
Dealt to Alameda22 [6s 9h]
FrAnWaN: folds 
thundercop: folds 
cooley7: folds 
Spanische: folds 
absou1ut: folds 
Alameda22: folds 
(o) jakk: calls $0.25
PSinBAMA: checks 
*** FLOP *** [Td 6h 9s]
(o) jakk: checks 
PSinBAMA: bets $1
(o) jakk: folds 
Uncalled bet ($1) returned to PSinBAMA
PSinBAMA collected $0.95 from pot
*** SUMMARY ***
Total pot $1 | Rake $0.05 
Board [Td 6h 9s]
Seat 1: absou1ut folded before Flop (didn't bet)
Seat 3: Alameda22 (button) folded before Flop (didn't bet)
Seat 4: (o) jakk (small blind) folded on the Flop
Seat 5: PSinBAMA (big blind) collected ($0.95)
Seat 6: FrAnWaN folded before Flop (didn't bet)
Seat 7: thundercop folded before Flop (didn't bet)
Seat 8: cooley7 folded before Flop (didn't bet)
Seat 9: Spanische folded before Flop (didn't bet)



PokerStars Game #20154674835:  Hold'em No Limit ($0.25/$0.50) - 2008/09/04 22:38:36 ET
Table 'Gase III' 9-max Seat #4 is the button
Seat 1: absou1ut ($59.80 in chips) 
Seat 3: Alameda22 ($52.30 in chips) 
Seat 4: (o) jakk ($40.95 in chips) 
Seat 5: PSinBAMA ($36.70 in chips) 
Seat 7: thundercop ($61 in chips) 
Seat 8: cooley7 ($30.50 in chips) 
Seat 9: Spanische ($80.70 in chips) 
PSinBAMA: posts small blind $0.25
FrAnWaN: is sitting out 
thundercop: posts big blind $0.50
*** HOLE CARDS ***
Dealt to Alameda22 [3h 2c]
FrAnWaN leaves the table
cooley7: folds 
Spanische: folds 
absou1ut: folds 
Alameda22: folds 
(o) jakk: raises $0.50 to $1
PSinBAMA: folds 
thundercop: folds 
Uncalled bet ($0.50) returned to (o) jakk
(o) jakk collected $1.25 from pot
(o) jakk: doesn't show hand 
*** SUMMARY ***
Total pot $1.25 | Rake $0 
Seat 1: absou1ut folded before Flop (didn't bet)
Seat 3: Alameda22 folded before Flop (didn't bet)
Seat 4: (o) jakk (button) collected ($1.25)
Seat 5: PSinBAMA (small blind) folded before Flop
Seat 7: thundercop (big blind) folded before Flop
Seat 8: cooley7 folded before Flop (didn't bet)
Seat 9: Spanische folded before Flop (didn't bet)



PokerStars Game #20154693482:  Hold'em No Limit ($0.25/$0.50) - 2008/09/04 22:39:34 ET
Table 'Gase III' 9-max Seat #5 is the button
Seat 1: absou1ut ($59.80 in chips) 
Seat 3: Alameda22 ($52.30 in chips) 
Seat 4: (o) jakk ($41.70 in chips) 
Seat 5: PSinBAMA ($36.45 in chips) 
Seat 7: thundercop ($60.50 in chips) 
Seat 8: cooley7 ($30.50 in chips) 
Seat 9: Spanische ($80.70 in chips) 
thundercop: posts small blind $0.25
cooley7: posts big blind $0.50
*** HOLE CARDS ***
Dealt to Alameda22 [5h 9c]
Spanische: folds 
absou1ut: folds 
Alameda22: folds 
(o) jakk: raises $1.50 to $2
PSinBAMA: folds 
thundercop: folds 
cooley7: folds 
Uncalled bet ($1.50) returned to (o) jakk
(o) jakk collected $1.25 from pot
(o) jakk: doesn't show hand 
*** SUMMARY ***
Total pot $1.25 | Rake $0 
Seat 1: absou1ut folded before Flop (didn't bet)
Seat 3: Alameda22 folded before Flop (didn't bet)
Seat 4: (o) jakk collected ($1.25)
Seat 5: PSinBAMA (button) folded before Flop (didn't bet)
Seat 7: thundercop (small blind) folded before Flop
Seat 8: cooley7 (big blind) folded before Flop
Seat 9: Spanische folded before Flop (didn't bet)



PokerStars Game #20154709876:  Hold'em No Limit ($0.25/$0.50) - 2008/09/04 22:40:21 ET
Table 'Gase III' 9-max Seat #7 is the button
Seat 1: absou1ut ($59.80 in chips) 
Seat 3: Alameda22 ($52.30 in chips) 
Seat 4: (o) jakk ($42.45 in chips) 
Seat 5: PSinBAMA ($36.45 in chips) 
Seat 7: thundercop ($60.25 in chips) 
Seat 8: cooley7 ($30 in chips) 
Seat 9: Spanische ($80.70 in chips) 
cooley7: posts small blind $0.25
Spanische: posts big blind $0.50
*** HOLE CARDS ***
Dealt to Alameda22 [4h 7s]
absou1ut: folds 
Alameda22: folds 
(o) jakk: raises $0.50 to $1
PSinBAMA: calls $1
thundercop: folds 
cooley7: folds 
Spanische: calls $0.50
*** FLOP *** [3d 9d Qh]
Spanische: checks 
(o) jakk: bets $1
PSinBAMA: calls $1
Spanische: raises $3 to $4
(o) jakk: calls $3
PSinBAMA: calls $3
*** TURN *** [3d 9d Qh] [Qc]
Spanische: bets $9
(o) jakk: folds 
PSinBAMA: calls $9
*** RIVER *** [3d 9d Qh Qc] [4s]
Spanische: checks 
PSinBAMA: checks 
*** SHOW DOWN ***
Spanische: shows [Ks Qs] (three of a kind, Queens)
PSinBAMA: mucks hand 
Spanische collected $31.65 from pot
*** SUMMARY ***
Total pot $33.25 | Rake $1.60 
Board [3d 9d Qh Qc 4s]
Seat 1: absou1ut folded before Flop (didn't bet)
Seat 3: Alameda22 folded before Flop (didn't bet)
Seat 4: (o) jakk folded on the Turn
Seat 5: PSinBAMA mucked [Tc Js]
Seat 7: thundercop (button) folded before Flop (didn't bet)
Seat 8: cooley7 (small blind) folded before Flop
Seat 9: Spanische (big blind) showed [Ks Qs] and won ($31.65) with three of a kind, Queens



PokerStars Game #20154741148:  Hold'em No Limit ($0.25/$0.50) - 2008/09/04 22:41:45 ET
Table 'Gase III' 9-max Seat #8 is the button
Seat 1: absou1ut ($59.80 in chips) 
Seat 3: Alameda22 ($52.30 in chips) 
Seat 4: (o) jakk ($37.45 in chips) 
Seat 5: PSinBAMA ($22.45 in chips) 
Seat 7: thundercop ($60.25 in chips) 
Seat 8: cooley7 ($29.75 in chips) 
Seat 9: Spanische ($98.35 in chips) 
Spanische: posts small blind $0.25
absou1ut: posts big blind $0.50
*** HOLE CARDS ***
Dealt to Alameda22 [4c 6c]
Alameda22: folds 
(o) jakk: folds 
PSinBAMA: folds 
thundercop: raises $1 to $1.50
cooley7: folds 
Spanische: folds 
absou1ut: folds 
Uncalled bet ($1) returned to thundercop
thundercop collected $1.25 from pot
thundercop: doesn't show hand 
*** SUMMARY ***
Total pot $1.25 | Rake $0 
Seat 1: absou1ut (big blind) folded before Flop
Seat 3: Alameda22 folded before Flop (didn't bet)
Seat 4: (o) jakk folded before Flop (didn't bet)
Seat 5: PSinBAMA folded before Flop (didn't bet)
Seat 7: thundercop collected ($1.25)
Seat 8: cooley7 (button) folded before Flop (didn't bet)
Seat 9: Spanische (small blind) folded before Flop



PokerStars Game #20154754290:  Hold'em No Limit ($0.25/$0.50) - 2008/09/04 22:42:21 ET
Table 'Gase III' 9-max Seat #9 is the button
Seat 1: absou1ut ($59.30 in chips) 
Seat 3: Alameda22 ($52.30 in chips) 
Seat 4: (o) jakk ($37.45 in chips) 
Seat 5: PSinBAMA ($22.45 in chips) 
Seat 7: thundercop ($61 in chips) 
Seat 8: cooley7 ($29.75 in chips) 
Seat 9: Spanische ($98.10 in chips) 
absou1ut: posts small blind $0.25
Alameda22: posts big blind $0.50
*** HOLE CARDS ***
Dealt to Alameda22 [Ts 4c]
(o) jakk: folds 
PSinBAMA: calls $0.50
thundercop: folds 
cooley7: folds 
Spanische: folds 
chuli123 joins the table at seat #6 
absou1ut: calls $0.25
Alameda22: checks 
*** FLOP *** [3h Kh 5d]
absou1ut: bets $1
Alameda22: folds 
PSinBAMA: calls $1
*** TURN *** [3h Kh 5d] [Ks]
(o) jakk leaves the table
absou1ut: bets $2.25
PSinBAMA: folds 
Uncalled bet ($2.25) returned to absou1ut
absou1ut collected $3.35 from pot
absou1ut: doesn't show hand 
*** SUMMARY ***
Total pot $3.50 | Rake $0.15 
Board [3h Kh 5d Ks]
Seat 1: absou1ut (small blind) collected ($3.35)
Seat 3: Alameda22 (big blind) folded on the Flop
Seat 4: (o) jakk folded before Flop (didn't bet)
Seat 5: PSinBAMA folded on the Turn
Seat 7: thundercop folded before Flop (didn't bet)
Seat 8: cooley7 folded before Flop (didn't bet)
Seat 9: Spanische (button) folded before Flop (didn't bet)



PokerStars Game #20154776864:  Hold'em No Limit ($0.25/$0.50) - 2008/09/04 22:43:22 ET
Table 'Gase III' 9-max Seat #1 is the button
Seat 1: absou1ut ($61.15 in chips) 
Seat 3: Alameda22 ($51.80 in chips) 
Seat 5: PSinBAMA ($20.95 in chips) 
Seat 6: chuli123 ($50 in chips) 
Seat 7: thundercop ($61 in chips) 
Seat 8: cooley7 ($29.75 in chips) 
Seat 9: Spanische ($98.10 in chips) 
Alameda22: posts small blind $0.25
PSinBAMA: posts big blind $0.50
chuli123: posts big blind $0.50
*** HOLE CARDS ***
Dealt to Alameda22 [9h Qs]
chuli123: checks 
thundercop: folds 
cooley7: calls $0.50
Spanische: folds 
absou1ut: calls $0.50
Alameda22: folds 
PSinBAMA: checks 
*** FLOP *** [Ah 4c 3d]
PSinBAMA: checks 
chuli123: checks 
cooley7: checks 
absou1ut: checks 
*** TURN *** [Ah 4c 3d] [8h]
PSinBAMA: bets $2
chuli123: folds 
cooley7: folds 
absou1ut: folds 
Uncalled bet ($2) returned to PSinBAMA
PSinBAMA collected $2.15 from pot
*** SUMMARY ***
Total pot $2.25 | Rake $0.10 
Board [Ah 4c 3d 8h]
Seat 1: absou1ut (button) folded on the Turn
Seat 3: Alameda22 (small blind) folded before Flop
Seat 5: PSinBAMA (big blind) collected ($2.15)
Seat 6: chuli123 folded on the Turn
Seat 7: thundercop folded before Flop (didn't bet)
Seat 8: cooley7 folded on the Turn
Seat 9: Spanische folded before Flop (didn't bet)



PokerStars Game #20154810259:  Hold'em No Limit ($0.25/$0.50) - 2008/09/04 22:44:54 ET
Table 'Gase III' 9-max Seat #3 is the button
Seat 1: absou1ut ($60.65 in chips) 
Seat 3: Alameda22 ($51.55 in chips) 
Seat 5: PSinBAMA ($22.60 in chips) 
Seat 6: chuli123 ($49.50 in chips) 
Seat 7: thundercop ($61 in chips) 
Seat 8: cooley7 ($29.25 in chips) 
Seat 9: Spanische ($98.10 in chips) 
PSinBAMA: posts small blind $0.25
chuli123: posts big blind $0.50
*** HOLE CARDS ***
Dealt to Alameda22 [4h 7h]
thundercop: folds 
cooley7: raises $1.50 to $2
Spanische: folds 
absou1ut: folds 
Alameda22: folds 
PSinBAMA: folds 
chuli123: folds 
Uncalled bet ($1.50) returned to cooley7
cooley7 collected $1.25 from pot
cooley7: doesn't show hand 
*** SUMMARY ***
Total pot $1.25 | Rake $0 
Seat 1: absou1ut folded before Flop (didn't bet)
Seat 3: Alameda22 (button) folded before Flop (didn't bet)
Seat 5: PSinBAMA (small blind) folded before Flop
Seat 6: chuli123 (big blind) folded before Flop
Seat 7: thundercop folded before Flop (didn't bet)
Seat 8: cooley7 collected ($1.25)
Seat 9: Spanische folded before Flop (didn't bet)



PokerStars Game #20154830836:  Hold'em No Limit ($0.25/$0.50) - 2008/09/04 22:45:51 ET
Table 'Gase III' 9-max Seat #5 is the button
Seat 1: absou1ut ($60.65 in chips) 
Seat 3: Alameda22 ($51.55 in chips) 
Seat 5: PSinBAMA ($22.35 in chips) 
Seat 6: chuli123 ($49 in chips) 
Seat 7: thundercop ($61 in chips) 
Seat 8: cooley7 ($30 in chips) 
Seat 9: Spanische ($98.10 in chips) 
chuli123: posts small blind $0.25
thundercop: posts big blind $0.50
*** HOLE CARDS ***
Dealt to Alameda22 [9c 2d]
cooley7: raises $1.50 to $2
john1226 has returned
Spanische: folds 
absou1ut: raises $4 to $6
Alameda22: folds 
PSinBAMA: folds 
makojim joins the table at seat #4 
chuli123: folds 
thundercop: folds 
cooley7: calls $4
*** FLOP *** [Tc 4s 7c]
cooley7: checks 
absou1ut: bets $6
cooley7: calls $6
*** TURN *** [Tc 4s 7c] [8c]
cooley7: checks 
absou1ut: checks 
*** RIVER *** [Tc 4s 7c 8c] [Qh]
cooley7: checks 
absou1ut: checks 
*** SHOW DOWN ***
cooley7: shows [As Qs] (a pair of Queens)
absou1ut: mucks hand 
cooley7 collected $23.55 from pot
*** SUMMARY ***
Total pot $24.75 | Rake $1.20 
Board [Tc 4s 7c 8c Qh]
Seat 1: absou1ut mucked [Kd Ac]
Seat 3: Alameda22 folded before Flop (didn't bet)
Seat 5: PSinBAMA (button) folded before Flop (didn't bet)
Seat 6: chuli123 (small blind) folded before Flop
Seat 7: thundercop (big blind) folded before Flop
Seat 8: cooley7 showed [As Qs] and won ($23.55) with a pair of Queens
Seat 9: Spanische folded before Flop (didn't bet)



PokerStars Game #20154876952:  Hold'em No Limit ($0.25/$0.50) - 2008/09/04 22:47:59 ET
Table 'Gase III' 9-max Seat #6 is the button
Seat 1: absou1ut ($48.65 in chips) 
Seat 3: Alameda22 ($51.55 in chips) 
Seat 4: makojim ($50 in chips) 
Seat 5: PSinBAMA ($22.35 in chips) 
Seat 6: chuli123 ($48.75 in chips) 
Seat 7: thundercop ($60.50 in chips) 
Seat 8: cooley7 ($41.55 in chips) 
Seat 9: Spanische ($98.10 in chips) 
thundercop: posts small blind $0.25
cooley7: posts big blind $0.50
john1226: sits out 
makojim: posts big blind $0.50
*** HOLE CARDS ***
Dealt to Alameda22 [Jd 3s]
Spanische: folds 
absou1ut: calls $0.50
Alameda22: folds 
makojim: checks 
PSinBAMA: folds 
chuli123: folds 
thundercop: folds 
cooley7: checks 
*** FLOP *** [Kd As 8s]
cooley7: checks 
absou1ut: checks 
makojim: checks 
*** TURN *** [Kd As 8s] [Td]
cooley7: checks 
absou1ut: checks 
makojim: bets $1.50
cooley7: calls $1.50
absou1ut: folds 
*** RIVER *** [Kd As 8s Td] [Ks]
cooley7: checks 
makojim: checks 
*** SHOW DOWN ***
cooley7: shows [Jc Th] (two pair, Kings and Tens)
makojim: mucks hand 
cooley7 collected $4.55 from pot
*** SUMMARY ***
Total pot $4.75 | Rake $0.20 
Board [Kd As 8s Td Ks]
Seat 1: absou1ut folded on the Turn
Seat 3: Alameda22 folded before Flop (didn't bet)
Seat 4: makojim mucked [7h 8d]
Seat 5: PSinBAMA folded before Flop (didn't bet)
Seat 6: chuli123 (button) folded before Flop (didn't bet)
Seat 7: thundercop (small blind) folded before Flop
Seat 8: cooley7 (big blind) showed [Jc Th] and won ($4.55) with two pair, Kings and Tens
Seat 9: Spanische folded before Flop (didn't bet)



PokerStars Game #20154915887:  Hold'em No Limit ($0.25/$0.50) - 2008/09/04 22:49:47 ET
Table 'Gase III' 9-max Seat #7 is the button
Seat 1: absou1ut ($49.50 in chips) 
Seat 3: Alameda22 ($51.55 in chips) 
Seat 4: makojim ($48 in chips) 
Seat 5: PSinBAMA ($22.35 in chips) 
Seat 6: chuli123 ($48.75 in chips) 
Seat 7: thundercop ($60.25 in chips) 
Seat 8: cooley7 ($44.10 in chips) 
Seat 9: Spanische ($98.10 in chips) 
cooley7: posts small blind $0.25
Spanische: posts big blind $0.50
john1226: sits out 
*** HOLE CARDS ***
Dealt to Alameda22 [4d 5d]
absou1ut: folds 
Alameda22: folds 
makojim: raises $1 to $1.50
PSinBAMA: folds 
chuli123: raises $3 to $4.50
thundercop: folds 
cooley7: calls $4.25
Spanische: folds 
makojim: folds 
*** FLOP *** [Qh 6c 4h]
cooley7: checks 
chuli123: checks 
*** TURN *** [Qh 6c 4h] [4c]
cooley7: checks 
chuli123: checks 
*** RIVER *** [Qh 6c 4h 4c] [Jh]
cooley7: checks 
chuli123: bets $5
cooley7: folds 
Uncalled bet ($5) returned to chuli123
chuli123 collected $10.45 from pot
chuli123: doesn't show hand 
*** SUMMARY ***
Total pot $11 | Rake $0.55 
Board [Qh 6c 4h 4c Jh]
Seat 1: absou1ut folded before Flop (didn't bet)
Seat 3: Alameda22 folded before Flop (didn't bet)
Seat 4: makojim folded before Flop
Seat 5: PSinBAMA folded before Flop (didn't bet)
Seat 6: chuli123 collected ($10.45)
Seat 7: thundercop (button) folded before Flop (didn't bet)
Seat 8: cooley7 (small blind) folded on the River
Seat 9: Spanische (big blind) folded before Flop



PokerStars Game #20154951145:  Hold'em No Limit ($0.25/$0.50) - 2008/09/04 22:51:24 ET
Table 'Gase III' 9-max Seat #8 is the button
Seat 1: absou1ut ($49.50 in chips) 
Seat 3: Alameda22 ($51.55 in chips) 
Seat 4: makojim ($46.50 in chips) 
Seat 5: PSinBAMA ($22.35 in chips) 
Seat 6: chuli123 ($54.70 in chips) 
Seat 7: thundercop ($60.25 in chips) 
Seat 8: cooley7 ($39.60 in chips) 
Seat 9: Spanische ($97.60 in chips) 
Spanische: posts small blind $0.25
absou1ut: posts big blind $0.50
john1226: sits out 
*** HOLE CARDS ***
Dealt to Alameda22 [4s Qc]
Alameda22: folds 
makojim: raises $1 to $1.50
PSinBAMA: folds 
chuli123: folds 
thundercop: folds 
cooley7: folds 
Spanische: folds 
absou1ut: folds 
Uncalled bet ($1) returned to makojim
makojim collected $1.25 from pot
makojim: doesn't show hand 
*** SUMMARY ***
Total pot $1.25 | Rake $0 
Seat 1: absou1ut (big blind) folded before Flop
Seat 3: Alameda22 folded before Flop (didn't bet)
Seat 4: makojim collected ($1.25)
Seat 5: PSinBAMA folded before Flop (didn't bet)
Seat 6: chuli123 folded before Flop (didn't bet)
Seat 7: thundercop folded before Flop (didn't bet)
Seat 8: cooley7 (button) folded before Flop (didn't bet)
Seat 9: Spanische (small blind) folded before Flop



PokerStars Game #20154967222:  Hold'em No Limit ($0.25/$0.50) - 2008/09/04 22:52:08 ET
Table 'Gase III' 9-max Seat #9 is the button
Seat 1: absou1ut ($49 in chips) 
Seat 2: john1226 ($47.25 in chips) 
Seat 3: Alameda22 ($51.55 in chips) 
Seat 4: makojim ($47.25 in chips) 
Seat 5: PSinBAMA ($22.35 in chips) 
Seat 6: chuli123 ($54.70 in chips) 
Seat 7: thundercop ($60.25 in chips) 
Seat 8: cooley7 ($39.60 in chips) 
Seat 9: Spanische ($97.35 in chips) 
absou1ut: posts small blind $0.25
john1226: posts big blind $0.50
*** HOLE CARDS ***
Dealt to Alameda22 [3c 2h]
Alameda22: folds 
makojim: folds 
PSinBAMA: folds 
chuli123: folds 
thundercop: folds 
cooley7: folds 
Spanische: folds 
absou1ut: calls $0.25
john1226: checks 
*** FLOP *** [Ts 8c Kc]
absou1ut: bets $0.50
john1226: folds 
Uncalled bet ($0.50) returned to absou1ut
absou1ut collected $0.95 from pot
absou1ut: doesn't show hand 
*** SUMMARY ***
Total pot $1 | Rake $0.05 
Board [Ts 8c Kc]
Seat 1: absou1ut (small blind) collected ($0.95)
Seat 2: john1226 (big blind) folded on the Flop
Seat 3: Alameda22 folded before Flop (didn't bet)
Seat 4: makojim folded before Flop (didn't bet)
Seat 5: PSinBAMA folded before Flop (didn't bet)
Seat 6: chuli123 folded before Flop (didn't bet)
Seat 7: thundercop folded before Flop (didn't bet)
Seat 8: cooley7 folded before Flop (didn't bet)
Seat 9: Spanische (button) folded before Flop (didn't bet)



PokerStars Game #20154989435:  Hold'em No Limit ($0.25/$0.50) - 2008/09/04 22:53:09 ET
Table 'Gase III' 9-max Seat #1 is the button
Seat 1: absou1ut ($49.45 in chips) 
Seat 2: john1226 ($46.75 in chips) 
Seat 3: Alameda22 ($51.55 in chips) 
Seat 4: makojim ($47.25 in chips) 
Seat 5: PSinBAMA ($22.35 in chips) 
Seat 6: chuli123 ($54.70 in chips) 
Seat 7: thundercop ($60.25 in chips) 
Seat 8: cooley7 ($39.60 in chips) 
Seat 9: Spanische ($97.35 in chips) 
john1226: posts small blind $0.25
Alameda22: posts big blind $0.50
*** HOLE CARDS ***
Dealt to Alameda22 [Jd Qs]
makojim: folds 
PSinBAMA: calls $0.50
chuli123: folds 
thundercop: folds 
cooley7: folds 
Spanische: calls $0.50
absou1ut: folds 
john1226: folds 
Alameda22: checks 
*** FLOP *** [2h 9h 8d]
Alameda22: checks 
PSinBAMA: checks 
Spanische: bets $1
Alameda22: folds 
PSinBAMA: folds 
Uncalled bet ($1) returned to Spanische
Spanische collected $1.70 from pot
Spanische: doesn't show hand 
*** SUMMARY ***
Total pot $1.75 | Rake $0.05 
Board [2h 9h 8d]
Seat 1: absou1ut (button) folded before Flop (didn't bet)
Seat 2: john1226 (small blind) folded before Flop
Seat 3: Alameda22 (big blind) folded on the Flop
Seat 4: makojim folded before Flop (didn't bet)
Seat 5: PSinBAMA folded on the Flop
Seat 6: chuli123 folded before Flop (didn't bet)
Seat 7: thundercop folded before Flop (didn't bet)
Seat 8: cooley7 folded before Flop (didn't bet)
Seat 9: Spanische collected ($1.70)



PokerStars Game #20155035036:  Hold'em No Limit ($0.25/$0.50) - 2008/09/04 22:55:16 ET
Table 'Gase III' 9-max Seat #2 is the button
Seat 1: absou1ut ($49.45 in chips) 
Seat 2: john1226 ($46.50 in chips) 
Seat 3: Alameda22 ($51.05 in chips) 
Seat 4: makojim ($47.25 in chips) 
Seat 5: PSinBAMA ($21.85 in chips) 
Seat 6: chuli123 ($54.70 in chips) 
Seat 7: thundercop ($60.25 in chips) 
Seat 8: cooley7 ($39.60 in chips) 
Seat 9: Spanische ($98.55 in chips) 
Alameda22: posts small blind $0.25
makojim: posts big blind $0.50
*** HOLE CARDS ***
Dealt to Alameda22 [2d Ah]
PSinBAMA: calls $0.50
chuli123: folds 
thundercop: folds 
cooley7: folds 
Spanische: folds 
absou1ut: folds 
john1226: folds 
Alameda22: folds 
makojim: checks 
*** FLOP *** [2c 3h 8h]
makojim: checks 
PSinBAMA: bets $1
makojim: folds 
Uncalled bet ($1) returned to PSinBAMA
PSinBAMA collected $1.20 from pot
PSinBAMA: doesn't show hand 
*** SUMMARY ***
Total pot $1.25 | Rake $0.05 
Board [2c 3h 8h]
Seat 1: absou1ut folded before Flop (didn't bet)
Seat 2: john1226 (button) folded before Flop (didn't bet)
Seat 3: Alameda22 (small blind) folded before Flop
Seat 4: makojim (big blind) folded on the Flop
Seat 5: PSinBAMA collected ($1.20)
Seat 6: chuli123 folded before Flop (didn't bet)
Seat 7: thundercop folded before Flop (didn't bet)
Seat 8: cooley7 folded before Flop (didn't bet)
Seat 9: Spanische folded before Flop (didn't bet)



PokerStars Game #20155053068:  Hold'em No Limit ($0.25/$0.50) - 2008/09/04 22:56:06 ET
Table 'Gase III' 9-max Seat #3 is the button
Seat 1: absou1ut ($49.45 in chips) 
Seat 2: john1226 ($50 in chips) 
Seat 3: Alameda22 ($50.80 in chips) 
Seat 4: makojim ($46.75 in chips) 
Seat 5: PSinBAMA ($22.55 in chips) 
Seat 6: chuli123 ($54.70 in chips) 
Seat 7: thundercop ($60.25 in chips) 
Seat 8: cooley7 ($39.60 in chips) 
Seat 9: Spanische ($98.55 in chips) 
makojim: posts small blind $0.25
PSinBAMA: posts big blind $0.50
*** HOLE CARDS ***
Dealt to Alameda22 [4d Jd]
chuli123: folds 
thundercop: raises $1.50 to $2
cooley7: folds 
Spanische: folds 
absou1ut: raises $5 to $7
john1226: folds 
Alameda22: folds 
makojim: folds 
PSinBAMA: folds 
PSinBAMA is disconnected 
thundercop: calls $5
*** FLOP *** [8h 2s 7s]
thundercop: checks 
PSinBAMA is connected 
absou1ut: bets $10
thundercop: raises $15 to $25
absou1ut: folds 
Uncalled bet ($15) returned to thundercop
thundercop collected $33.05 from pot
thundercop: doesn't show hand 
*** SUMMARY ***
Total pot $34.75 | Rake $1.70 
Board [8h 2s 7s]
Seat 1: absou1ut folded on the Flop
Seat 2: john1226 folded before Flop (didn't bet)
Seat 3: Alameda22 (button) folded before Flop (didn't bet)
Seat 4: makojim (small blind) folded before Flop
Seat 5: PSinBAMA (big blind) folded before Flop
Seat 6: chuli123 folded before Flop (didn't bet)
Seat 7: thundercop collected ($33.05)
Seat 8: cooley7 folded before Flop (didn't bet)
Seat 9: Spanische folded before Flop (didn't bet)



PokerStars Game #20155093515:  Hold'em No Limit ($0.25/$0.50) - 2008/09/04 22:58:00 ET
Table 'Gase III' 9-max Seat #4 is the button
Seat 1: absou1ut ($50 in chips) 
Seat 2: john1226 ($50 in chips) 
Seat 3: Alameda22 ($50.80 in chips) 
Seat 4: makojim ($46.50 in chips) 
Seat 5: PSinBAMA ($22.05 in chips) 
Seat 6: chuli123 ($54.70 in chips) 
Seat 7: thundercop ($76.30 in chips) 
Seat 8: cooley7 ($39.60 in chips) 
Seat 9: Spanische ($98.55 in chips) 
PSinBAMA: posts small blind $0.25
chuli123: posts big blind $0.50
*** HOLE CARDS ***
Dealt to Alameda22 [3c Kc]
thundercop: folds 
cooley7: folds 
Spanische: folds 
absou1ut: folds 
john1226: raises $1.50 to $2
Alameda22: folds 
makojim: folds 
PSinBAMA: calls $1.75
chuli123: folds 
*** FLOP *** [3d 9h 4h]
PSinBAMA: checks 
john1226: bets $2.50
PSinBAMA: folds 
Uncalled bet ($2.50) returned to john1226
john1226 collected $4.30 from pot
john1226: doesn't show hand 
*** SUMMARY ***
Total pot $4.50 | Rake $0.20 
Board [3d 9h 4h]
Seat 1: absou1ut folded before Flop (didn't bet)
Seat 2: john1226 collected ($4.30)
Seat 3: Alameda22 folded before Flop (didn't bet)
Seat 4: makojim (button) folded before Flop (didn't bet)
Seat 5: PSinBAMA (small blind) folded on the Flop
Seat 6: chuli123 (big blind) folded before Flop
Seat 7: thundercop folded before Flop (didn't bet)
Seat 8: cooley7 folded before Flop (didn't bet)
Seat 9: Spanische folded before Flop (didn't bet)



PokerStars Game #20155105282:  Hold'em No Limit ($0.25/$0.50) - 2008/09/04 22:58:33 ET
Table 'Gase III' 9-max Seat #5 is the button
Seat 1: absou1ut ($50 in chips) 
Seat 2: john1226 ($52.30 in chips) 
Seat 3: Alameda22 ($50.80 in chips) 
Seat 4: makojim ($46.50 in chips) 
Seat 5: PSinBAMA ($20.05 in chips) 
Seat 6: chuli123 ($54.20 in chips) 
Seat 7: thundercop ($76.30 in chips) 
Seat 8: cooley7 ($39.60 in chips) 
Seat 9: Spanische ($98.55 in chips) 
chuli123: posts small blind $0.25
thundercop: posts big blind $0.50
*** HOLE CARDS ***
Dealt to Alameda22 [5s 2h]
cooley7: folds 
Spanische: folds 
absou1ut: folds 
cooley7 leaves the table
john1226: folds 
vltava joins the table at seat #8 
Alameda22: folds 
makojim: folds 
PSinBAMA: folds 
chuli123: calls $0.25
thundercop: raises $1 to $1.50
chuli123: folds 
Uncalled bet ($1) returned to thundercop
thundercop collected $1 from pot
thundercop: doesn't show hand 
*** SUMMARY ***
Total pot $1 | Rake $0 
Seat 1: absou1ut folded before Flop (didn't bet)
Seat 2: john1226 folded before Flop (didn't bet)
Seat 3: Alameda22 folded before Flop (didn't bet)
Seat 4: makojim folded before Flop (didn't bet)
Seat 5: PSinBAMA (button) folded before Flop (didn't bet)
Seat 6: chuli123 (small blind) folded before Flop
Seat 7: thundercop (big blind) collected ($1)
Seat 8: cooley7 folded before Flop (didn't bet)
Seat 9: Spanische folded before Flop (didn't bet)



PokerStars Game #20155130740:  Hold'em No Limit ($0.25/$0.50) - 2008/09/04 22:59:45 ET
Table 'Gase III' 9-max Seat #6 is the button
Seat 1: absou1ut ($50 in chips) 
Seat 2: john1226 ($52.30 in chips) 
Seat 3: Alameda22 ($50.80 in chips) 
Seat 4: makojim ($46.50 in chips) 
Seat 5: PSinBAMA ($20.05 in chips) 
Seat 6: chuli123 ($53.70 in chips) 
Seat 7: thundercop ($76.80 in chips) 
Seat 8: vltava ($50 in chips) 
Seat 9: Spanische ($98.55 in chips) 
thundercop: posts small blind $0.25
vltava: posts big blind $0.50
*** HOLE CARDS ***
Dealt to Alameda22 [5s Js]
Spanische: folds 
absou1ut: folds 
john1226: folds 
Alameda22: folds 
makojim: folds 
PSinBAMA: folds 
chuli123: folds 
PSinBAMA leaves the table
thundercop: raises $1 to $1.50
vltava: folds 
Uncalled bet ($1) returned to thundercop
thundercop collected $1 from pot
thundercop: doesn't show hand 
Platonist joins the table at seat #5 
*** SUMMARY ***
Total pot $1 | Rake $0 
Seat 1: absou1ut folded before Flop (didn't bet)
Seat 2: john1226 folded before Flop (didn't bet)
Seat 3: Alameda22 folded before Flop (didn't bet)
Seat 4: makojim folded before Flop (didn't bet)
Seat 5: PSinBAMA folded before Flop (didn't bet)
Seat 6: chuli123 (button) folded before Flop (didn't bet)
Seat 7: thundercop (small blind) collected ($1)
Seat 8: vltava (big blind) folded before Flop
Seat 9: Spanische folded before Flop (didn't bet)



PokerStars Game #20155143609:  Hold'em No Limit ($0.25/$0.50) - 2008/09/04 23:00:21 ET
Table 'Gase III' 9-max Seat #7 is the button
Seat 1: absou1ut ($50 in chips) 
Seat 2: john1226 ($52.30 in chips) 
Seat 3: Alameda22 ($50.80 in chips) 
Seat 4: makojim ($46.50 in chips) 
Seat 6: chuli123 ($53.70 in chips) 
Seat 7: thundercop ($77.30 in chips) 
Seat 8: vltava ($49.50 in chips) 
Seat 9: Spanische ($98.55 in chips) 
vltava: posts small blind $0.25
Spanische: posts big blind $0.50
Platonist: sits out 
*** HOLE CARDS ***
Dealt to Alameda22 [8h 3h]
absou1ut: folds 
john1226: folds 
Alameda22: folds 
makojim: raises $1 to $1.50
chuli123: folds 
thundercop: folds 
vltava: folds 
Spanische: folds 
Uncalled bet ($1) returned to makojim
makojim collected $1.25 from pot
makojim: doesn't show hand 
*** SUMMARY ***
Total pot $1.25 | Rake $0 
Seat 1: absou1ut folded before Flop (didn't bet)
Seat 2: john1226 folded before Flop (didn't bet)
Seat 3: Alameda22 folded before Flop (didn't bet)
Seat 4: makojim collected ($1.25)
Seat 6: chuli123 folded before Flop (didn't bet)
Seat 7: thundercop (button) folded before Flop (didn't bet)
Seat 8: vltava (small blind) folded before Flop
Seat 9: Spanische (big blind) folded before Flop



PokerStars Game #20155158595:  Hold'em No Limit ($0.25/$0.50) - 2008/09/04 23:01:04 ET
Table 'Gase III' 9-max Seat #8 is the button
Seat 1: absou1ut ($50 in chips) 
Seat 2: john1226 ($52.30 in chips) 
Seat 3: Alameda22 ($50.80 in chips) 
Seat 4: makojim ($47.25 in chips) 
Seat 6: chuli123 ($53.70 in chips) 
Seat 7: thundercop ($77.30 in chips) 
Seat 8: vltava ($49.25 in chips) 
Seat 9: Spanische ($98.05 in chips) 
Spanische: posts small blind $0.25
absou1ut: posts big blind $0.50
Platonist: sits out 
*** HOLE CARDS ***
Dealt to Alameda22 [Td Qh]
john1226: folds 
Alameda22: folds 
makojim: folds 
chuli123: folds 
thundercop: folds 
vltava: raises $1 to $1.50
Spanische: folds 
absou1ut: calls $1
*** FLOP *** [Tc 2s Kd]
absou1ut: checks 
vltava: bets $2.25
absou1ut: folds 
Uncalled bet ($2.25) returned to vltava
vltava collected $3.10 from pot
vltava: doesn't show hand 
*** SUMMARY ***
Total pot $3.25 | Rake $0.15 
Board [Tc 2s Kd]
Seat 1: absou1ut (big blind) folded on the Flop
Seat 2: john1226 folded before Flop (didn't bet)
Seat 3: Alameda22 folded before Flop (didn't bet)
Seat 4: makojim folded before Flop (didn't bet)
Seat 6: chuli123 folded before Flop (didn't bet)
Seat 7: thundercop folded before Flop (didn't bet)
Seat 8: vltava (button) collected ($3.10)
Seat 9: Spanische (small blind) folded before Flop



PokerStars Game #20155202167:  Hold'em No Limit ($0.25/$0.50) - 2008/09/04 23:03:09 ET
Table 'Gase III' 9-max Seat #9 is the button
Seat 1: absou1ut ($48.50 in chips) 
Seat 2: john1226 ($52.30 in chips) 
Seat 3: Alameda22 ($50.80 in chips) 
Seat 4: makojim ($47.25 in chips) 
Seat 6: chuli123 ($53.70 in chips) 
Seat 7: thundercop ($77.30 in chips) 
Seat 8: vltava ($50.85 in chips) 
Seat 9: Spanische ($97.80 in chips) 
absou1ut: posts small blind $0.25
john1226: posts big blind $0.50
Platonist: sits out 
*** HOLE CARDS ***
Dealt to Alameda22 [Ts 4h]
Alameda22: folds 
makojim: raises $1 to $1.50
chuli123: folds 
thundercop: folds 
vltava: folds 
Spanische: folds 
absou1ut: calls $1.25
john1226: folds 
*** FLOP *** [9s Th Jc]
absou1ut: checks 
makojim: bets $2
absou1ut: raises $2 to $4
makojim: calls $2
*** TURN *** [9s Th Jc] [6h]
absou1ut: bets $11
makojim: folds 
Uncalled bet ($11) returned to absou1ut
absou1ut collected $10.95 from pot
absou1ut: doesn't show hand 
*** SUMMARY ***
Total pot $11.50 | Rake $0.55 
Board [9s Th Jc 6h]
Seat 1: absou1ut (small blind) collected ($10.95)
Seat 2: john1226 (big blind) folded before Flop
Seat 3: Alameda22 folded before Flop (didn't bet)
Seat 4: makojim folded on the Turn
Seat 6: chuli123 folded before Flop (didn't bet)
Seat 7: thundercop folded before Flop (didn't bet)
Seat 8: vltava folded before Flop (didn't bet)
Seat 9: Spanische (button) folded before Flop (didn't bet)



PokerStars Game #20155256937:  Hold'em No Limit ($0.25/$0.50) - 2008/09/04 23:05:49 ET
Table 'Gase III' 9-max Seat #1 is the button
Seat 1: absou1ut ($53.95 in chips) 
Seat 2: john1226 ($51.80 in chips) 
Seat 3: Alameda22 ($50.80 in chips) 
Seat 4: makojim ($41.75 in chips) 
Seat 6: chuli123 ($53.70 in chips) 
Seat 7: thundercop ($77.30 in chips) 
Seat 8: vltava ($50.85 in chips) 
Seat 9: Spanische ($97.80 in chips) 
john1226: posts small blind $0.25
Alameda22: posts big blind $0.50
Platonist: sits out 
*** HOLE CARDS ***
Dealt to Alameda22 [9s Tc]
makojim: folds 
chuli123: folds 
thundercop: folds 
makojim leaves the table
vltava: folds 
Spanische: folds 
absou1ut: raises $1.50 to $2
john1226: folds 
Alameda22: folds 
Uncalled bet ($1.50) returned to absou1ut
absou1ut collected $1.25 from pot
absou1ut: doesn't show hand 
*** SUMMARY ***
Total pot $1.25 | Rake $0 
Seat 1: absou1ut (button) collected ($1.25)
Seat 2: john1226 (small blind) folded before Flop
Seat 3: Alameda22 (big blind) folded before Flop
Seat 4: makojim folded before Flop (didn't bet)
Seat 6: chuli123 folded before Flop (didn't bet)
Seat 7: thundercop folded before Flop (didn't bet)
Seat 8: vltava folded before Flop (didn't bet)
Seat 9: Spanische folded before Flop (didn't bet)



PokerStars Game #20155276234:  Hold'em No Limit ($0.25/$0.50) - 2008/09/04 23:06:46 ET
Table 'Gase III' 9-max Seat #2 is the button
Seat 1: absou1ut ($54.70 in chips) 
Seat 2: john1226 ($51.55 in chips) 
Seat 3: Alameda22 ($50.30 in chips) 
Seat 5: Platonist ($50 in chips) 
Seat 6: chuli123 ($53.70 in chips) 
Seat 7: thundercop ($77.30 in chips) 
Seat 8: vltava ($50.85 in chips) 
Seat 9: Spanische ($97.80 in chips) 
Alameda22: posts small blind $0.25
Platonist: posts big blind $0.50
*** HOLE CARDS ***
Dealt to Alameda22 [Ad 6s]
chuli123: folds 
thundercop: raises $1.50 to $2
vltava: folds 
Spanische: folds 
absou1ut: folds 
john1226: folds 
Alameda22: folds 
Platonist: folds 
Uncalled bet ($1.50) returned to thundercop
thundercop collected $1.25 from pot
thundercop: doesn't show hand 
*** SUMMARY ***
Total pot $1.25 | Rake $0 
Seat 1: absou1ut folded before Flop (didn't bet)
Seat 2: john1226 (button) folded before Flop (didn't bet)
Seat 3: Alameda22 (small blind) folded before Flop
Seat 5: Platonist (big blind) folded before Flop
Seat 6: chuli123 folded before Flop (didn't bet)
Seat 7: thundercop collected ($1.25)
Seat 8: vltava folded before Flop (didn't bet)
Seat 9: Spanische folded before Flop (didn't bet)



PokerStars Game #20155288214:  Hold'em No Limit ($0.25/$0.50) - 2008/09/04 23:07:22 ET
Table 'Gase III' 9-max Seat #3 is the button
Seat 1: absou1ut ($54.70 in chips) 
Seat 2: john1226 ($51.55 in chips) 
Seat 3: Alameda22 ($50.05 in chips) 
Seat 5: Platonist ($49.50 in chips) 
Seat 6: chuli123 ($53.70 in chips) 
Seat 7: thundercop ($78.05 in chips) 
Seat 8: vltava ($50.85 in chips) 
Seat 9: Spanische ($97.80 in chips) 
Platonist: posts small blind $0.25
chuli123: posts big blind $0.50
*** HOLE CARDS ***
Dealt to Alameda22 [3s Ad]
thundercop: raises $1.50 to $2
vltava: folds 
Spanische: folds 
absou1ut: folds 
john1226: folds 
Alameda22: folds 
Platonist: folds 
chuli123: folds 
Uncalled bet ($1.50) returned to thundercop
thundercop collected $1.25 from pot
thundercop: doesn't show hand 
*** SUMMARY ***
Total pot $1.25 | Rake $0 
Seat 1: absou1ut folded before Flop (didn't bet)
Seat 2: john1226 folded before Flop (didn't bet)
Seat 3: Alameda22 (button) folded before Flop (didn't bet)
Seat 5: Platonist (small blind) folded before Flop
Seat 6: chuli123 (big blind) folded before Flop
Seat 7: thundercop collected ($1.25)
Seat 8: vltava folded before Flop (didn't bet)
Seat 9: Spanische folded before Flop (didn't bet)



PokerStars Game #20155299438:  Hold'em No Limit ($0.25/$0.50) - 2008/09/04 23:07:55 ET
Table 'Gase III' 9-max Seat #5 is the button
Seat 1: absou1ut ($54.70 in chips) 
Seat 2: john1226 ($51.55 in chips) 
Seat 3: Alameda22 ($50.05 in chips) 
Seat 5: Platonist ($49.25 in chips) 
Seat 6: chuli123 ($53.20 in chips) 
Seat 7: thundercop ($78.80 in chips) 
Seat 8: vltava ($50.85 in chips) 
Seat 9: Spanische ($97.80 in chips) 
chuli123: posts small blind $0.25
thundercop: posts big blind $0.50
*** HOLE CARDS ***
Dealt to Alameda22 [2h 7c]
vltava: folds 
Spanische: raises $1 to $1.50
absou1ut: folds 
john1226: folds 
Alameda22: folds 
Platonist: folds 
chuli123: calls $1.25
thundercop: folds 
*** FLOP *** [9s 5c 7s]
chuli123: checks 
Spanische: bets $2
chuli123: calls $2
*** TURN *** [9s 5c 7s] [Jd]
chuli123: checks 
Spanische: bets $4
chuli123: raises $6 to $10
Spanische: folds 
Uncalled bet ($6) returned to chuli123
chuli123 collected $14.75 from pot
chuli123: doesn't show hand 
*** SUMMARY ***
Total pot $15.50 | Rake $0.75 
Board [9s 5c 7s Jd]
Seat 1: absou1ut folded before Flop (didn't bet)
Seat 2: john1226 folded before Flop (didn't bet)
Seat 3: Alameda22 folded before Flop (didn't bet)
Seat 5: Platonist (button) folded before Flop (didn't bet)
Seat 6: chuli123 (small blind) collected ($14.75)
Seat 7: thundercop (big blind) folded before Flop
Seat 8: vltava folded before Flop (didn't bet)
Seat 9: Spanische folded on the Turn



PokerStars Game #20155341924:  Hold'em No Limit ($0.25/$0.50) - 2008/09/04 23:10:00 ET
Table 'Gase III' 9-max Seat #6 is the button
Seat 1: absou1ut ($54.70 in chips) 
Seat 2: john1226 ($51.55 in chips) 
Seat 3: Alameda22 ($50.05 in chips) 
Seat 5: Platonist ($49.25 in chips) 
Seat 6: chuli123 ($60.45 in chips) 
Seat 7: thundercop ($78.30 in chips) 
Seat 8: vltava ($50.85 in chips) 
Seat 9: Spanische ($90.30 in chips) 
thundercop: posts small blind $0.25
vltava: posts big blind $0.50
*** HOLE CARDS ***
Dealt to Alameda22 [8h 2h]
Spanische: folds 
absou1ut: raises $1.50 to $2
john1226: folds 
Alameda22: folds 
Platonist: folds 
chuli123: folds 
thundercop: folds 
vltava: folds 
Uncalled bet ($1.50) returned to absou1ut
absou1ut collected $1.25 from pot
absou1ut: doesn't show hand 
*** SUMMARY ***
Total pot $1.25 | Rake $0 
Seat 1: absou1ut collected ($1.25)
Seat 2: john1226 folded before Flop (didn't bet)
Seat 3: Alameda22 folded before Flop (didn't bet)
Seat 5: Platonist folded before Flop (didn't bet)
Seat 6: chuli123 (button) folded before Flop (didn't bet)
Seat 7: thundercop (small blind) folded before Flop
Seat 8: vltava (big blind) folded before Flop
Seat 9: Spanische folded before Flop (didn't bet)



PokerStars Game #20155359368:  Hold'em No Limit ($0.25/$0.50) - 2008/09/04 23:10:52 ET
Table 'Gase III' 9-max Seat #7 is the button
Seat 1: absou1ut ($55.45 in chips) 
Seat 2: john1226 ($51.55 in chips) 
Seat 3: Alameda22 ($50.05 in chips) 
Seat 5: Platonist ($50 in chips) 
Seat 6: chuli123 ($60.45 in chips) 
Seat 7: thundercop ($78.05 in chips) 
Seat 8: vltava ($50.35 in chips) 
Seat 9: Spanische ($90.30 in chips) 
vltava: posts small blind $0.25
Spanische: posts big blind $0.50
*** HOLE CARDS ***
Dealt to Alameda22 [2s Js]
absou1ut: folds 
john1226: calls $0.50
Alameda22: folds 
Platonist: folds 
chuli123: folds 
thundercop: calls $0.50
vltava: folds 
Spanische: checks 
*** FLOP *** [Ad 5s 7s]
Spanische: checks 
john1226: bets $1.50
thundercop: folds 
Spanische: folds 
Uncalled bet ($1.50) returned to john1226
john1226 collected $1.70 from pot
john1226: doesn't show hand 
*** SUMMARY ***
Total pot $1.75 | Rake $0.05 
Board [Ad 5s 7s]
Seat 1: absou1ut folded before Flop (didn't bet)
Seat 2: john1226 collected ($1.70)
Seat 3: Alameda22 folded before Flop (didn't bet)
Seat 5: Platonist folded before Flop (didn't bet)
Seat 6: chuli123 folded before Flop (didn't bet)
Seat 7: thundercop (button) folded on the Flop
Seat 8: vltava (small blind) folded before Flop
Seat 9: Spanische (big blind) folded on the Flop



PokerStars Game #20155390655:  Hold'em No Limit ($0.25/$0.50) - 2008/09/04 23:12:27 ET
Table 'Gase III' 9-max Seat #8 is the button
Seat 1: absou1ut ($55.45 in chips) 
Seat 2: john1226 ($52.75 in chips) 
Seat 3: Alameda22 ($50.05 in chips) 
Seat 5: Platonist ($50 in chips) 
Seat 6: chuli123 ($60.45 in chips) 
Seat 7: thundercop ($77.55 in chips) 
Seat 8: vltava ($50.10 in chips) 
Seat 9: Spanische ($89.80 in chips) 
Spanische: posts small blind $0.25
absou1ut: posts big blind $0.50
*** HOLE CARDS ***
Dealt to Alameda22 [Jd As]
john1226: folds 
Alameda22: folds 
Platonist: folds 
chuli123: folds 
thundercop: folds 
vltava: raises $1 to $1.50
Spanische: folds 
absou1ut: calls $1
*** FLOP *** [Ks Kd Qh]
absou1ut: checks 
vltava: bets $2
absou1ut: folds 
Uncalled bet ($2) returned to vltava
vltava collected $3.10 from pot
vltava: doesn't show hand 
*** SUMMARY ***
Total pot $3.25 | Rake $0.15 
Board [Ks Kd Qh]
Seat 1: absou1ut (big blind) folded on the Flop
Seat 2: john1226 folded before Flop (didn't bet)
Seat 3: Alameda22 folded before Flop (didn't bet)
Seat 5: Platonist folded before Flop (didn't bet)
Seat 6: chuli123 folded before Flop (didn't bet)
Seat 7: thundercop folded before Flop (didn't bet)
Seat 8: vltava (button) collected ($3.10)
Seat 9: Spanische (small blind) folded before Flop



PokerStars Game #20155414884:  Hold'em No Limit ($0.25/$0.50) - 2008/09/04 23:13:39 ET
Table 'Gase III' 9-max Seat #9 is the button
Seat 1: absou1ut ($53.95 in chips) 
Seat 2: john1226 ($52.75 in chips) 
Seat 3: Alameda22 ($50.05 in chips) 
Seat 5: Platonist ($50 in chips) 
Seat 6: chuli123 ($60.45 in chips) 
Seat 7: thundercop ($77.55 in chips) 
Seat 8: vltava ($51.70 in chips) 
Seat 9: Spanische ($89.55 in chips) 
absou1ut: posts small blind $0.25
john1226: posts big blind $0.50
*** HOLE CARDS ***
Dealt to Alameda22 [6h 2h]
Alameda22: folds 
Platonist: folds 
chuli123: folds 
thundercop: folds 
vltava: folds 
Spanische: raises $1 to $1.50
absou1ut: folds 
john1226: folds 
Uncalled bet ($1) returned to Spanische
Spanische collected $1.25 from pot
Spanische: doesn't show hand 
*** SUMMARY ***
Total pot $1.25 | Rake $0 
Seat 1: absou1ut (small blind) folded before Flop
Seat 2: john1226 (big blind) folded before Flop
Seat 3: Alameda22 folded before Flop (didn't bet)
Seat 5: Platonist folded before Flop (didn't bet)
Seat 6: chuli123 folded before Flop (didn't bet)
Seat 7: thundercop folded before Flop (didn't bet)
Seat 8: vltava folded before Flop (didn't bet)
Seat 9: Spanische (button) collected ($1.25)



PokerStars Game #20155435039:  Hold'em No Limit ($0.25/$0.50) - 2008/09/04 23:14:40 ET
Table 'Gase III' 9-max Seat #1 is the button
Seat 1: absou1ut ($53.70 in chips) 
Seat 2: john1226 ($52.25 in chips) 
Seat 3: Alameda22 ($50.05 in chips) 
Seat 5: Platonist ($50 in chips) 
Seat 6: chuli123 ($60.45 in chips) 
Seat 7: thundercop ($77.55 in chips) 
Seat 8: vltava ($51.70 in chips) 
Seat 9: Spanische ($90.30 in chips) 
john1226: posts small blind $0.25
Alameda22: posts big blind $0.50
*** HOLE CARDS ***
Dealt to Alameda22 [Th 4d]
Platonist: folds 
chuli123: folds 
thundercop: folds 
vltava: folds 
Spanische: raises $1 to $1.50
absou1ut: folds 
john1226: folds 
Alameda22: folds 
Uncalled bet ($1) returned to Spanische
Spanische collected $1.25 from pot
*** SUMMARY ***
Total pot $1.25 | Rake $0 
Seat 1: absou1ut (button) folded before Flop (didn't bet)
Seat 2: john1226 (small blind) folded before Flop
Seat 3: Alameda22 (big blind) folded before Flop
Seat 5: Platonist folded before Flop (didn't bet)
Seat 6: chuli123 folded before Flop (didn't bet)
Seat 7: thundercop folded before Flop (didn't bet)
Seat 8: vltava folded before Flop (didn't bet)
Seat 9: Spanische collected ($1.25)



PokerStars Game #20155449790:  Hold'em No Limit ($0.25/$0.50) - 2008/09/04 23:15:24 ET
Table 'Gase III' 9-max Seat #2 is the button
Seat 1: absou1ut ($53.70 in chips) 
Seat 2: john1226 ($52 in chips) 
Seat 3: Alameda22 ($49.55 in chips) 
Seat 5: Platonist ($50 in chips) 
Seat 6: chuli123 ($60.45 in chips) 
Seat 7: thundercop ($77.55 in chips) 
Seat 8: vltava ($51.70 in chips) 
Seat 9: Spanische ($91.05 in chips) 
Alameda22: posts small blind $0.25
Platonist: posts big blind $0.50
*** HOLE CARDS ***
Dealt to Alameda22 [Tc Ac]
chuli123: folds 
thundercop: folds 
vltava: folds 
Spanische: folds 
absou1ut: raises $1.50 to $2
john1226: folds 
Alameda22: folds 
Platonist: folds 
Uncalled bet ($1.50) returned to absou1ut
absou1ut collected $1.25 from pot
absou1ut: doesn't show hand 
*** SUMMARY ***
Total pot $1.25 | Rake $0 
Seat 1: absou1ut collected ($1.25)
Seat 2: john1226 (button) folded before Flop (didn't bet)
Seat 3: Alameda22 (small blind) folded before Flop
Seat 5: Platonist (big blind) folded before Flop
Seat 6: chuli123 folded before Flop (didn't bet)
Seat 7: thundercop folded before Flop (didn't bet)
Seat 8: vltava folded before Flop (didn't bet)
Seat 9: Spanische folded before Flop (didn't bet)



PokerStars Game #20155462575:  Hold'em No Limit ($0.25/$0.50) - 2008/09/04 23:16:03 ET
Table 'Gase III' 9-max Seat #3 is the button
Seat 1: absou1ut ($54.45 in chips) 
Seat 2: john1226 ($52 in chips) 
Seat 3: Alameda22 ($49.30 in chips) 
Seat 5: Platonist ($49.50 in chips) 
Seat 6: chuli123 ($60.45 in chips) 
Seat 7: thundercop ($77.55 in chips) 
Seat 8: vltava ($51.70 in chips) 
Seat 9: Spanische ($91.05 in chips) 
Platonist: posts small blind $0.25
chuli123: posts big blind $0.50
*** HOLE CARDS ***
Dealt to Alameda22 [3h 4c]
thundercop: raises $1.50 to $2
vltava: folds 
Spanische: folds 
absou1ut: folds 
john1226: folds 
Alameda22: folds 
Platonist: folds 
chuli123: folds 
Uncalled bet ($1.50) returned to thundercop
thundercop collected $1.25 from pot
thundercop: doesn't show hand 
JJN-32 joins the table at seat #4 
*** SUMMARY ***
Total pot $1.25 | Rake $0 
Seat 1: absou1ut folded before Flop (didn't bet)
Seat 2: john1226 folded before Flop (didn't bet)
Seat 3: Alameda22 (button) folded before Flop (didn't bet)
Seat 5: Platonist (small blind) folded before Flop
Seat 6: chuli123 (big blind) folded before Flop
Seat 7: thundercop collected ($1.25)
Seat 8: vltava folded before Flop (didn't bet)
Seat 9: Spanische folded before Flop (didn't bet)



PokerStars Game #20155483150:  Hold'em No Limit ($0.25/$0.50) - 2008/09/04 23:17:05 ET
Table 'Gase III' 9-max Seat #5 is the button
Seat 1: absou1ut ($54.45 in chips) 
Seat 2: john1226 ($52 in chips) 
Seat 3: Alameda22 ($49.30 in chips) 
Seat 4: JJN-32 ($25 in chips) 
Seat 5: Platonist ($49.25 in chips) 
Seat 6: chuli123 ($59.95 in chips) 
Seat 8: vltava ($51.70 in chips) 
Seat 9: Spanische ($91.05 in chips) 
chuli123: posts small blind $0.25
thundercop: is sitting out 
vltava: posts big blind $0.50
JJN-32: posts big blind $0.50
*** HOLE CARDS ***
Dealt to Alameda22 [6s 8c]
thundercop leaves the table
Spanische: folds 
absou1ut: folds 
john1226: folds 
Alameda22: folds 
JJN-32: checks 
Platonist: folds 
chuli123: calls $0.25
vltava: checks 
*** FLOP *** [Ad 3c 6h]
chuli123: checks 
vltava: checks 
JJN-32: checks 
*** TURN *** [Ad 3c 6h] [Ac]
chuli123: bets $0.50
vltava: folds 
JJN-32: folds 
Uncalled bet ($0.50) returned to chuli123
chuli123 collected $1.45 from pot
chuli123: doesn't show hand 
*** SUMMARY ***
Total pot $1.50 | Rake $0.05 
Board [Ad 3c 6h Ac]
Seat 1: absou1ut folded before Flop (didn't bet)
Seat 2: john1226 folded before Flop (didn't bet)
Seat 3: Alameda22 folded before Flop (didn't bet)
Seat 4: JJN-32 folded on the Turn
Seat 5: Platonist (button) folded before Flop (didn't bet)
Seat 6: chuli123 (small blind) collected ($1.45)
Seat 8: vltava (big blind) folded on the Turn
Seat 9: Spanische folded before Flop (didn't bet)



PokerStars Game #20155502498:  Hold'em No Limit ($0.25/$0.50) - 2008/09/04 23:18:03 ET
Table 'Gase III' 9-max Seat #6 is the button
Seat 1: absou1ut ($54.45 in chips) 
Seat 2: john1226 ($52 in chips) 
Seat 3: Alameda22 ($49.30 in chips) 
Seat 4: JJN-32 ($24.50 in chips) 
Seat 5: Platonist ($50 in chips) 
Seat 6: chuli123 ($60.90 in chips) 
Seat 8: vltava ($51.20 in chips) 
Seat 9: Spanische ($91.05 in chips) 
vltava: posts small blind $0.25
Spanische: posts big blind $0.50
*** HOLE CARDS ***
Dealt to Alameda22 [Kh 8d]
absou1ut: folds 
john1226: folds 
Alameda22: folds 
JJN-32: folds 
Platonist: folds 
chuli123: folds 
chuli123 leaves the table
vltava: folds 
Uncalled bet ($0.25) returned to Spanische
Spanische collected $0.50 from pot
Spanische: doesn't show hand 
*** SUMMARY ***
Total pot $0.50 | Rake $0 
Seat 1: absou1ut folded before Flop (didn't bet)
Seat 2: john1226 folded before Flop (didn't bet)
Seat 3: Alameda22 folded before Flop (didn't bet)
Seat 4: JJN-32 folded before Flop (didn't bet)
Seat 5: Platonist folded before Flop (didn't bet)
Seat 6: chuli123 (button) folded before Flop (didn't bet)
Seat 8: vltava (small blind) folded before Flop
Seat 9: Spanische (big blind) collected ($0.50)



PokerStars Game #20155517627:  Hold'em No Limit ($0.25/$0.50) - 2008/09/04 23:18:49 ET
Table 'Gase III' 9-max Seat #8 is the button
Seat 1: absou1ut ($54.45 in chips) 
Seat 2: john1226 ($52 in chips) 
Seat 3: Alameda22 ($49.30 in chips) 
Seat 4: JJN-32 ($24.50 in chips) 
Seat 5: Platonist ($50 in chips) 
Seat 8: vltava ($50.95 in chips) 
Seat 9: Spanische ($91.30 in chips) 
Spanische: posts small blind $0.25
absou1ut: posts big blind $0.50
*** HOLE CARDS ***
Dealt to Alameda22 [8h 3h]
john1226: folds 
Alameda22: folds 
JJN-32: calls $0.50
Platonist: folds 
vltava: calls $0.50
Spanische: folds 
TheCardShark joins the table at seat #7 
absou1ut: checks 
*** FLOP *** [4d Qs Jd]
absou1ut: checks 
JJN-32: checks 
vltava: checks 
*** TURN *** [4d Qs Jd] [Qc]
absou1ut: checks 
JJN-32: bets $0.50
vltava: folds 
absou1ut: folds 
Uncalled bet ($0.50) returned to JJN-32
JJN-32 collected $1.70 from pot
JJN-32: doesn't show hand 
*** SUMMARY ***
Total pot $1.75 | Rake $0.05 
Board [4d Qs Jd Qc]
Seat 1: absou1ut (big blind) folded on the Turn
Seat 2: john1226 folded before Flop (didn't bet)
Seat 3: Alameda22 folded before Flop (didn't bet)
Seat 4: JJN-32 collected ($1.70)
Seat 5: Platonist folded before Flop (didn't bet)
Seat 8: vltava (button) folded on the Turn
Seat 9: Spanische (small blind) folded before Flop



PokerStars Game #20155548894:  Hold'em No Limit ($0.25/$0.50) - 2008/09/04 23:20:24 ET
Table 'Gase III' 9-max Seat #9 is the button
Seat 1: absou1ut ($53.95 in chips) 
Seat 2: john1226 ($52 in chips) 
Seat 3: Alameda22 ($49.30 in chips) 
Seat 4: JJN-32 ($25.70 in chips) 
Seat 5: Platonist ($50 in chips) 
Seat 7: TheCardShark ($50 in chips) 
Seat 8: vltava ($50.45 in chips) 
Seat 9: Spanische ($91.05 in chips) 
absou1ut: posts small blind $0.25
john1226: posts big blind $0.50
TheCardShark: posts big blind $0.50
*** HOLE CARDS ***
Dealt to Alameda22 [Th 8s]
Alameda22: folds 
JJN-32: calls $0.50
Platonist: folds 
TheCardShark: checks 
vltava: calls $0.50
Spanische: folds 
JJN-32 said, "zzzzzzzzzzzzzzzzzzzzzz"
absou1ut: calls $0.25
john1226: checks 
*** FLOP *** [Qd 7c Qh]
absou1ut: checks 
john1226: checks 
JJN-32: checks 
TheCardShark: checks 
vltava: bets $2
absou1ut: raises $4 to $6
john1226: folds 
JJN-32: folds 
TheCardShark: folds 
JJN-32 leaves the table
dimesbaby joins the table at seat #6 
vltava: folds 
Uncalled bet ($4) returned to absou1ut
absou1ut collected $6.20 from pot
absou1ut: doesn't show hand 
*** SUMMARY ***
Total pot $6.50 | Rake $0.30 
Board [Qd 7c Qh]
Seat 1: absou1ut (small blind) collected ($6.20)
Seat 2: john1226 (big blind) folded on the Flop
Seat 3: Alameda22 folded before Flop (didn't bet)
Seat 4: JJN-32 folded on the Flop
Seat 5: Platonist folded before Flop (didn't bet)
Seat 7: TheCardShark folded on the Flop
Seat 8: vltava folded on the Flop
Seat 9: Spanische (button) folded before Flop (didn't bet)



PokerStars Game #20155585106:  Hold'em No Limit ($0.25/$0.50) - 2008/09/04 23:22:16 ET
Table 'Gase III' 9-max Seat #1 is the button
Seat 1: absou1ut ($57.65 in chips) 
Seat 2: john1226 ($51.50 in chips) 
Seat 3: Alameda22 ($49.30 in chips) 
Seat 5: Platonist ($50 in chips) 
Seat 6: dimesbaby ($29.70 in chips) 
Seat 7: TheCardShark ($49.50 in chips) 
Seat 8: vltava ($50 in chips) 
Seat 9: Spanische ($91.05 in chips) 
john1226: posts small blind $0.25
Alameda22: posts big blind $0.50
dimesbaby: posts big blind $0.50
*** HOLE CARDS ***
Dealt to Alameda22 [9d Ac]
Platonist: folds 
dimesbaby: checks 
TheCardShark: calls $0.50
vltava: raises $2.50 to $3
Spanische: folds 
absou1ut: folds 
john1226: folds 
Alameda22: folds 
dimesbaby: folds 
TheCardShark: folds 
Uncalled bet ($2.50) returned to vltava
vltava collected $2.25 from pot
vltava: doesn't show hand 
*** SUMMARY ***
Total pot $2.25 | Rake $0 
Seat 1: absou1ut (button) folded before Flop (didn't bet)
Seat 2: john1226 (small blind) folded before Flop
Seat 3: Alameda22 (big blind) folded before Flop
Seat 5: Platonist folded before Flop (didn't bet)
Seat 6: dimesbaby folded before Flop
Seat 7: TheCardShark folded before Flop
Seat 8: vltava collected ($2.25)
Seat 9: Spanische folded before Flop (didn't bet)



PokerStars Game #20155608461:  Hold'em No Limit ($0.25/$0.50) - 2008/09/04 23:23:28 ET
Table 'Gase III' 9-max Seat #2 is the button
Seat 1: absou1ut ($57.65 in chips) 
Seat 2: john1226 ($51.25 in chips) 
Seat 3: Alameda22 ($48.80 in chips) 
Seat 5: Platonist ($50 in chips) 
Seat 6: dimesbaby ($29.20 in chips) 
Seat 7: TheCardShark ($49 in chips) 
Seat 8: vltava ($51.75 in chips) 
Seat 9: Spanische ($91.05 in chips) 
Alameda22: posts small blind $0.25
Platonist: posts big blind $0.50
*** HOLE CARDS ***
Dealt to Alameda22 [Qh 3c]
dimesbaby: folds 
TheCardShark: folds 
vltava: folds 
Spanische: folds 
absou1ut: raises $1.50 to $2
john1226: folds 
Alameda22: folds 
Platonist: folds 
Uncalled bet ($1.50) returned to absou1ut
absou1ut collected $1.25 from pot
absou1ut: doesn't show hand 
*** SUMMARY ***
Total pot $1.25 | Rake $0 
Seat 1: absou1ut collected ($1.25)
Seat 2: john1226 (button) folded before Flop (didn't bet)
Seat 3: Alameda22 (small blind) folded before Flop
Seat 5: Platonist (big blind) folded before Flop
Seat 6: dimesbaby folded before Flop (didn't bet)
Seat 7: TheCardShark folded before Flop (didn't bet)
Seat 8: vltava folded before Flop (didn't bet)
Seat 9: Spanische folded before Flop (didn't bet)



PokerStars Game #20155626263:  Hold'em No Limit ($0.25/$0.50) - 2008/09/04 23:24:24 ET
Table 'Gase III' 9-max Seat #3 is the button
Seat 1: absou1ut ($58.40 in chips) 
Seat 2: john1226 ($51.25 in chips) 
Seat 3: Alameda22 ($48.55 in chips) 
Seat 5: Platonist ($49.50 in chips) 
Seat 6: dimesbaby ($29.20 in chips) 
Seat 7: TheCardShark ($49 in chips) 
Seat 8: vltava ($51.75 in chips) 
Seat 9: Spanische ($91.05 in chips) 
Platonist: posts small blind $0.25
dimesbaby: posts big blind $0.50
*** HOLE CARDS ***
Dealt to Alameda22 [Ac 8s]
TheCardShark: folds 
vltava: folds 
Spanische: folds 
absou1ut: folds 
john1226: folds 
Alameda22: folds 
Platonist: folds 
Uncalled bet ($0.25) returned to dimesbaby
dimesbaby collected $0.50 from pot
dimesbaby: doesn't show hand 
*** SUMMARY ***
Total pot $0.50 | Rake $0 
Seat 1: absou1ut folded before Flop (didn't bet)
Seat 2: john1226 folded before Flop (didn't bet)
Seat 3: Alameda22 (button) folded before Flop (didn't bet)
Seat 5: Platonist (small blind) folded before Flop
Seat 6: dimesbaby (big blind) collected ($0.50)
Seat 7: TheCardShark folded before Flop (didn't bet)
Seat 8: vltava folded before Flop (didn't bet)
Seat 9: Spanische folded before Flop (didn't bet)



PokerStars Game #20155645705:  Hold'em No Limit ($0.25/$0.50) - 2008/09/04 23:25:26 ET
Table 'Gase III' 9-max Seat #5 is the button
Seat 1: absou1ut ($58.40 in chips) 
Seat 2: john1226 ($51.25 in chips) 
Seat 3: Alameda22 ($48.55 in chips) 
Seat 5: Platonist ($49.25 in chips) 
Seat 6: dimesbaby ($29.45 in chips) 
Seat 7: TheCardShark ($49 in chips) 
Seat 8: vltava ($51.75 in chips) 
Seat 9: Spanische ($91.05 in chips) 
dimesbaby: posts small blind $0.25
TheCardShark: posts big blind $0.50
*** HOLE CARDS ***
Dealt to Alameda22 [9h 5h]
vltava: folds 
Spanische: folds 
absou1ut: folds 
john1226: raises $1.50 to $2
Alameda22: folds 
Platonist: folds 
dimesbaby: raises $3 to $5
TheCardShark: folds 
john1226: calls $3
*** FLOP *** [6s 4h 8d]
dimesbaby: bets $6
john1226: folds 
Uncalled bet ($6) returned to dimesbaby
dimesbaby collected $10 from pot
dimesbaby: doesn't show hand 
*** SUMMARY ***
Total pot $10.50 | Rake $0.50 
Board [6s 4h 8d]
Seat 1: absou1ut folded before Flop (didn't bet)
Seat 2: john1226 folded on the Flop
Seat 3: Alameda22 folded before Flop (didn't bet)
Seat 5: Platonist (button) folded before Flop (didn't bet)
Seat 6: dimesbaby (small blind) collected ($10)
Seat 7: TheCardShark (big blind) folded before Flop
Seat 8: vltava folded before Flop (didn't bet)
Seat 9: Spanische folded before Flop (didn't bet)



PokerStars Game #20155664938:  Hold'em No Limit ($0.25/$0.50) - 2008/09/04 23:26:27 ET
Table 'Gase III' 9-max Seat #6 is the button
Seat 1: absou1ut ($58.40 in chips) 
Seat 2: john1226 ($46.25 in chips) 
Seat 3: Alameda22 ($48.55 in chips) 
Seat 5: Platonist ($49.25 in chips) 
Seat 6: dimesbaby ($34.45 in chips) 
Seat 7: TheCardShark ($48.50 in chips) 
Seat 8: vltava ($51.75 in chips) 
Seat 9: Spanische ($91.05 in chips) 
TheCardShark: posts small blind $0.25
vltava: posts big blind $0.50
*** HOLE CARDS ***
Dealt to Alameda22 [4d 8h]
Spanische: folds 
absou1ut: folds 
john1226: folds 
Alameda22: folds 
Platonist: folds 
dimesbaby: raises $1 to $1.50
TheCardShark: folds 
vltava: folds 
Uncalled bet ($1) returned to dimesbaby
dimesbaby collected $1.25 from pot
dimesbaby: doesn't show hand 
*** SUMMARY ***
Total pot $1.25 | Rake $0 
Seat 1: absou1ut folded before Flop (didn't bet)
Seat 2: john1226 folded before Flop (didn't bet)
Seat 3: Alameda22 folded before Flop (didn't bet)
Seat 5: Platonist folded before Flop (didn't bet)
Seat 6: dimesbaby (button) collected ($1.25)
Seat 7: TheCardShark (small blind) folded before Flop
Seat 8: vltava (big blind) folded before Flop
Seat 9: Spanische folded before Flop (didn't bet)



PokerStars Game #20155677922:  Hold'em No Limit ($0.25/$0.50) - 2008/09/04 23:27:08 ET
Table 'Gase III' 9-max Seat #7 is the button
Seat 1: absou1ut ($58.40 in chips) 
Seat 2: john1226 ($46.25 in chips) 
Seat 3: Alameda22 ($48.55 in chips) 
Seat 5: Platonist ($50 in chips) 
Seat 6: dimesbaby ($35.20 in chips) 
Seat 7: TheCardShark ($48.25 in chips) 
Seat 8: vltava ($51.25 in chips) 
Seat 9: Spanische ($91.05 in chips) 
vltava: posts small blind $0.25
Spanische: posts big blind $0.50
*** HOLE CARDS ***
Dealt to Alameda22 [Ac Tc]
absou1ut: folds 
john1226: folds 
Alameda22: folds 
Platonist: folds 
dimesbaby: folds 
TheCardShark: folds 
vltava: raises $1 to $1.50
Spanische: calls $1
*** FLOP *** [7h 7s 5d]
vltava: bets $2
Spanische: raises $4 to $6
vltava: raises $12 to $18
Spanische: raises $71.55 to $89.55 and is all-in
vltava: folds 
Uncalled bet ($71.55) returned to Spanische
Spanische collected $37.10 from pot
*** SUMMARY ***
Total pot $39 | Rake $1.90 
Board [7h 7s 5d]
Seat 1: absou1ut folded before Flop (didn't bet)
Seat 2: john1226 folded before Flop (didn't bet)
Seat 3: Alameda22 folded before Flop (didn't bet)
Seat 5: Platonist folded before Flop (didn't bet)
Seat 6: dimesbaby folded before Flop (didn't bet)
Seat 7: TheCardShark (button) folded before Flop (didn't bet)
Seat 8: vltava (small blind) folded on the Flop
Seat 9: Spanische (big blind) collected ($37.10)



PokerStars Game #20155709178:  Hold'em No Limit ($0.25/$0.50) - 2008/09/04 23:28:47 ET
Table 'Gase III' 9-max Seat #8 is the button
Seat 1: absou1ut ($58.40 in chips) 
Seat 2: john1226 ($46.25 in chips) 
Seat 3: Alameda22 ($48.55 in chips) 
Seat 5: Platonist ($50 in chips) 
Seat 6: dimesbaby ($35.20 in chips) 
Seat 7: TheCardShark ($48.25 in chips) 
Seat 8: vltava ($50 in chips) 
Seat 9: Spanische ($108.65 in chips) 
Spanische: posts small blind $0.25
absou1ut: posts big blind $0.50
*** HOLE CARDS ***
Dealt to Alameda22 [8h 6h]
john1226: folds 
Alameda22: folds 
Platonist: folds 
dimesbaby: raises $1 to $1.50
TheCardShark: calls $1.50
vltava: folds 
Spanische: folds 
absou1ut: folds 
*** FLOP *** [Ts Kc Jh]
dimesbaby: bets $2
TheCardShark: calls $2
*** TURN *** [Ts Kc Jh] [Qd]
dimesbaby: bets $4
TheCardShark: calls $4
*** RIVER *** [Ts Kc Jh Qd] [9d]
dimesbaby: bets $27.70 and is all-in
TheCardShark: calls $27.70
*** SHOW DOWN ***
dimesbaby: shows [Ac Jd] (a straight, Ten to Ace)
TheCardShark: mucks hand 
dimesbaby collected $68.15 from pot
*** SUMMARY ***
Total pot $71.15 | Rake $3 
Board [Ts Kc Jh Qd 9d]
Seat 1: absou1ut (big blind) folded before Flop
Seat 2: john1226 folded before Flop (didn't bet)
Seat 3: Alameda22 folded before Flop (didn't bet)
Seat 5: Platonist folded before Flop (didn't bet)
Seat 6: dimesbaby showed [Ac Jd] and won ($68.15) with a straight, Ten to Ace
Seat 7: TheCardShark mucked [Ks Js]
Seat 8: vltava (button) folded before Flop (didn't bet)
Seat 9: Spanische (small blind) folded before Flop



PokerStars Game #20155744852:  Hold'em No Limit ($0.25/$0.50) - 2008/09/04 23:30:40 ET
Table 'Gase III' 9-max Seat #9 is the button
Seat 1: absou1ut ($57.90 in chips) 
Seat 2: john1226 ($46.25 in chips) 
Seat 3: Alameda22 ($48.55 in chips) 
Seat 5: Platonist ($50 in chips) 
Seat 6: dimesbaby ($68.15 in chips) 
Seat 7: TheCardShark ($13.05 in chips) 
Seat 8: vltava ($50 in chips) 
Seat 9: Spanische ($108.40 in chips) 
absou1ut: posts small blind $0.25
john1226: posts big blind $0.50
*** HOLE CARDS ***
Dealt to Alameda22 [3c 5h]
Alameda22: folds 
Platonist: raises $1.50 to $2
dimesbaby: folds 
TheCardShark: folds 
vltava: folds 
Spanische: folds 
absou1ut: folds 
john1226: calls $1.50
*** FLOP *** [9h 5d Ac]
john1226: checks 
Platonist: checks 
*** TURN *** [9h 5d Ac] [Qh]
john1226: bets $1.50
Platonist: raises $1.50 to $3
john1226: folds 
Uncalled bet ($1.50) returned to Platonist
Platonist collected $6.90 from pot
Platonist: doesn't show hand 
*** SUMMARY ***
Total pot $7.25 | Rake $0.35 
Board [9h 5d Ac Qh]
Seat 1: absou1ut (small blind) folded before Flop
Seat 2: john1226 (big blind) folded on the Turn
Seat 3: Alameda22 folded before Flop (didn't bet)
Seat 5: Platonist collected ($6.90)
Seat 6: dimesbaby folded before Flop (didn't bet)
Seat 7: TheCardShark folded before Flop (didn't bet)
Seat 8: vltava folded before Flop (didn't bet)
Seat 9: Spanische (button) folded before Flop (didn't bet)



PokerStars Game #20155771209:  Hold'em No Limit ($0.25/$0.50) - 2008/09/04 23:32:02 ET
Table 'Gase III' 9-max Seat #1 is the button
Seat 1: absou1ut ($57.65 in chips) 
Seat 2: john1226 ($42.75 in chips) 
Seat 3: Alameda22 ($48.55 in chips) 
Seat 5: Platonist ($53.40 in chips) 
Seat 6: dimesbaby ($68.15 in chips) 
Seat 7: TheCardShark ($13.05 in chips) 
Seat 8: vltava ($50 in chips) 
Seat 9: Spanische ($108.40 in chips) 
john1226: posts small blind $0.25
Alameda22: posts big blind $0.50
*** HOLE CARDS ***
Dealt to Alameda22 [4s Ts]
Platonist: folds 
dimesbaby: folds 
TheCardShark: calls $0.50
vltava: folds 
Spanische: folds 
absou1ut: folds 
john1226: folds 
Alameda22: checks 
*** FLOP *** [2h As Kd]
Alameda22: checks 
TheCardShark: checks 
*** TURN *** [2h As Kd] [8s]
Alameda22: checks 
TheCardShark: bets $1.50
Alameda22: folds 
Uncalled bet ($1.50) returned to TheCardShark
TheCardShark collected $1.20 from pot
TheCardShark: doesn't show hand 
*** SUMMARY ***
Total pot $1.25 | Rake $0.05 
Board [2h As Kd 8s]
Seat 1: absou1ut (button) folded before Flop (didn't bet)
Seat 2: john1226 (small blind) folded before Flop
Seat 3: Alameda22 (big blind) folded on the Turn
Seat 5: Platonist folded before Flop (didn't bet)
Seat 6: dimesbaby folded before Flop (didn't bet)
Seat 7: TheCardShark collected ($1.20)
Seat 8: vltava folded before Flop (didn't bet)
Seat 9: Spanische folded before Flop (didn't bet)



PokerStars Game #20155795026:  Hold'em No Limit ($0.25/$0.50) - 2008/09/04 23:33:16 ET
Table 'Gase III' 9-max Seat #2 is the button
Seat 1: absou1ut ($57.65 in chips) 
Seat 2: john1226 ($50 in chips) 
Seat 3: Alameda22 ($48.05 in chips) 
Seat 5: Platonist ($53.40 in chips) 
Seat 6: dimesbaby ($68.15 in chips) 
Seat 7: TheCardShark ($13.75 in chips) 
Seat 8: vltava ($50 in chips) 
Seat 9: Spanische ($108.40 in chips) 
Alameda22: posts small blind $0.25
Platonist: posts big blind $0.50
*** HOLE CARDS ***
Dealt to Alameda22 [2s Tc]
dimesbaby: folds 
TheCardShark: calls $0.50
vltava: folds 
Spanische: calls $0.50
absou1ut: folds 
john1226: folds 
Alameda22: folds 
Platonist: checks 
*** FLOP *** [2c 4s 8s]
Platonist: checks 
TheCardShark: checks 
Spanische: checks 
*** TURN *** [2c 4s 8s] [Qs]
Platonist: checks 
TheCardShark: checks 
Spanische: checks 
*** RIVER *** [2c 4s 8s Qs] [6c]
Platonist: checks 
TheCardShark: checks 
Spanische: checks 
*** SHOW DOWN ***
Platonist: shows [8c 3s] (a pair of Eights)
TheCardShark: mucks hand 
Spanische: mucks hand 
Platonist collected $1.70 from pot
*** SUMMARY ***
Total pot $1.75 | Rake $0.05 
Board [2c 4s 8s Qs 6c]
Seat 1: absou1ut folded before Flop (didn't bet)
Seat 2: john1226 (button) folded before Flop (didn't bet)
Seat 3: Alameda22 (small blind) folded before Flop
Seat 5: Platonist (big blind) showed [8c 3s] and won ($1.70) with a pair of Eights
Seat 6: dimesbaby folded before Flop (didn't bet)
Seat 7: TheCardShark mucked [Jd Kd]
Seat 8: vltava folded before Flop (didn't bet)
Seat 9: Spanische mucked [6h 7c]



PokerStars Game #20155834032:  Hold'em No Limit ($0.25/$0.50) - 2008/09/04 23:35:19 ET
Table 'Gase III' 9-max Seat #3 is the button
Seat 1: absou1ut ($57.65 in chips) 
Seat 2: john1226 ($50 in chips) 
Seat 3: Alameda22 ($47.80 in chips) 
Seat 5: Platonist ($54.60 in chips) 
Seat 6: dimesbaby ($68.15 in chips) 
Seat 7: TheCardShark ($13.25 in chips) 
Seat 8: vltava ($50 in chips) 
Seat 9: Spanische ($107.90 in chips) 
Platonist: posts small blind $0.25
dimesbaby: posts big blind $0.50
*** HOLE CARDS ***
Dealt to Alameda22 [4s 6h]
TheCardShark: folds 
vltava: folds 
Spanische: folds 
absou1ut: folds 
john1226: folds 
Alameda22: folds 
Platonist: folds 
Uncalled bet ($0.25) returned to dimesbaby
dimesbaby collected $0.50 from pot
dimesbaby: doesn't show hand 
*** SUMMARY ***
Total pot $0.50 | Rake $0 
Seat 1: absou1ut folded before Flop (didn't bet)
Seat 2: john1226 folded before Flop (didn't bet)
Seat 3: Alameda22 (button) folded before Flop (didn't bet)
Seat 5: Platonist (small blind) folded before Flop
Seat 6: dimesbaby (big blind) collected ($0.50)
Seat 7: TheCardShark folded before Flop (didn't bet)
Seat 8: vltava folded before Flop (didn't bet)
Seat 9: Spanische folded before Flop (didn't bet)



PokerStars Game #20155849077:  Hold'em No Limit ($0.25/$0.50) - 2008/09/04 23:36:06 ET
Table 'Gase III' 9-max Seat #5 is the button
Seat 1: absou1ut ($57.65 in chips) 
Seat 2: john1226 ($50 in chips) 
Seat 3: Alameda22 ($47.80 in chips) 
Seat 5: Platonist ($54.35 in chips) 
Seat 6: dimesbaby ($68.40 in chips) 
Seat 7: TheCardShark ($13.25 in chips) 
Seat 8: vltava ($50 in chips) 
Seat 9: Spanische ($107.90 in chips) 
dimesbaby: posts small blind $0.25
TheCardShark: posts big blind $0.50
*** HOLE CARDS ***
Dealt to Alameda22 [9c Qs]
vltava: folds 
Spanische: raises $1 to $1.50
absou1ut: folds 
john1226: folds 
Alameda22: folds 
Platonist: folds 
dimesbaby: folds 
TheCardShark: calls $1
*** FLOP *** [8d Qh 9s]
TheCardShark: bets $1.50
Spanische: calls $1.50
*** TURN *** [8d Qh 9s] [8h]
TheCardShark: bets $1.50
Spanische: calls $1.50
*** RIVER *** [8d Qh 9s 8h] [As]
TheCardShark: checks 
Spanische: checks 
*** SHOW DOWN ***
TheCardShark: shows [6c 7c] (a pair of Eights)
Spanische: shows [Jd Jc] (two pair, Jacks and Eights)
Spanische collected $8.85 from pot
*** SUMMARY ***
Total pot $9.25 | Rake $0.40 
Board [8d Qh 9s 8h As]
Seat 1: absou1ut folded before Flop (didn't bet)
Seat 2: john1226 folded before Flop (didn't bet)
Seat 3: Alameda22 folded before Flop (didn't bet)
Seat 5: Platonist (button) folded before Flop (didn't bet)
Seat 6: dimesbaby (small blind) folded before Flop
Seat 7: TheCardShark (big blind) showed [6c 7c] and lost with a pair of Eights
Seat 8: vltava folded before Flop (didn't bet)
Seat 9: Spanische showed [Jd Jc] and won ($8.85) with two pair, Jacks and Eights



PokerStars Game #20155874318:  Hold'em No Limit ($0.25/$0.50) - 2008/09/04 23:37:26 ET
Table 'Gase III' 9-max Seat #6 is the button
Seat 1: absou1ut ($57.65 in chips) 
Seat 2: john1226 ($50 in chips) 
Seat 3: Alameda22 ($47.80 in chips) 
Seat 5: Platonist ($54.35 in chips) 
Seat 6: dimesbaby ($68.15 in chips) 
Seat 7: TheCardShark ($8.75 in chips) 
Seat 8: vltava ($50 in chips) 
Seat 9: Spanische ($112.25 in chips) 
TheCardShark: posts small blind $0.25
vltava: posts big blind $0.50
*** HOLE CARDS ***
Dealt to Alameda22 [2s 6h]
Spanische: folds 
absou1ut: folds 
john1226: folds 
Alameda22: folds 
Platonist: folds 
dimesbaby: raises $1 to $1.50
TheCardShark: folds 
vltava: folds 
Uncalled bet ($1) returned to dimesbaby
dimesbaby collected $1.25 from pot
dimesbaby: doesn't show hand 
*** SUMMARY ***
Total pot $1.25 | Rake $0 
Seat 1: absou1ut folded before Flop (didn't bet)
Seat 2: john1226 folded before Flop (didn't bet)
Seat 3: Alameda22 folded before Flop (didn't bet)
Seat 5: Platonist folded before Flop (didn't bet)
Seat 6: dimesbaby (button) collected ($1.25)
Seat 7: TheCardShark (small blind) folded before Flop
Seat 8: vltava (big blind) folded before Flop
Seat 9: Spanische folded before Flop (didn't bet)



PokerStars Game #20155890556:  Hold'em No Limit ($0.25/$0.50) - 2008/09/04 23:38:18 ET
Table 'Gase III' 9-max Seat #7 is the button
Seat 1: absou1ut ($57.65 in chips) 
Seat 2: john1226 ($50 in chips) 
Seat 3: Alameda22 ($47.80 in chips) 
Seat 5: Platonist ($54.35 in chips) 
Seat 6: dimesbaby ($68.90 in chips) 
Seat 7: TheCardShark ($8.50 in chips) 
Seat 8: vltava ($49.50 in chips) 
Seat 9: Spanische ($112.25 in chips) 
vltava: posts small blind $0.25
Spanische: posts big blind $0.50
*** HOLE CARDS ***
Dealt to Alameda22 [Qs Jh]
absou1ut: folds 
john1226: folds 
Alameda22: folds 
Platonist: folds 
TomatoQQ joins the table at seat #4 
dimesbaby: folds 
TheCardShark: calls $0.50
vltava: calls $0.25
Spanische: checks 
*** FLOP *** [6c 6d 4c]
vltava: checks 
Spanische: bets $1
TheCardShark: folds 
vltava: folds 
Uncalled bet ($1) returned to Spanische
Spanische collected $1.45 from pot
*** SUMMARY ***
Total pot $1.50 | Rake $0.05 
Board [6c 6d 4c]
Seat 1: absou1ut folded before Flop (didn't bet)
Seat 2: john1226 folded before Flop (didn't bet)
Seat 3: Alameda22 folded before Flop (didn't bet)
Seat 5: Platonist folded before Flop (didn't bet)
Seat 6: dimesbaby folded before Flop (didn't bet)
Seat 7: TheCardShark (button) folded on the Flop
Seat 8: vltava (small blind) folded on the Flop
Seat 9: Spanische (big blind) collected ($1.45)



PokerStars Game #20155923203:  Hold'em No Limit ($0.25/$0.50) - 2008/09/04 23:40:00 ET
Table 'Gase III' 9-max Seat #8 is the button
Seat 1: absou1ut ($57.65 in chips) 
Seat 2: john1226 ($50 in chips) 
Seat 3: Alameda22 ($47.80 in chips) 
Seat 5: Platonist ($54.35 in chips) 
Seat 6: dimesbaby ($68.90 in chips) 
Seat 7: TheCardShark ($8 in chips) 
Seat 8: vltava ($49 in chips) 
Seat 9: Spanische ($113.20 in chips) 
Spanische: posts small blind $0.25
absou1ut: posts big blind $0.50
TomatoQQ: sits out 
*** HOLE CARDS ***
Dealt to Alameda22 [6c Jh]
john1226: folds 
Alameda22: folds 
Platonist: folds 
dimesbaby: raises $1 to $1.50
TheCardShark: folds 
TheCardShark leaves the table
vltava: folds 
Spanische: folds 
absou1ut: folds 
Uncalled bet ($1) returned to dimesbaby
dimesbaby collected $1.25 from pot
dimesbaby: doesn't show hand 
*** SUMMARY ***
Total pot $1.25 | Rake $0 
Seat 1: absou1ut (big blind) folded before Flop
Seat 2: john1226 folded before Flop (didn't bet)
Seat 3: Alameda22 folded before Flop (didn't bet)
Seat 5: Platonist folded before Flop (didn't bet)
Seat 6: dimesbaby collected ($1.25)
Seat 7: TheCardShark folded before Flop (didn't bet)
Seat 8: vltava (button) folded before Flop (didn't bet)
Seat 9: Spanische (small blind) folded before Flop



PokerStars Game #20155939903:  Hold'em No Limit ($0.25/$0.50) - 2008/09/04 23:40:53 ET
Table 'Gase III' 9-max Seat #9 is the button
Seat 1: absou1ut ($57.15 in chips) 
Seat 3: Alameda22 ($47.80 in chips) 
Seat 5: Platonist ($54.35 in chips) 
Seat 6: dimesbaby ($69.65 in chips) 
Seat 8: vltava ($49 in chips) 
Seat 9: Spanische ($112.95 in chips) 
absou1ut: posts small blind $0.25
john1226: is sitting out 
Alameda22: posts big blind $0.50
TomatoQQ: sits out 
*** HOLE CARDS ***
Dealt to Alameda22 [Qh Ks]
Platonist: folds 
dimesbaby: calls $0.50
vltava: folds 
Spanische: calls $0.50
absou1ut: calls $0.25
Alameda22: checks 
*** FLOP *** [8d 4d Ts]
absou1ut: checks 
Alameda22: checks 
dimesbaby: bets $1.50
Spanische: folds 
absou1ut: calls $1.50
Alameda22: folds 
*** TURN *** [8d 4d Ts] [4h]
absou1ut: checks 
dimesbaby: bets $3
absou1ut: calls $3
*** RIVER *** [8d 4d Ts 4h] [9c]
absou1ut: checks 
dimesbaby: bets $11
absou1ut: folds 
Uncalled bet ($11) returned to dimesbaby
dimesbaby collected $10.50 from pot
dimesbaby: doesn't show hand 
*** SUMMARY ***
Total pot $11 | Rake $0.50 
Board [8d 4d Ts 4h 9c]
Seat 1: absou1ut (small blind) folded on the River
Seat 3: Alameda22 (big blind) folded on the Flop
Seat 5: Platonist folded before Flop (didn't bet)
Seat 6: dimesbaby collected ($10.50)
Seat 8: vltava folded before Flop (didn't bet)
Seat 9: Spanische (button) folded on the Flop



PokerStars Game #20155980165:  Hold'em No Limit ($0.25/$0.50) - 2008/09/04 23:43:01 ET
Table 'Gase III' 9-max Seat #1 is the button
Seat 1: absou1ut ($52.15 in chips) 
Seat 3: Alameda22 ($47.30 in chips) 
Seat 4: TomatoQQ ($50 in chips) 
Seat 5: Platonist ($54.35 in chips) 
Seat 6: dimesbaby ($75.15 in chips) 
Seat 8: vltava ($49 in chips) 
Seat 9: Spanische ($112.45 in chips) 
Alameda22: posts small blind $0.25
TomatoQQ: posts big blind $0.50
*** HOLE CARDS ***
Dealt to Alameda22 [6s Ah]
Platonist: folds 
dimesbaby: raises $1 to $1.50
vltava: raises $3 to $4.50
Spanische: folds 
absou1ut: folds 
Alameda22: folds 
TomatoQQ: folds 
dimesbaby: calls $3
*** FLOP *** [Th 8c Qs]
dimesbaby: checks 
vltava: checks 
*** TURN *** [Th 8c Qs] [5h]
dimesbaby: checks 
vltava: bets $6
dimesbaby: calls $6
*** RIVER *** [Th 8c Qs 5h] [Jh]
dimesbaby: checks 
vltava: bets $15
dimesbaby: calls $15
*** SHOW DOWN ***
vltava: shows [Jd Js] (three of a kind, Jacks)
dimesbaby: mucks hand 
vltava collected $49.25 from pot
*** SUMMARY ***
Total pot $51.75 | Rake $2.50 
Board [Th 8c Qs 5h Jh]
Seat 1: absou1ut (button) folded before Flop (didn't bet)
Seat 3: Alameda22 (small blind) folded before Flop
Seat 4: TomatoQQ (big blind) folded before Flop
Seat 5: Platonist folded before Flop (didn't bet)
Seat 6: dimesbaby mucked [Kh Ts]
Seat 8: vltava showed [Jd Js] and won ($49.25) with three of a kind, Jacks
Seat 9: Spanische folded before Flop (didn't bet)



PokerStars Game #20156032883:  Hold'em No Limit ($0.25/$0.50) - 2008/09/04 23:45:50 ET
Table 'Gase III' 9-max Seat #3 is the button
Seat 1: absou1ut ($52.15 in chips) 
Seat 3: Alameda22 ($47.05 in chips) 
Seat 4: TomatoQQ ($49.50 in chips) 
Seat 5: Platonist ($54.35 in chips) 
Seat 6: dimesbaby ($49.65 in chips) 
Seat 8: vltava ($72.75 in chips) 
Seat 9: Spanische ($112.45 in chips) 
TomatoQQ: posts small blind $0.25
Platonist: posts big blind $0.50
*** HOLE CARDS ***
Dealt to Alameda22 [7h 6c]
dimesbaby: folds 
WheresMyPot joins the table at seat #7 
vltava: folds 
Spanische: folds 
absou1ut: raises $1.50 to $2
Alameda22: folds 
TomatoQQ: folds 
Platonist: folds 
Uncalled bet ($1.50) returned to absou1ut
absou1ut collected $1.25 from pot
absou1ut: doesn't show hand 
*** SUMMARY ***
Total pot $1.25 | Rake $0 
Seat 1: absou1ut collected ($1.25)
Seat 3: Alameda22 (button) folded before Flop (didn't bet)
Seat 4: TomatoQQ (small blind) folded before Flop
Seat 5: Platonist (big blind) folded before Flop
Seat 6: dimesbaby folded before Flop (didn't bet)
Seat 8: vltava folded before Flop (didn't bet)
Seat 9: Spanische folded before Flop (didn't bet)



PokerStars Game #20156047734:  Hold'em No Limit ($0.25/$0.50) - 2008/09/04 23:46:37 ET
Table 'Gase III' 9-max Seat #4 is the button
Seat 1: absou1ut ($52.90 in chips) 
Seat 3: Alameda22 ($47.05 in chips) 
Seat 4: TomatoQQ ($50 in chips) 
Seat 5: Platonist ($53.85 in chips) 
Seat 6: dimesbaby ($49.65 in chips) 
Seat 7: WheresMyPot ($50 in chips) 
Seat 8: vltava ($72.75 in chips) 
Seat 9: Spanische ($112.45 in chips) 
Platonist: posts small blind $0.25
dimesbaby: posts big blind $0.50
WheresMyPot: posts big blind $0.50
*** HOLE CARDS ***
Dealt to Alameda22 [Kd 6d]
WheresMyPot: checks 
vltava: calls $0.50
Spanische: calls $0.50
absou1ut: calls $0.50
Alameda22: folds 
TomatoQQ: folds 
Platonist: calls $0.25
dimesbaby: raises $2 to $2.50
WheresMyPot: folds 
vltava: calls $2
Spanische: calls $2
absou1ut: folds 
Platonist: folds 
*** FLOP *** [9c 4s 3d]
WheresMyPot leaves the table
dimesbaby: bets $3
vltava: calls $3
Spanische: folds 
*** TURN *** [9c 4s 3d] [9h]
dimesbaby: checks 
vltava: bets $12
dimesbaby: calls $12
*** RIVER *** [9c 4s 3d 9h] [6s]
leskonty joins the table at seat #7 
dimesbaby: checks 
vltava: checks 
*** SHOW DOWN ***
dimesbaby: shows [9d Jd] (three of a kind, Nines)
vltava: mucks hand 
dimesbaby collected $37.10 from pot
vltava said, "rofl?"
*** SUMMARY ***
Total pot $39 | Rake $1.90 
Board [9c 4s 3d 9h 6s]
Seat 1: absou1ut folded before Flop
Seat 3: Alameda22 folded before Flop (didn't bet)
Seat 4: TomatoQQ (button) folded before Flop (didn't bet)
Seat 5: Platonist (small blind) folded before Flop
Seat 6: dimesbaby (big blind) showed [9d Jd] and won ($37.10) with three of a kind, Nines
Seat 7: WheresMyPot folded before Flop
Seat 8: vltava mucked [5h 5s]
Seat 9: Spanische folded on the Flop



PokerStars Game #20156114662:  Hold'em No Limit ($0.25/$0.50) - 2008/09/04 23:50:12 ET
Table 'Gase III' 9-max Seat #5 is the button
Seat 1: absou1ut ($52.40 in chips) 
Seat 3: Alameda22 ($47.05 in chips) 
Seat 4: TomatoQQ ($50 in chips) 
Seat 5: Platonist ($53.35 in chips) 
Seat 6: dimesbaby ($69.25 in chips) 
Seat 7: leskonty ($25 in chips) 
Seat 8: vltava ($55.25 in chips) 
Seat 9: Spanische ($109.95 in chips) 
dimesbaby: posts small blind $0.25
leskonty: posts big blind $0.50
*** HOLE CARDS ***
Dealt to Alameda22 [Jh 6s]
vltava: folds 
dimesbaby said, "should have value be you?? darn"
Spanische: folds 
dimesbaby said, "what is rofl?"
absou1ut: folds 
Alameda22: folds 
TomatoQQ: folds 
Platonist: folds 
dimesbaby: folds 
Uncalled bet ($0.25) returned to leskonty
leskonty collected $0.50 from pot
*** SUMMARY ***
Total pot $0.50 | Rake $0 
Seat 1: absou1ut folded before Flop (didn't bet)
Seat 3: Alameda22 folded before Flop (didn't bet)
Seat 4: TomatoQQ folded before Flop (didn't bet)
Seat 5: Platonist (button) folded before Flop (didn't bet)
Seat 6: dimesbaby (small blind) folded before Flop
Seat 7: leskonty (big blind) collected ($0.50)
Seat 8: vltava folded before Flop (didn't bet)
Seat 9: Spanische folded before Flop (didn't bet)



PokerStars Game #20156135122:  Hold'em No Limit ($0.25/$0.50) - 2008/09/04 23:51:19 ET
Table 'Gase III' 9-max Seat #6 is the button
Seat 1: absou1ut ($52.40 in chips) 
Seat 3: Alameda22 ($47.05 in chips) 
Seat 4: TomatoQQ ($50 in chips) 
Seat 5: Platonist ($53.35 in chips) 
Seat 6: dimesbaby ($69 in chips) 
Seat 7: leskonty ($25.25 in chips) 
Seat 8: vltava ($55.25 in chips) 
Seat 9: Spanische ($109.95 in chips) 
leskonty: posts small blind $0.25
vltava: posts big blind $0.50
*** HOLE CARDS ***
Dealt to Alameda22 [4s Js]
Spanische: folds 
absou1ut: folds 
Alameda22: folds 
TomatoQQ: folds 
Platonist: folds 
dimesbaby: folds 
leskonty: folds 
Uncalled bet ($0.25) returned to vltava
vltava collected $0.50 from pot
vltava: doesn't show hand 
*** SUMMARY ***
Total pot $0.50 | Rake $0 
Seat 1: absou1ut folded before Flop (didn't bet)
Seat 3: Alameda22 folded before Flop (didn't bet)
Seat 4: TomatoQQ folded before Flop (didn't bet)
Seat 5: Platonist folded before Flop (didn't bet)
Seat 6: dimesbaby (button) folded before Flop (didn't bet)
Seat 7: leskonty (small blind) folded before Flop
Seat 8: vltava (big blind) collected ($0.50)
Seat 9: Spanische folded before Flop (didn't bet)



PokerStars Game #20156146870:  Hold'em No Limit ($0.25/$0.50) - 2008/09/04 23:51:57 ET
Table 'Gase III' 9-max Seat #7 is the button
Seat 1: absou1ut ($52.40 in chips) 
Seat 3: Alameda22 ($47.05 in chips) 
Seat 4: TomatoQQ ($50 in chips) 
Seat 5: Platonist ($53.35 in chips) 
Seat 6: dimesbaby ($69 in chips) 
Seat 7: leskonty ($25 in chips) 
Seat 8: vltava ($55.50 in chips) 
Seat 9: Spanische ($109.95 in chips) 
vltava: posts small blind $0.25
Spanische: posts big blind $0.50
*** HOLE CARDS ***
Dealt to Alameda22 [7c 8d]
absou1ut: folds 
Alameda22: folds 
TomatoQQ: folds 
Platonist: raises $1.50 to $2
dimesbaby: folds 
leskonty: folds 
vltava: folds 
Spanische: folds 
Uncalled bet ($1.50) returned to Platonist
Platonist collected $1.25 from pot
Platonist: doesn't show hand 
*** SUMMARY ***
Total pot $1.25 | Rake $0 
Seat 1: absou1ut folded before Flop (didn't bet)
Seat 3: Alameda22 folded before Flop (didn't bet)
Seat 4: TomatoQQ folded before Flop (didn't bet)
Seat 5: Platonist collected ($1.25)
Seat 6: dimesbaby folded before Flop (didn't bet)
Seat 7: leskonty (button) folded before Flop (didn't bet)
Seat 8: vltava (small blind) folded before Flop
Seat 9: Spanische (big blind) folded before Flop



PokerStars Game #20156157823:  Hold'em No Limit ($0.25/$0.50) - 2008/09/04 23:52:33 ET
Table 'Gase III' 9-max Seat #8 is the button
Seat 1: absou1ut ($52.40 in chips) 
Seat 3: Alameda22 ($47.05 in chips) 
Seat 4: TomatoQQ ($50 in chips) 
Seat 5: Platonist ($54.10 in chips) 
Seat 6: dimesbaby ($69 in chips) 
Seat 7: leskonty ($25 in chips) 
Seat 8: vltava ($55.25 in chips) 
Seat 9: Spanische ($109.45 in chips) 
Spanische: posts small blind $0.25
absou1ut: posts big blind $0.50
*** HOLE CARDS ***
Dealt to Alameda22 [9d Tc]
Alameda22: folds 
TomatoQQ: folds 
Platonist: folds 
dimesbaby: raises $1 to $1.50
leskonty: folds 
vltava: folds 
Spanische: folds 
absou1ut: folds 
Uncalled bet ($1) returned to dimesbaby
dimesbaby collected $1.25 from pot
dimesbaby: doesn't show hand 
*** SUMMARY ***
Total pot $1.25 | Rake $0 
Seat 1: absou1ut (big blind) folded before Flop
Seat 3: Alameda22 folded before Flop (didn't bet)
Seat 4: TomatoQQ folded before Flop (didn't bet)
Seat 5: Platonist folded before Flop (didn't bet)
Seat 6: dimesbaby collected ($1.25)
Seat 7: leskonty folded before Flop (didn't bet)
Seat 8: vltava (button) folded before Flop (didn't bet)
Seat 9: Spanische (small blind) folded before Flop



PokerStars Game #20156171056:  Hold'em No Limit ($0.25/$0.50) - 2008/09/04 23:53:16 ET
Table 'Gase III' 9-max Seat #9 is the button
Seat 1: absou1ut ($51.90 in chips) 
Seat 3: Alameda22 ($47.05 in chips) 
Seat 4: TomatoQQ ($50 in chips) 
Seat 5: Platonist ($54.10 in chips) 
Seat 6: dimesbaby ($69.75 in chips) 
Seat 7: leskonty ($25 in chips) 
Seat 8: vltava ($55.25 in chips) 
Seat 9: Spanische ($109.20 in chips) 
absou1ut: posts small blind $0.25
Alameda22: posts big blind $0.50
*** HOLE CARDS ***
Dealt to Alameda22 [Th 7s]
TomatoQQ: raises $1.50 to $2
Platonist: folds 
dimesbaby: folds 
leskonty: folds 
vltava: folds 
Spanische: folds 
absou1ut: folds 
Alameda22: folds 
Uncalled bet ($1.50) returned to TomatoQQ
TomatoQQ collected $1.25 from pot
TomatoQQ: doesn't show hand 
*** SUMMARY ***
Total pot $1.25 | Rake $0 
Seat 1: absou1ut (small blind) folded before Flop
Seat 3: Alameda22 (big blind) folded before Flop
Seat 4: TomatoQQ collected ($1.25)
Seat 5: Platonist folded before Flop (didn't bet)
Seat 6: dimesbaby folded before Flop (didn't bet)
Seat 7: leskonty folded before Flop (didn't bet)
Seat 8: vltava folded before Flop (didn't bet)
Seat 9: Spanische (button) folded before Flop (didn't bet)



PokerStars Game #20156185615:  Hold'em No Limit ($0.25/$0.50) - 2008/09/04 23:54:03 ET
Table 'Gase III' 9-max Seat #1 is the button
Seat 1: absou1ut ($51.65 in chips) 
Seat 3: Alameda22 ($46.55 in chips) 
Seat 5: Platonist ($54.10 in chips) 
Seat 6: dimesbaby ($69.75 in chips) 
Seat 7: leskonty ($25 in chips) 
Seat 8: vltava ($55.25 in chips) 
Seat 9: Spanische ($109.20 in chips) 
Alameda22: posts small blind $0.25
TomatoQQ: is sitting out 
Platonist: posts big blind $0.50
*** HOLE CARDS ***
Dealt to Alameda22 [7c 7s]
TomatoQQ leaves the table
dimesbaby: folds 
leskonty: calls $0.50
Mucky12 joins the table at seat #4 
vltava: folds 
Spanische: folds 
absou1ut: folds 
Alameda22: calls $0.25
Platonist: checks 
*** FLOP *** [2s Ad 6d]
Alameda22: checks 
Platonist: checks 
leskonty: checks 
*** TURN *** [2s Ad 6d] [Th]
Alameda22: checks 
Platonist: checks 
leskonty: bets $1
Alameda22: folds 
Platonist: folds 
Uncalled bet ($1) returned to leskonty
leskonty collected $1.45 from pot
leskonty: doesn't show hand 
*** SUMMARY ***
Total pot $1.50 | Rake $0.05 
Board [2s Ad 6d Th]
Seat 1: absou1ut (button) folded before Flop (didn't bet)
Seat 3: Alameda22 (small blind) folded on the Turn
Seat 5: Platonist (big blind) folded on the Turn
Seat 6: dimesbaby folded before Flop (didn't bet)
Seat 7: leskonty collected ($1.45)
Seat 8: vltava folded before Flop (didn't bet)
Seat 9: Spanische folded before Flop (didn't bet)



PokerStars Game #20156220825:  Hold'em No Limit ($0.25/$0.50) - 2008/09/04 23:55:59 ET
Table 'Gase III' 9-max Seat #3 is the button
Seat 1: absou1ut ($51.65 in chips) 
Seat 3: Alameda22 ($46.05 in chips) 
Seat 5: Platonist ($53.60 in chips) 
Seat 6: dimesbaby ($69.75 in chips) 
Seat 7: leskonty ($25.95 in chips) 
Seat 8: vltava ($55.25 in chips) 
Seat 9: Spanische ($109.20 in chips) 
Mucky12 will be allowed to play after the button
Platonist: posts small blind $0.25
dimesbaby: posts big blind $0.50
*** HOLE CARDS ***
Dealt to Alameda22 [Kh 5c]
leskonty: calls $0.50
vltava: folds 
Spanische: folds 
absou1ut: folds 
Alameda22: folds 
Platonist: folds 
dimesbaby: checks 
*** FLOP *** [6s 7h 3d]
dimesbaby: bets $1
leskonty: calls $1
*** TURN *** [6s 7h 3d] [4h]
dimesbaby: checks 
leskonty: bets $2
dimesbaby: calls $2
*** RIVER *** [6s 7h 3d 4h] [2d]
dimesbaby: checks 
leskonty: bets $4.50
dimesbaby: calls $4.50
*** SHOW DOWN ***
leskonty: shows [9s 8s] (high card Nine)
dimesbaby: shows [Ah 8d] (high card Ace)
dimesbaby collected $15.50 from pot
*** SUMMARY ***
Total pot $16.25 | Rake $0.75 
Board [6s 7h 3d 4h 2d]
Seat 1: absou1ut folded before Flop (didn't bet)
Seat 3: Alameda22 (button) folded before Flop (didn't bet)
Seat 5: Platonist (small blind) folded before Flop
Seat 6: dimesbaby (big blind) showed [Ah 8d] and won ($15.50) with high card Ace
Seat 7: leskonty showed [9s 8s] and lost with high card Nine
Seat 8: vltava folded before Flop (didn't bet)
Seat 9: Spanische folded before Flop (didn't bet)



PokerStars Game #20156264020:  Hold'em No Limit ($0.25/$0.50) - 2008/09/04 23:58:20 ET
Table 'Gase III' 9-max Seat #5 is the button
Seat 1: absou1ut ($51.65 in chips) 
Seat 3: Alameda22 ($46.05 in chips) 
Seat 4: Mucky12 ($50 in chips) 
Seat 5: Platonist ($53.35 in chips) 
Seat 6: dimesbaby ($77.25 in chips) 
Seat 7: leskonty ($17.95 in chips) 
Seat 8: vltava ($55.25 in chips) 
Seat 9: Spanische ($109.20 in chips) 
dimesbaby: posts small blind $0.25
leskonty: posts big blind $0.50
Mucky12: posts big blind $0.50
*** HOLE CARDS ***
Dealt to Alameda22 [6c 9d]
vltava: folds 
Spanische: folds 
absou1ut: raises $1.50 to $2
Alameda22: folds 
Mucky12: folds 
Platonist: folds 
dimesbaby: calls $1.75
leskonty: folds 
*** FLOP *** [4d 2s Ks]
dimesbaby: checks 
absou1ut: checks 
*** TURN *** [4d 2s Ks] [4c]
dimesbaby: checks 
absou1ut: checks 
*** RIVER *** [4d 2s Ks 4c] [4s]
dimesbaby: bets $3
absou1ut: folds 
Uncalled bet ($3) returned to dimesbaby
dimesbaby collected $4.75 from pot
dimesbaby: doesn't show hand 
*** SUMMARY ***
Total pot $5 | Rake $0.25 
Board [4d 2s Ks 4c 4s]
Seat 1: absou1ut folded on the River
Seat 3: Alameda22 folded before Flop (didn't bet)
Seat 4: Mucky12 folded before Flop
Seat 5: Platonist (button) folded before Flop (didn't bet)
Seat 6: dimesbaby (small blind) collected ($4.75)
Seat 7: leskonty (big blind) folded before Flop
Seat 8: vltava folded before Flop (didn't bet)
Seat 9: Spanische folded before Flop (didn't bet)



PokerStars Game #20156292850:  Hold'em No Limit ($0.25/$0.50) - 2008/09/04 23:59:56 ET
Table 'Gase III' 9-max Seat #6 is the button
Seat 1: absou1ut ($49.65 in chips) 
Seat 3: Alameda22 ($46.05 in chips) 
Seat 4: Mucky12 ($49.50 in chips) 
Seat 5: Platonist ($53.35 in chips) 
Seat 6: dimesbaby ($80 in chips) 
Seat 7: leskonty ($17.45 in chips) 
Seat 8: vltava ($55.25 in chips) 
Seat 9: Spanische ($109.20 in chips) 
leskonty: posts small blind $0.25
vltava: posts big blind $0.50
*** HOLE CARDS ***
Dealt to Alameda22 [Qs 7h]
Spanische: calls $0.50
absou1ut: folds 
Alameda22: folds 
Mucky12: folds 
Platonist: folds 
dimesbaby: calls $0.50
leskonty: calls $0.25
vltava: checks 
*** FLOP *** [6s 5h 4d]
leskonty: checks 
vltava: checks 
Spanische: checks 
dimesbaby: bets $1
leskonty: calls $1
vltava: folds 
Spanische: folds 
*** TURN *** [6s 5h 4d] [2c]
leskonty: checks 
dimesbaby: checks 
*** RIVER *** [6s 5h 4d 2c] [Jh]
leskonty: checks 
dimesbaby: checks 
*** SHOW DOWN ***
leskonty: shows [8h 5d] (a pair of Fives)
dimesbaby: shows [Ad 5s] (a pair of Fives - Ace kicker)
dimesbaby collected $3.85 from pot
*** SUMMARY ***
Total pot $4 | Rake $0.15 
Board [6s 5h 4d 2c Jh]
Seat 1: absou1ut folded before Flop (didn't bet)
Seat 3: Alameda22 folded before Flop (didn't bet)
Seat 4: Mucky12 folded before Flop (didn't bet)
Seat 5: Platonist folded before Flop (didn't bet)
Seat 6: dimesbaby (button) showed [Ad 5s] and won ($3.85) with a pair of Fives
Seat 7: leskonty (small blind) showed [8h 5d] and lost with a pair of Fives
Seat 8: vltava (big blind) folded on the Flop
Seat 9: Spanische folded on the Flop



