PokerStars Game #19980181286:  Hold'em No Limit ($0.10/$0.25) - 2008/08/29 - 00:09:16 (ET)
Table 'Whipple' 9-max Seat #9 is the button
Seat 1: Sep79 ($49.85 in chips) 
Seat 2: Alameda22 ($25 in chips) 
Seat 3: Kukoc69 ($23.15 in chips) 
Seat 4: horacles ($21.80 in chips) 
Seat 5: Païtabière ($47.85 in chips) 
Seat 6: bali1977 ($31.40 in chips) 
Seat 7: moorehead88 ($11.50 in chips) 
Seat 8: de captain ($15.30 in chips) 
Seat 9: TyPohl ($24.65 in chips) 
Sep79: posts small blind $0.10
Alameda22: posts big blind $0.25
*** HOLE CARDS ***
Dealt to Alameda22 [4d Jh]
Kukoc69: folds 
horacles: raises $0.75 to $1
Païtabière: folds 
bali1977: folds 
moorehead88: raises $2.50 to $3.50
de captain: folds 
TyPohl: folds 
Sep79: folds 
Alameda22: folds 
horacles: folds 
Uncalled bet ($2.50) returned to moorehead88
moorehead88 collected $2.35 from pot
moorehead88: doesn't show hand 
*** SUMMARY ***
Total pot $2.35 | Rake $0 
Seat 1: Sep79 (small blind) folded before Flop
Seat 2: Alameda22 (big blind) folded before Flop
Seat 3: Kukoc69 folded before Flop (didn't bet)
Seat 4: horacles folded before Flop
Seat 5: Païtabière folded before Flop (didn't bet)
Seat 6: bali1977 folded before Flop (didn't bet)
Seat 7: moorehead88 collected ($2.35)
Seat 8: de captain folded before Flop (didn't bet)
Seat 9: TyPohl (button) folded before Flop (didn't bet)



PokerStars Game #19980200441:  Hold'em No Limit ($0.10/$0.25) - 2008/08/29 - 00:10:21 (ET)
Table 'Whipple' 9-max Seat #1 is the button
Seat 1: Sep79 ($49.75 in chips) 
Seat 2: Alameda22 ($24.75 in chips) 
Seat 3: Kukoc69 ($23.15 in chips) 
Seat 4: horacles ($20.80 in chips) 
Seat 5: Païtabière ($47.85 in chips) 
Seat 6: bali1977 ($31.40 in chips) 
Seat 7: moorehead88 ($12.85 in chips) 
Seat 8: de captain ($15.30 in chips) 
Seat 9: TyPohl ($25 in chips) 
Alameda22: posts small blind $0.10
Kukoc69: posts big blind $0.25
*** HOLE CARDS ***
Dealt to Alameda22 [6d Td]
horacles: folds 
Païtabière: folds 
bali1977: calls $0.25
moorehead88: folds 
de captain: folds 
TyPohl: raises $0.25 to $0.50
Sep79: folds 
Alameda22: folds 
Kukoc69: folds 
bali1977: calls $0.25
*** FLOP *** [9c 4c 2c]
bali1977: checks 
TyPohl: bets $1.50
bali1977: folds 
Uncalled bet ($1.50) returned to TyPohl
TyPohl collected $1.30 from pot
TyPohl: doesn't show hand 
*** SUMMARY ***
Total pot $1.35 | Rake $0.05 
Board [9c 4c 2c]
Seat 1: Sep79 (button) folded before Flop (didn't bet)
Seat 2: Alameda22 (small blind) folded before Flop
Seat 3: Kukoc69 (big blind) folded before Flop
Seat 4: horacles folded before Flop (didn't bet)
Seat 5: Païtabière folded before Flop (didn't bet)
Seat 6: bali1977 folded on the Flop
Seat 7: moorehead88 folded before Flop (didn't bet)
Seat 8: de captain folded before Flop (didn't bet)
Seat 9: TyPohl collected ($1.30)



PokerStars Game #19980218479:  Hold'em No Limit ($0.10/$0.25) - 2008/08/29 - 00:11:23 (ET)
Table 'Whipple' 9-max Seat #2 is the button
Seat 1: Sep79 ($49.75 in chips) 
Seat 2: Alameda22 ($24.65 in chips) 
Seat 3: Kukoc69 ($22.90 in chips) 
Seat 4: horacles ($20.80 in chips) 
Seat 5: Païtabière ($47.85 in chips) 
Seat 6: bali1977 ($30.90 in chips) 
Seat 7: moorehead88 ($25 in chips) 
Seat 8: de captain ($15.30 in chips) 
Seat 9: TyPohl ($25.80 in chips) 
Kukoc69: posts small blind $0.10
horacles: posts big blind $0.25
*** HOLE CARDS ***
Dealt to Alameda22 [Ts 6s]
Païtabière: folds 
bali1977: folds 
moorehead88: calls $0.25
de captain: calls $0.25
TyPohl: folds 
Sep79: folds 
Alameda22: folds 
Kukoc69: calls $0.15
horacles: checks 
*** FLOP *** [4c Ks Qd]
Kukoc69: bets $0.50
horacles: folds 
moorehead88: calls $0.50
de captain: folds 
*** TURN *** [4c Ks Qd] [Js]
Kukoc69: checks 
moorehead88: bets $2
Kukoc69: calls $2
*** RIVER *** [4c Ks Qd Js] [9h]
Kukoc69: bets $1.50
moorehead88: raises $7 to $8.50
Kukoc69: calls $7
*** SHOW DOWN ***
moorehead88: shows [8h 8d] (a pair of Eights)
Kukoc69: shows [Kh Td] (a straight, Nine to King)
Kukoc69 collected $21.90 from pot
*** SUMMARY ***
Total pot $23 | Rake $1.10 
Board [4c Ks Qd Js 9h]
Seat 1: Sep79 folded before Flop (didn't bet)
Seat 2: Alameda22 (button) folded before Flop (didn't bet)
Seat 3: Kukoc69 (small blind) showed [Kh Td] and won ($21.90) with a straight, Nine to King
Seat 4: horacles (big blind) folded on the Flop
Seat 5: Païtabière folded before Flop (didn't bet)
Seat 6: bali1977 folded before Flop (didn't bet)
Seat 7: moorehead88 showed [8h 8d] and lost with a pair of Eights
Seat 8: de captain folded on the Flop
Seat 9: TyPohl folded before Flop (didn't bet)



PokerStars Game #19980262888:  Hold'em No Limit ($0.10/$0.25) - 2008/08/29 - 00:13:56 (ET)
Table 'Whipple' 9-max Seat #3 is the button
Seat 1: Sep79 ($49.75 in chips) 
Seat 2: Alameda22 ($24.65 in chips) 
Seat 3: Kukoc69 ($33.55 in chips) 
Seat 4: horacles ($20.55 in chips) 
Seat 5: Païtabière ($47.85 in chips) 
Seat 6: bali1977 ($30.90 in chips) 
Seat 7: moorehead88 ($13.75 in chips) 
Seat 8: de captain ($15.05 in chips) 
Seat 9: TyPohl ($25.80 in chips) 
horacles: posts small blind $0.10
Païtabière: posts big blind $0.25
*** HOLE CARDS ***
Dealt to Alameda22 [Qd 7h]
bali1977: folds 
moorehead88: calls $0.25
de captain: folds 
TyPohl: folds 
Sep79: folds 
Alameda22: folds 
Kukoc69: folds 
horacles: folds 
horacles is sitting out
Païtabière: checks 
*** FLOP *** [2s Js 4c]
Païtabière: checks 
moorehead88: checks 
*** TURN *** [2s Js 4c] [2c]
Païtabière: checks 
moorehead88: bets $0.50
Païtabière: folds 
Uncalled bet ($0.50) returned to moorehead88
moorehead88 collected $0.60 from pot
moorehead88: doesn't show hand 
*** SUMMARY ***
Total pot $0.60 | Rake $0 
Board [2s Js 4c 2c]
Seat 1: Sep79 folded before Flop (didn't bet)
Seat 2: Alameda22 folded before Flop (didn't bet)
Seat 3: Kukoc69 (button) folded before Flop (didn't bet)
Seat 4: horacles (small blind) folded before Flop
Seat 5: Païtabière (big blind) folded on the Turn
Seat 6: bali1977 folded before Flop (didn't bet)
Seat 7: moorehead88 collected ($0.60)
Seat 8: de captain folded before Flop (didn't bet)
Seat 9: TyPohl folded before Flop (didn't bet)



PokerStars Game #19980279651:  Hold'em No Limit ($0.10/$0.25) - 2008/08/29 - 00:14:54 (ET)
Table 'Whipple' 9-max Seat #5 is the button
Seat 1: Sep79 ($49.75 in chips) 
Seat 2: Alameda22 ($24.65 in chips) 
Seat 3: Kukoc69 ($33.55 in chips) 
Seat 5: Païtabière ($47.60 in chips) 
Seat 6: bali1977 ($30.90 in chips) 
Seat 7: moorehead88 ($14.10 in chips) 
Seat 8: de captain ($15.05 in chips) 
Seat 9: TyPohl ($25.80 in chips) 
bali1977: posts small blind $0.10
moorehead88: posts big blind $0.25
*** HOLE CARDS ***
Dealt to Alameda22 [Jc 4c]
de captain: folds 
TyPohl: raises $0.25 to $0.50
Sep79: folds 
Alameda22: folds 
Kukoc69: folds 
Païtabière: folds 
bali1977: folds 
moorehead88: calls $0.25
*** FLOP *** [Jd 9s 5h]
moorehead88: bets $0.25
TyPohl: raises $0.50 to $0.75
moorehead88: calls $0.50
*** TURN *** [Jd 9s 5h] [8d]
moorehead88: checks 
TyPohl: bets $1.50
moorehead88: folds 
Uncalled bet ($1.50) returned to TyPohl
TyPohl collected $2.50 from pot
TyPohl: doesn't show hand 
*** SUMMARY ***
Total pot $2.60 | Rake $0.10 
Board [Jd 9s 5h 8d]
Seat 1: Sep79 folded before Flop (didn't bet)
Seat 2: Alameda22 folded before Flop (didn't bet)
Seat 3: Kukoc69 folded before Flop (didn't bet)
Seat 5: Païtabière (button) folded before Flop (didn't bet)
Seat 6: bali1977 (small blind) folded before Flop
Seat 7: moorehead88 (big blind) folded on the Turn
Seat 8: de captain folded before Flop (didn't bet)
Seat 9: TyPohl collected ($2.50)



PokerStars Game #19980299058:  Hold'em No Limit ($0.10/$0.25) - 2008/08/29 - 00:16:02 (ET)
Table 'Whipple' 9-max Seat #6 is the button
Seat 1: Sep79 ($49.75 in chips) 
Seat 2: Alameda22 ($24.65 in chips) 
Seat 3: Kukoc69 ($33.55 in chips) 
Seat 5: Païtabière ($47.60 in chips) 
Seat 6: bali1977 ($30.80 in chips) 
Seat 7: moorehead88 ($12.85 in chips) 
Seat 8: de captain ($15.05 in chips) 
Seat 9: TyPohl ($27.05 in chips) 
moorehead88: posts small blind $0.10
de captain: posts big blind $0.25
*** HOLE CARDS ***
Dealt to Alameda22 [3d 6h]
TyPohl: folds 
Sep79: folds 
Alameda22: folds 
Kukoc69: folds 
Païtabière: folds 
bali1977: folds 
moorehead88: calls $0.15
de captain: checks 
*** FLOP *** [8c Td 4h]
moorehead88: checks 
de captain: checks 
*** TURN *** [8c Td 4h] [9c]
moorehead88: checks 
de captain: bets $0.50
moorehead88: folds 
Uncalled bet ($0.50) returned to de captain
de captain collected $0.50 from pot
de captain: doesn't show hand 
*** SUMMARY ***
Total pot $0.50 | Rake $0 
Board [8c Td 4h 9c]
Seat 1: Sep79 folded before Flop (didn't bet)
Seat 2: Alameda22 folded before Flop (didn't bet)
Seat 3: Kukoc69 folded before Flop (didn't bet)
Seat 5: Païtabière folded before Flop (didn't bet)
Seat 6: bali1977 (button) folded before Flop (didn't bet)
Seat 7: moorehead88 (small blind) folded on the Turn
Seat 8: de captain (big blind) collected ($0.50)
Seat 9: TyPohl folded before Flop (didn't bet)



PokerStars Game #19980321606:  Hold'em No Limit ($0.10/$0.25) - 2008/08/29 - 00:17:22 (ET)
Table 'Whipple' 9-max Seat #7 is the button
Seat 1: Sep79 ($49.75 in chips) 
Seat 2: Alameda22 ($24.65 in chips) 
Seat 3: Kukoc69 ($33.55 in chips) 
Seat 5: Païtabière ($47.60 in chips) 
Seat 6: bali1977 ($30.80 in chips) 
Seat 7: moorehead88 ($12.60 in chips) 
Seat 8: de captain ($15.30 in chips) 
Seat 9: TyPohl ($27.05 in chips) 
de captain: posts small blind $0.10
TyPohl: posts big blind $0.25
*** HOLE CARDS ***
Dealt to Alameda22 [Kh 9c]
Sep79: folds 
Alameda22: folds 
Kukoc69: folds 
Païtabière: folds 
bali1977: folds 
moorehead88: calls $0.25
de captain: folds 
TyPohl: checks 
*** FLOP *** [6d 4d 2h]
TyPohl: checks 
moorehead88: bets $0.75
TyPohl: folds 
Uncalled bet ($0.75) returned to moorehead88
moorehead88 collected $0.60 from pot
moorehead88: doesn't show hand 
*** SUMMARY ***
Total pot $0.60 | Rake $0 
Board [6d 4d 2h]
Seat 1: Sep79 folded before Flop (didn't bet)
Seat 2: Alameda22 folded before Flop (didn't bet)
Seat 3: Kukoc69 folded before Flop (didn't bet)
Seat 5: Païtabière folded before Flop (didn't bet)
Seat 6: bali1977 folded before Flop (didn't bet)
Seat 7: moorehead88 (button) collected ($0.60)
Seat 8: de captain (small blind) folded before Flop
Seat 9: TyPohl (big blind) folded on the Flop



PokerStars Game #19980339067:  Hold'em No Limit ($0.10/$0.25) - 2008/08/29 - 00:18:23 (ET)
Table 'Whipple' 9-max Seat #8 is the button
Seat 1: Sep79 ($49.75 in chips) 
Seat 2: Alameda22 ($24.65 in chips) 
Seat 3: Kukoc69 ($33.55 in chips) 
Seat 5: Païtabière ($47.60 in chips) 
Seat 6: bali1977 ($30.80 in chips) 
Seat 7: moorehead88 ($12.95 in chips) 
Seat 8: de captain ($15.20 in chips) 
Seat 9: TyPohl ($26.80 in chips) 
TyPohl: posts small blind $0.10
Sep79: posts big blind $0.25
*** HOLE CARDS ***
Dealt to Alameda22 [Ac 5d]
Alameda22: folds 
Kukoc69: folds 
Païtabière: folds 
bali1977: folds 
moorehead88: calls $0.25
de captain: folds 
TyPohl: folds 
Sep79: checks 
*** FLOP *** [8h 2c 5c]
Sep79: bets $0.75
moorehead88: folds 
Uncalled bet ($0.75) returned to Sep79
Sep79 collected $0.60 from pot
Sep79: doesn't show hand 
*** SUMMARY ***
Total pot $0.60 | Rake $0 
Board [8h 2c 5c]
Seat 1: Sep79 (big blind) collected ($0.60)
Seat 2: Alameda22 folded before Flop (didn't bet)
Seat 3: Kukoc69 folded before Flop (didn't bet)
Seat 5: Païtabière folded before Flop (didn't bet)
Seat 6: bali1977 folded before Flop (didn't bet)
Seat 7: moorehead88 folded on the Flop
Seat 8: de captain (button) folded before Flop (didn't bet)
Seat 9: TyPohl (small blind) folded before Flop



