PokerStars Game #19826444874:  Hold'em No Limit ($0.10/$0.25) - 2008/08/23 - 00:33:34 (ET)
Table 'Miram' 9-max Seat #6 is the button
Seat 1: Alameda22 ($25 in chips) 
Seat 2: smack118 ($11 in chips) 
Seat 3: snorlax_zzz ($15.25 in chips) 
Seat 4: TrueJester ($16.80 in chips) 
Seat 5: PStars DK ($4.90 in chips) 
Seat 6: 66IMMORTAL66 ($4 in chips) 
Seat 7: mikebetsall$ ($34.55 in chips) 
Seat 8: LiquidLilac5 ($14.50 in chips) 
Seat 9: !Kill4iT! ($12.10 in chips) 
mikebetsall$: posts small blind $0.10
LiquidLilac5: posts big blind $0.25
Alameda22: posts big blind $0.25
*** HOLE CARDS ***
Dealt to Alameda22 [6d 3s]
!Kill4iT!: folds 
Alameda22: checks 
smack118: calls $0.25
snorlax_zzz: folds 
TrueJester: folds 
PStars DK: raises $0.50 to $0.75
66IMMORTAL66: calls $0.75
mikebetsall$: folds 
LiquidLilac5: folds 
Alameda22: folds 
smack118: calls $0.50
*** FLOP *** [Ts 7d Ah]
mikebetsall$ leaves the table
smack118: checks 
PStars DK: checks 
66IMMORTAL66: checks 
*** TURN *** [Ts 7d Ah] [7s]
GrenadierB joins the table at seat #7 
smack118: bets $2.25
PStars DK: folds 
66IMMORTAL66: folds 
Uncalled bet ($2.25) returned to smack118
smack118 collected $2.75 from pot
smack118: doesn't show hand 
*** SUMMARY ***
Total pot $2.85 | Rake $0.10 
Board [Ts 7d Ah 7s]
Seat 1: Alameda22 folded before Flop
Seat 2: smack118 collected ($2.75)
Seat 3: snorlax_zzz folded before Flop (didn't bet)
Seat 4: TrueJester folded before Flop (didn't bet)
Seat 5: PStars DK folded on the Turn
Seat 6: 66IMMORTAL66 (button) folded on the Turn
Seat 7: mikebetsall$ (small blind) folded before Flop
Seat 8: LiquidLilac5 (big blind) folded before Flop
Seat 9: !Kill4iT! folded before Flop (didn't bet)



PokerStars Game #19826469093:  Hold'em No Limit ($0.10/$0.25) - 2008/08/23 - 00:35:00 (ET)
Table 'Miram' 9-max Seat #8 is the button
Seat 1: Alameda22 ($24.75 in chips) 
Seat 2: smack118 ($13 in chips) 
Seat 3: snorlax_zzz ($15.25 in chips) 
Seat 4: TrueJester ($16.80 in chips) 
Seat 5: PStars DK ($4.15 in chips) 
Seat 6: 66IMMORTAL66 ($3.25 in chips) 
Seat 7: GrenadierB ($25 in chips) 
Seat 8: LiquidLilac5 ($14.25 in chips) 
Seat 9: !Kill4iT! ($12.10 in chips) 
!Kill4iT!: posts small blind $0.10
Alameda22: posts big blind $0.25
GrenadierB: posts big blind $0.25
*** HOLE CARDS ***
Dealt to Alameda22 [Kh 9d]
smack118: folds 
snorlax_zzz: folds 
TrueJester: folds 
PStars DK: folds 
66IMMORTAL66: raises $0.75 to $1
GrenadierB: folds 
LiquidLilac5: folds 
!Kill4iT!: folds 
Alameda22: folds 
Uncalled bet ($0.75) returned to 66IMMORTAL66
66IMMORTAL66 collected $0.85 from pot
66IMMORTAL66: doesn't show hand 
*** SUMMARY ***
Total pot $0.85 | Rake $0 
Seat 1: Alameda22 (big blind) folded before Flop
Seat 2: smack118 folded before Flop (didn't bet)
Seat 3: snorlax_zzz folded before Flop (didn't bet)
Seat 4: TrueJester folded before Flop (didn't bet)
Seat 5: PStars DK folded before Flop (didn't bet)
Seat 6: 66IMMORTAL66 collected ($0.85)
Seat 7: GrenadierB folded before Flop
Seat 8: LiquidLilac5 (button) folded before Flop (didn't bet)
Seat 9: !Kill4iT! (small blind) folded before Flop



PokerStars Game #19826477302:  Hold'em No Limit ($0.10/$0.25) - 2008/08/23 - 00:35:28 (ET)
Table 'Miram' 9-max Seat #9 is the button
Seat 1: Alameda22 ($24.50 in chips) 
Seat 2: smack118 ($13 in chips) 
Seat 3: snorlax_zzz ($15.25 in chips) 
Seat 4: TrueJester ($16.80 in chips) 
Seat 5: PStars DK ($4.15 in chips) 
Seat 6: 66IMMORTAL66 ($3.85 in chips) 
Seat 7: GrenadierB ($24.75 in chips) 
Seat 8: LiquidLilac5 ($14.25 in chips) 
Seat 9: !Kill4iT! ($12 in chips) 
Alameda22: posts small blind $0.10
smack118: posts big blind $0.25
*** HOLE CARDS ***
Dealt to Alameda22 [Js 7h]
snorlax_zzz: folds 
TrueJester: folds 
PStars DK: folds 
66IMMORTAL66: folds 
GrenadierB: folds 
LiquidLilac5: folds 
!Kill4iT!: folds 
Alameda22: folds 
Uncalled bet ($0.15) returned to smack118
smack118 collected $0.20 from pot
smack118: doesn't show hand 
*** SUMMARY ***
Total pot $0.20 | Rake $0 
Seat 1: Alameda22 (small blind) folded before Flop
Seat 2: smack118 (big blind) collected ($0.20)
Seat 3: snorlax_zzz folded before Flop (didn't bet)
Seat 4: TrueJester folded before Flop (didn't bet)
Seat 5: PStars DK folded before Flop (didn't bet)
Seat 6: 66IMMORTAL66 folded before Flop (didn't bet)
Seat 7: GrenadierB folded before Flop (didn't bet)
Seat 8: LiquidLilac5 folded before Flop (didn't bet)
Seat 9: !Kill4iT! (button) folded before Flop (didn't bet)



PokerStars Game #19826486499:  Hold'em No Limit ($0.10/$0.25) - 2008/08/23 - 00:36:00 (ET)
Table 'Miram' 9-max Seat #1 is the button
Seat 1: Alameda22 ($24.40 in chips) 
Seat 2: smack118 ($13.10 in chips) 
Seat 3: snorlax_zzz ($15.25 in chips) 
Seat 4: TrueJester ($16.80 in chips) 
Seat 5: PStars DK ($4.15 in chips) 
Seat 6: 66IMMORTAL66 ($3.85 in chips) 
Seat 7: GrenadierB ($24.75 in chips) 
Seat 8: LiquidLilac5 ($14.25 in chips) 
Seat 9: !Kill4iT! ($12 in chips) 
smack118: posts small blind $0.10
snorlax_zzz: posts big blind $0.25
*** HOLE CARDS ***
Dealt to Alameda22 [Tc Kd]
TrueJester: folds 
PStars DK: calls $0.25
66IMMORTAL66: calls $0.25
GrenadierB: calls $0.25
LiquidLilac5: folds 
!Kill4iT!: folds 
Alameda22: folds 
smack118: folds 
snorlax_zzz: raises $0.75 to $1
PStars DK: calls $0.75
66IMMORTAL66: calls $0.75
GrenadierB: folds 
*** FLOP *** [8c 9s 5s]
snorlax_zzz: checks 
PStars DK: bets $3.15 and is all-in
66IMMORTAL66: calls $2.85 and is all-in
snorlax_zzz: folds 
Uncalled bet ($0.30) returned to PStars DK
*** TURN *** [8c 9s 5s] [Ac]
*** RIVER *** [8c 9s 5s Ac] [5d]
*** SHOW DOWN ***
PStars DK: shows [Jd Ts] (a pair of Fives)
66IMMORTAL66: shows [Kh 7s] (a pair of Fives - Ace+King kicker)
66IMMORTAL66 collected $8.65 from pot
*** SUMMARY ***
Total pot $9.05 | Rake $0.40 
Board [8c 9s 5s Ac 5d]
Seat 1: Alameda22 (button) folded before Flop (didn't bet)
Seat 2: smack118 (small blind) folded before Flop
Seat 3: snorlax_zzz (big blind) folded on the Flop
Seat 4: TrueJester folded before Flop (didn't bet)
Seat 5: PStars DK showed [Jd Ts] and lost with a pair of Fives
Seat 6: 66IMMORTAL66 showed [Kh 7s] and won ($8.65) with a pair of Fives
Seat 7: GrenadierB folded before Flop
Seat 8: LiquidLilac5 folded before Flop (didn't bet)
Seat 9: !Kill4iT! folded before Flop (didn't bet)



PokerStars Game #19826507501:  Hold'em No Limit ($0.10/$0.25) - 2008/08/23 - 00:37:13 (ET)
Table 'Miram' 9-max Seat #2 is the button
Seat 1: Alameda22 ($24.40 in chips) 
Seat 2: smack118 ($13 in chips) 
Seat 3: snorlax_zzz ($14.25 in chips) 
Seat 4: TrueJester ($16.80 in chips) 
Seat 5: PStars DK ($0.30 in chips) 
Seat 6: 66IMMORTAL66 ($8.65 in chips) 
Seat 7: GrenadierB ($24.50 in chips) 
Seat 8: LiquidLilac5 ($14.25 in chips) 
Seat 9: !Kill4iT! ($12 in chips) 
snorlax_zzz: posts small blind $0.10
TrueJester: posts big blind $0.25
*** HOLE CARDS ***
Dealt to Alameda22 [4s 2s]
PStars DK: raises $0.05 to $0.30 and is all-in
66IMMORTAL66: folds 
GrenadierB: folds 
LiquidLilac5: folds 
!Kill4iT!: folds 
Alameda22: folds 
smack118: folds 
snorlax_zzz: calls $0.20
TrueJester: calls $0.05
*** FLOP *** [5h Ad 6h]
snorlax_zzz: checks 
TrueJester: checks 
*** TURN *** [5h Ad 6h] [Js]
snorlax_zzz: checks 
TrueJester: checks 
*** RIVER *** [5h Ad 6h Js] [5d]
snorlax_zzz: checks 
TrueJester: checks 
*** SHOW DOWN ***
snorlax_zzz: shows [9h Kh] (a pair of Fives)
TrueJester: shows [Tc Ts] (two pair, Tens and Fives)
PStars DK: mucks hand 
TrueJester collected $0.90 from pot
*** SUMMARY ***
Total pot $0.90 | Rake $0 
Board [5h Ad 6h Js 5d]
Seat 1: Alameda22 folded before Flop (didn't bet)
Seat 2: smack118 (button) folded before Flop (didn't bet)
Seat 3: snorlax_zzz (small blind) showed [9h Kh] and lost with a pair of Fives
Seat 4: TrueJester (big blind) showed [Tc Ts] and won ($0.90) with two pair, Tens and Fives
Seat 5: PStars DK mucked [4d 8s]
Seat 6: 66IMMORTAL66 folded before Flop (didn't bet)
Seat 7: GrenadierB folded before Flop (didn't bet)
Seat 8: LiquidLilac5 folded before Flop (didn't bet)
Seat 9: !Kill4iT! folded before Flop (didn't bet)



PokerStars Game #19826524024:  Hold'em No Limit ($0.10/$0.25) - 2008/08/23 - 00:38:11 (ET)
Table 'Miram' 9-max Seat #3 is the button
Seat 1: Alameda22 ($24.40 in chips) 
Seat 2: smack118 ($13 in chips) 
Seat 3: snorlax_zzz ($13.95 in chips) 
Seat 4: TrueJester ($17.40 in chips) 
Seat 5: PStars DK ($4.70 in chips) 
Seat 6: 66IMMORTAL66 ($8.65 in chips) 
Seat 7: GrenadierB ($24.50 in chips) 
Seat 8: LiquidLilac5 ($14.25 in chips) 
Seat 9: !Kill4iT! ($12 in chips) 
TrueJester: posts small blind $0.10
PStars DK: posts big blind $0.25
*** HOLE CARDS ***
Dealt to Alameda22 [Kc 3c]
66IMMORTAL66: folds 
GrenadierB: folds 
LiquidLilac5: folds 
!Kill4iT!: folds 
Alameda22: folds 
smack118: calls $0.25
snorlax_zzz: calls $0.25
TrueJester: calls $0.15
PStars DK: checks 
*** FLOP *** [Qs 5h 5s]
TrueJester: checks 
PStars DK: checks 
smack118: bets $0.25
snorlax_zzz: folds 
TrueJester: folds 
PStars DK: folds 
Uncalled bet ($0.25) returned to smack118
smack118 collected $0.95 from pot
smack118: doesn't show hand 
*** SUMMARY ***
Total pot $1 | Rake $0.05 
Board [Qs 5h 5s]
Seat 1: Alameda22 folded before Flop (didn't bet)
Seat 2: smack118 collected ($0.95)
Seat 3: snorlax_zzz (button) folded on the Flop
Seat 4: TrueJester (small blind) folded on the Flop
Seat 5: PStars DK (big blind) folded on the Flop
Seat 6: 66IMMORTAL66 folded before Flop (didn't bet)
Seat 7: GrenadierB folded before Flop (didn't bet)
Seat 8: LiquidLilac5 folded before Flop (didn't bet)
Seat 9: !Kill4iT! folded before Flop (didn't bet)



PokerStars Game #19826545615:  Hold'em No Limit ($0.10/$0.25) - 2008/08/23 - 00:39:26 (ET)
Table 'Miram' 9-max Seat #4 is the button
Seat 1: Alameda22 ($24.40 in chips) 
Seat 2: smack118 ($13.70 in chips) 
Seat 3: snorlax_zzz ($13.70 in chips) 
Seat 4: TrueJester ($17.15 in chips) 
Seat 5: PStars DK ($4.45 in chips) 
Seat 6: 66IMMORTAL66 ($8.65 in chips) 
Seat 7: GrenadierB ($24.50 in chips) 
Seat 8: LiquidLilac5 ($14.25 in chips) 
Seat 9: !Kill4iT! ($12 in chips) 
PStars DK: posts small blind $0.10
66IMMORTAL66: posts big blind $0.25
*** HOLE CARDS ***
Dealt to Alameda22 [Tc Kh]
GrenadierB: folds 
LiquidLilac5: folds 
!Kill4iT!: folds 
Alameda22: folds 
smack118: folds 
snorlax_zzz: folds 
TrueJester: folds 
PStars DK: calls $0.15
66IMMORTAL66: checks 
*** FLOP *** [7c 3h Qc]
PStars DK: bets $0.25
66IMMORTAL66: calls $0.25
*** TURN *** [7c 3h Qc] [9h]
PStars DK: bets $0.25
66IMMORTAL66: calls $0.25
*** RIVER *** [7c 3h Qc 9h] [6h]
PStars DK: bets $1
66IMMORTAL66: folds 
Uncalled bet ($1) returned to PStars DK
PStars DK collected $1.45 from pot
PStars DK: doesn't show hand 
*** SUMMARY ***
Total pot $1.50 | Rake $0.05 
Board [7c 3h Qc 9h 6h]
Seat 1: Alameda22 folded before Flop (didn't bet)
Seat 2: smack118 folded before Flop (didn't bet)
Seat 3: snorlax_zzz folded before Flop (didn't bet)
Seat 4: TrueJester (button) folded before Flop (didn't bet)
Seat 5: PStars DK (small blind) collected ($1.45)
Seat 6: 66IMMORTAL66 (big blind) folded on the River
Seat 7: GrenadierB folded before Flop (didn't bet)
Seat 8: LiquidLilac5 folded before Flop (didn't bet)
Seat 9: !Kill4iT! folded before Flop (didn't bet)



PokerStars Game #19826566035:  Hold'em No Limit ($0.10/$0.25) - 2008/08/23 - 00:40:37 (ET)
Table 'Miram' 9-max Seat #5 is the button
Seat 1: Alameda22 ($24.40 in chips) 
Seat 2: smack118 ($13.70 in chips) 
Seat 3: snorlax_zzz ($13.70 in chips) 
Seat 4: TrueJester ($17.15 in chips) 
Seat 5: PStars DK ($5.15 in chips) 
Seat 6: 66IMMORTAL66 ($7.90 in chips) 
Seat 7: GrenadierB ($24.50 in chips) 
Seat 8: LiquidLilac5 ($14.25 in chips) 
Seat 9: !Kill4iT! ($12 in chips) 
66IMMORTAL66: posts small blind $0.10
GrenadierB: posts big blind $0.25
*** HOLE CARDS ***
Dealt to Alameda22 [Js Td]
LiquidLilac5: folds 
!Kill4iT!: folds 
!Kill4iT! leaves the table
Alameda22: folds 
smack118: folds 
snorlax_zzz: folds 
TrueJester: folds 
Donkey_Nuts1 joins the table at seat #9 
PStars DK: raises $0.50 to $0.75
66IMMORTAL66: calls $0.65
GrenadierB: calls $0.50
*** FLOP *** [4d 5c 2d]
66IMMORTAL66: checks 
GrenadierB: checks 
PStars DK: bets $1
66IMMORTAL66: folds 
GrenadierB: folds 
Uncalled bet ($1) returned to PStars DK
PStars DK collected $2.15 from pot
PStars DK: doesn't show hand 
*** SUMMARY ***
Total pot $2.25 | Rake $0.10 
Board [4d 5c 2d]
Seat 1: Alameda22 folded before Flop (didn't bet)
Seat 2: smack118 folded before Flop (didn't bet)
Seat 3: snorlax_zzz folded before Flop (didn't bet)
Seat 4: TrueJester folded before Flop (didn't bet)
Seat 5: PStars DK (button) collected ($2.15)
Seat 6: 66IMMORTAL66 (small blind) folded on the Flop
Seat 7: GrenadierB (big blind) folded on the Flop
Seat 8: LiquidLilac5 folded before Flop (didn't bet)
Seat 9: !Kill4iT! folded before Flop (didn't bet)



PokerStars Game #19826579899:  Hold'em No Limit ($0.10/$0.25) - 2008/08/23 - 00:41:26 (ET)
Table 'Miram' 9-max Seat #6 is the button
Seat 1: Alameda22 ($24.40 in chips) 
Seat 2: smack118 ($13.70 in chips) 
Seat 3: snorlax_zzz ($13.70 in chips) 
Seat 4: TrueJester ($17.15 in chips) 
Seat 5: PStars DK ($6.55 in chips) 
Seat 6: 66IMMORTAL66 ($7.15 in chips) 
Seat 7: GrenadierB ($23.75 in chips) 
Seat 8: LiquidLilac5 ($14.25 in chips) 
GrenadierB: posts small blind $0.10
LiquidLilac5: posts big blind $0.25
Donkey_Nuts1: sits out 
*** HOLE CARDS ***
Dealt to Alameda22 [Qs 2s]
Alameda22: folds 
smack118: folds 
snorlax_zzz: folds 
TrueJester: calls $0.25
PStars DK: calls $0.25
66IMMORTAL66: calls $0.25
GrenadierB: calls $0.15
LiquidLilac5: checks 
*** FLOP *** [9d 9c Qd]
GrenadierB: checks 
LiquidLilac5: checks 
TrueJester: checks 
PStars DK: bets $0.25
66IMMORTAL66: calls $0.25
GrenadierB: folds 
LiquidLilac5: calls $0.25
TrueJester: folds 
*** TURN *** [9d 9c Qd] [9h]
LiquidLilac5: checks 
PStars DK: checks 
66IMMORTAL66: checks 
*** RIVER *** [9d 9c Qd 9h] [4d]
LiquidLilac5: checks 
PStars DK: checks 
66IMMORTAL66: bets $1.50
LiquidLilac5: folds 
PStars DK: folds 
Uncalled bet ($1.50) returned to 66IMMORTAL66
66IMMORTAL66 collected $1.95 from pot
66IMMORTAL66: doesn't show hand 
*** SUMMARY ***
Total pot $2 | Rake $0.05 
Board [9d 9c Qd 9h 4d]
Seat 1: Alameda22 folded before Flop (didn't bet)
Seat 2: smack118 folded before Flop (didn't bet)
Seat 3: snorlax_zzz folded before Flop (didn't bet)
Seat 4: TrueJester folded on the Flop
Seat 5: PStars DK folded on the River
Seat 6: 66IMMORTAL66 (button) collected ($1.95)
Seat 7: GrenadierB (small blind) folded on the Flop
Seat 8: LiquidLilac5 (big blind) folded on the River



PokerStars Game #19826611909:  Hold'em No Limit ($0.10/$0.25) - 2008/08/23 - 00:43:19 (ET)
Table 'Miram' 9-max Seat #7 is the button
Seat 1: Alameda22 ($24.40 in chips) 
Seat 2: smack118 ($13.70 in chips) 
Seat 3: snorlax_zzz ($13.70 in chips) 
Seat 4: TrueJester ($16.90 in chips) 
Seat 5: PStars DK ($6.05 in chips) 
Seat 6: 66IMMORTAL66 ($8.60 in chips) 
Seat 7: GrenadierB ($23.50 in chips) 
Seat 8: LiquidLilac5 ($13.75 in chips) 
Seat 9: Donkey_Nuts1 ($21 in chips) 
LiquidLilac5: posts small blind $0.10
Donkey_Nuts1: posts big blind $0.25
*** HOLE CARDS ***
Dealt to Alameda22 [Ts 5s]
Alameda22: folds 
smack118: folds 
snorlax_zzz: folds 
TrueJester: folds 
PStars DK: raises $0.25 to $0.50
66IMMORTAL66: folds 
GrenadierB: folds 
LiquidLilac5: folds 
Donkey_Nuts1: folds 
Uncalled bet ($0.25) returned to PStars DK
PStars DK collected $0.60 from pot
PStars DK: doesn't show hand 
*** SUMMARY ***
Total pot $0.60 | Rake $0 
Seat 1: Alameda22 folded before Flop (didn't bet)
Seat 2: smack118 folded before Flop (didn't bet)
Seat 3: snorlax_zzz folded before Flop (didn't bet)
Seat 4: TrueJester folded before Flop (didn't bet)
Seat 5: PStars DK collected ($0.60)
Seat 6: 66IMMORTAL66 folded before Flop (didn't bet)
Seat 7: GrenadierB (button) folded before Flop (didn't bet)
Seat 8: LiquidLilac5 (small blind) folded before Flop
Seat 9: Donkey_Nuts1 (big blind) folded before Flop



PokerStars Game #19826620595:  Hold'em No Limit ($0.10/$0.25) - 2008/08/23 - 00:43:50 (ET)
Table 'Miram' 9-max Seat #8 is the button
Seat 1: Alameda22 ($24.40 in chips) 
Seat 2: smack118 ($13.70 in chips) 
Seat 3: snorlax_zzz ($13.70 in chips) 
Seat 4: TrueJester ($16.90 in chips) 
Seat 5: PStars DK ($6.40 in chips) 
Seat 6: 66IMMORTAL66 ($8.60 in chips) 
Seat 7: GrenadierB ($23.50 in chips) 
Seat 8: LiquidLilac5 ($13.65 in chips) 
Seat 9: Donkey_Nuts1 ($20.75 in chips) 
Donkey_Nuts1: posts small blind $0.10
Alameda22: posts big blind $0.25
*** HOLE CARDS ***
Dealt to Alameda22 [4d 5h]
smack118: calls $0.25
snorlax_zzz: folds 
TrueJester: folds 
PStars DK: raises $0.25 to $0.50
66IMMORTAL66: calls $0.50
GrenadierB: folds 
LiquidLilac5: calls $0.50
Donkey_Nuts1: folds 
Alameda22: folds 
smack118: calls $0.25
*** FLOP *** [Qh 2h 8h]
smack118: checks 
PStars DK: checks 
66IMMORTAL66: checks 
LiquidLilac5: checks 
*** TURN *** [Qh 2h 8h] [Qc]
smack118: bets $0.75
PStars DK: calls $0.75
66IMMORTAL66: folds 
LiquidLilac5: folds 
*** RIVER *** [Qh 2h 8h Qc] [9d]
smack118: bets $1
PStars DK: folds 
Uncalled bet ($1) returned to smack118
smack118 collected $3.70 from pot
smack118: doesn't show hand 
*** SUMMARY ***
Total pot $3.85 | Rake $0.15 
Board [Qh 2h 8h Qc 9d]
Seat 1: Alameda22 (big blind) folded before Flop
Seat 2: smack118 collected ($3.70)
Seat 3: snorlax_zzz folded before Flop (didn't bet)
Seat 4: TrueJester folded before Flop (didn't bet)
Seat 5: PStars DK folded on the River
Seat 6: 66IMMORTAL66 folded on the Turn
Seat 7: GrenadierB folded before Flop (didn't bet)
Seat 8: LiquidLilac5 (button) folded on the Turn
Seat 9: Donkey_Nuts1 (small blind) folded before Flop



PokerStars Game #19826642179:  Hold'em No Limit ($0.10/$0.25) - 2008/08/23 - 00:45:06 (ET)
Table 'Miram' 9-max Seat #9 is the button
Seat 1: Alameda22 ($24.15 in chips) 
Seat 2: smack118 ($16.15 in chips) 
Seat 3: snorlax_zzz ($13.70 in chips) 
Seat 4: TrueJester ($16.90 in chips) 
Seat 5: PStars DK ($5.15 in chips) 
Seat 6: 66IMMORTAL66 ($8.10 in chips) 
Seat 7: GrenadierB ($23.50 in chips) 
Seat 8: LiquidLilac5 ($13.15 in chips) 
Seat 9: Donkey_Nuts1 ($20.65 in chips) 
Alameda22: posts small blind $0.10
smack118: posts big blind $0.25
*** HOLE CARDS ***
Dealt to Alameda22 [Jc Th]
snorlax_zzz: folds 
TrueJester: calls $0.25
PStars DK: folds 
66IMMORTAL66: calls $0.25
GrenadierB: folds 
LiquidLilac5: folds 
Donkey_Nuts1: calls $0.25
Alameda22: calls $0.15
smack118: checks 
*** FLOP *** [4c 9s 4s]
Alameda22: checks 
smack118: bets $0.75
TrueJester: folds 
66IMMORTAL66: folds 
Donkey_Nuts1: calls $0.75
TrueJester leaves the table
Alameda22: folds 
*** TURN *** [4c 9s 4s] [4d]
smack118: bets $2.25
Donkey_Nuts1: raises $3.75 to $6
smack118: folds 
Uncalled bet ($3.75) returned to Donkey_Nuts1
Donkey_Nuts1 collected $6.90 from pot
*** SUMMARY ***
Total pot $7.25 | Rake $0.35 
Board [4c 9s 4s 4d]
Seat 1: Alameda22 (small blind) folded on the Flop
Seat 2: smack118 (big blind) folded on the Turn
Seat 3: snorlax_zzz folded before Flop (didn't bet)
Seat 4: TrueJester folded on the Flop
Seat 5: PStars DK folded before Flop (didn't bet)
Seat 6: 66IMMORTAL66 folded on the Flop
Seat 7: GrenadierB folded before Flop (didn't bet)
Seat 8: LiquidLilac5 folded before Flop (didn't bet)
Seat 9: Donkey_Nuts1 (button) collected ($6.90)



PokerStars Game #19826674124:  Hold'em No Limit ($0.10/$0.25) - 2008/08/23 - 00:47:00 (ET)
Table 'Miram' 9-max Seat #1 is the button
Seat 1: Alameda22 ($23.90 in chips) 
Seat 2: smack118 ($12.90 in chips) 
Seat 3: snorlax_zzz ($13.70 in chips) 
Seat 5: PStars DK ($8.15 in chips) 
Seat 6: 66IMMORTAL66 ($7.85 in chips) 
Seat 7: GrenadierB ($23.50 in chips) 
Seat 8: LiquidLilac5 ($13.15 in chips) 
Seat 9: Donkey_Nuts1 ($24.30 in chips) 
smack118: posts small blind $0.10
snorlax_zzz: posts big blind $0.25
*** HOLE CARDS ***
Dealt to Alameda22 [Ah 5d]
PStars DK: folds 
66IMMORTAL66: folds 
GrenadierB: folds 
LiquidLilac5: folds 
Donkey_Nuts1: folds 
MEFO1964 joins the table at seat #4 
Alameda22: folds 
smack118: folds 
Uncalled bet ($0.15) returned to snorlax_zzz
snorlax_zzz collected $0.20 from pot
snorlax_zzz: doesn't show hand 
*** SUMMARY ***
Total pot $0.20 | Rake $0 
Seat 1: Alameda22 (button) folded before Flop (didn't bet)
Seat 2: smack118 (small blind) folded before Flop
Seat 3: snorlax_zzz (big blind) collected ($0.20)
Seat 5: PStars DK folded before Flop (didn't bet)
Seat 6: 66IMMORTAL66 folded before Flop (didn't bet)
Seat 7: GrenadierB folded before Flop (didn't bet)
Seat 8: LiquidLilac5 folded before Flop (didn't bet)
Seat 9: Donkey_Nuts1 folded before Flop (didn't bet)



PokerStars Game #19826688228:  Hold'em No Limit ($0.10/$0.25) - 2008/08/23 - 00:47:51 (ET)
Table 'Miram' 9-max Seat #2 is the button
Seat 1: Alameda22 ($23.90 in chips) 
Seat 2: smack118 ($12.80 in chips) 
Seat 3: snorlax_zzz ($13.80 in chips) 
Seat 4: MEFO1964 ($25 in chips) 
Seat 5: PStars DK ($8.15 in chips) 
Seat 6: 66IMMORTAL66 ($7.85 in chips) 
Seat 7: GrenadierB ($23.50 in chips) 
Seat 8: LiquidLilac5 ($13.15 in chips) 
Seat 9: Donkey_Nuts1 ($24.30 in chips) 
snorlax_zzz: posts small blind $0.10
MEFO1964: posts big blind $0.25
*** HOLE CARDS ***
Dealt to Alameda22 [6s Kd]
PStars DK: raises $1 to $1.25
66IMMORTAL66: folds 
GrenadierB: folds 
LiquidLilac5: calls $1.25
Donkey_Nuts1: folds 
Alameda22: folds 
smack118: folds 
snorlax_zzz: folds 
MEFO1964: folds 
*** FLOP *** [8s 6c 7h]
PStars DK: bets $2.75
LiquidLilac5: raises $9.15 to $11.90 and is all-in
PStars DK: calls $4.15 and is all-in
Uncalled bet ($5) returned to LiquidLilac5
*** TURN *** [8s 6c 7h] [Js]
*** RIVER *** [8s 6c 7h Js] [Jc]
*** SHOW DOWN ***
PStars DK: shows [9h 9s] (two pair, Jacks and Nines)
LiquidLilac5: mucks hand 
PStars DK collected $15.85 from pot
*** SUMMARY ***
Total pot $16.65 | Rake $0.80 
Board [8s 6c 7h Js Jc]
Seat 1: Alameda22 folded before Flop (didn't bet)
Seat 2: smack118 (button) folded before Flop (didn't bet)
Seat 3: snorlax_zzz (small blind) folded before Flop
Seat 4: MEFO1964 (big blind) folded before Flop
Seat 5: PStars DK showed [9h 9s] and won ($15.85) with two pair, Jacks and Nines
Seat 6: 66IMMORTAL66 folded before Flop (didn't bet)
Seat 7: GrenadierB folded before Flop (didn't bet)
Seat 8: LiquidLilac5 mucked [5c 7d]
Seat 9: Donkey_Nuts1 folded before Flop (didn't bet)



PokerStars Game #19826706215:  Hold'em No Limit ($0.10/$0.25) - 2008/08/23 - 00:48:56 (ET)
Table 'Miram' 9-max Seat #3 is the button
Seat 1: Alameda22 ($23.90 in chips) 
Seat 2: smack118 ($12.80 in chips) 
Seat 3: snorlax_zzz ($13.70 in chips) 
Seat 4: MEFO1964 ($24.75 in chips) 
Seat 5: PStars DK ($15.85 in chips) 
Seat 6: 66IMMORTAL66 ($7.85 in chips) 
Seat 7: GrenadierB ($23.50 in chips) 
Seat 8: LiquidLilac5 ($5 in chips) 
Seat 9: Donkey_Nuts1 ($24.30 in chips) 
MEFO1964: posts small blind $0.10
PStars DK: posts big blind $0.25
*** HOLE CARDS ***
Dealt to Alameda22 [Qh Ks]
66IMMORTAL66: folds 
GrenadierB: folds 
LiquidLilac5: folds 
Donkey_Nuts1: folds 
Alameda22: folds 
smack118: calls $0.25
snorlax_zzz: folds 
MEFO1964: folds 
PStars DK: checks 
*** FLOP *** [3c Js Jh]
PStars DK: bets $0.25
smack118: calls $0.25
*** TURN *** [3c Js Jh] [3d]
PStars DK: checks 
smack118: bets $1
PStars DK: raises $1 to $2
smack118: raises $10.30 to $12.30 and is all-in
PStars DK: folds 
Uncalled bet ($10.30) returned to smack118
smack118 collected $4.85 from pot
smack118: doesn't show hand 
*** SUMMARY ***
Total pot $5.10 | Rake $0.25 
Board [3c Js Jh 3d]
Seat 1: Alameda22 folded before Flop (didn't bet)
Seat 2: smack118 collected ($4.85)
Seat 3: snorlax_zzz (button) folded before Flop (didn't bet)
Seat 4: MEFO1964 (small blind) folded before Flop
Seat 5: PStars DK (big blind) folded on the Turn
Seat 6: 66IMMORTAL66 folded before Flop (didn't bet)
Seat 7: GrenadierB folded before Flop (didn't bet)
Seat 8: LiquidLilac5 folded before Flop (didn't bet)
Seat 9: Donkey_Nuts1 folded before Flop (didn't bet)



PokerStars Game #19826730345:  Hold'em No Limit ($0.10/$0.25) - 2008/08/23 - 00:50:24 (ET)
Table 'Miram' 9-max Seat #4 is the button
Seat 1: Alameda22 ($23.90 in chips) 
Seat 2: smack118 ($15.15 in chips) 
Seat 3: snorlax_zzz ($13.70 in chips) 
Seat 4: MEFO1964 ($24.65 in chips) 
Seat 5: PStars DK ($13.35 in chips) 
Seat 6: 66IMMORTAL66 ($7.85 in chips) 
Seat 7: GrenadierB ($23.50 in chips) 
Seat 8: LiquidLilac5 ($5 in chips) 
Seat 9: Donkey_Nuts1 ($24.30 in chips) 
PStars DK: posts small blind $0.10
66IMMORTAL66: posts big blind $0.25
*** HOLE CARDS ***
Dealt to Alameda22 [Qs 6c]
GrenadierB: folds 
LiquidLilac5: folds 
Donkey_Nuts1: folds 
Alameda22: folds 
smack118: folds 
snorlax_zzz: raises $0.50 to $0.75
MEFO1964: folds 
PStars DK: folds 
66IMMORTAL66: calls $0.50
*** FLOP *** [Ah Jc Kc]
66IMMORTAL66: checks 
snorlax_zzz: checks 
*** TURN *** [Ah Jc Kc] [7h]
66IMMORTAL66: bets $0.75
snorlax_zzz: calls $0.75
*** RIVER *** [Ah Jc Kc 7h] [8c]
66IMMORTAL66: checks 
snorlax_zzz: bets $2.50
66IMMORTAL66: folds 
Uncalled bet ($2.50) returned to snorlax_zzz
snorlax_zzz collected $2.95 from pot
*** SUMMARY ***
Total pot $3.10 | Rake $0.15 
Board [Ah Jc Kc 7h 8c]
Seat 1: Alameda22 folded before Flop (didn't bet)
Seat 2: smack118 folded before Flop (didn't bet)
Seat 3: snorlax_zzz collected ($2.95)
Seat 4: MEFO1964 (button) folded before Flop (didn't bet)
Seat 5: PStars DK (small blind) folded before Flop
Seat 6: 66IMMORTAL66 (big blind) folded on the River
Seat 7: GrenadierB folded before Flop (didn't bet)
Seat 8: LiquidLilac5 folded before Flop (didn't bet)
Seat 9: Donkey_Nuts1 folded before Flop (didn't bet)



PokerStars Game #19826750004:  Hold'em No Limit ($0.10/$0.25) - 2008/08/23 - 00:51:36 (ET)
Table 'Miram' 9-max Seat #5 is the button
Seat 1: Alameda22 ($23.90 in chips) 
Seat 2: smack118 ($15.15 in chips) 
Seat 3: snorlax_zzz ($15.15 in chips) 
Seat 4: MEFO1964 ($24.65 in chips) 
Seat 5: PStars DK ($13.25 in chips) 
Seat 6: 66IMMORTAL66 ($6.35 in chips) 
Seat 7: GrenadierB ($23.50 in chips) 
Seat 8: LiquidLilac5 ($5 in chips) 
Seat 9: Donkey_Nuts1 ($24.30 in chips) 
66IMMORTAL66: posts small blind $0.10
GrenadierB: posts big blind $0.25
*** HOLE CARDS ***
Dealt to Alameda22 [4c 7d]
LiquidLilac5: calls $0.25
Donkey_Nuts1: folds 
Alameda22: folds 
smack118: folds 
snorlax_zzz: folds 
MEFO1964: folds 
PStars DK: raises $1 to $1.25
66IMMORTAL66: calls $1.15
GrenadierB: folds 
LiquidLilac5: raises $3.75 to $5 and is all-in
PStars DK: calls $3.75
66IMMORTAL66: calls $3.75
*** FLOP *** [Ac 5c Js]
66IMMORTAL66: bets $1.35 and is all-in
PStars DK: calls $1.35
*** TURN *** [Ac 5c Js] [2d]
*** RIVER *** [Ac 5c Js 2d] [2c]
*** SHOW DOWN ***
66IMMORTAL66: shows [Ts Qs] (a pair of Deuces)
PStars DK: shows [Kh As] (two pair, Aces and Deuces)
PStars DK collected $2.60 from side pot
LiquidLilac5: mucks hand 
PStars DK collected $14.50 from main pot
*** SUMMARY ***
Total pot $17.95 Main pot $14.50. Side pot $2.60. | Rake $0.85 
Board [Ac 5c Js 2d 2c]
Seat 1: Alameda22 folded before Flop (didn't bet)
Seat 2: smack118 folded before Flop (didn't bet)
Seat 3: snorlax_zzz folded before Flop (didn't bet)
Seat 4: MEFO1964 folded before Flop (didn't bet)
Seat 5: PStars DK (button) showed [Kh As] and won ($17.10) with two pair, Aces and Deuces
Seat 6: 66IMMORTAL66 (small blind) showed [Ts Qs] and lost with a pair of Deuces
Seat 7: GrenadierB (big blind) folded before Flop
Seat 8: LiquidLilac5 mucked [6s 6d]
Seat 9: Donkey_Nuts1 folded before Flop (didn't bet)



PokerStars Game #19826775941:  Hold'em No Limit ($0.10/$0.25) - 2008/08/23 - 00:53:13 (ET)
Table 'Miram' 9-max Seat #7 is the button
Seat 1: Alameda22 ($23.90 in chips) 
Seat 2: smack118 ($15.15 in chips) 
Seat 3: snorlax_zzz ($15.15 in chips) 
Seat 4: MEFO1964 ($24.65 in chips) 
Seat 5: PStars DK ($24 in chips) 
Seat 7: GrenadierB ($23.25 in chips) 
Seat 9: Donkey_Nuts1 ($24.30 in chips) 
Donkey_Nuts1: posts small blind $0.10
Alameda22: posts big blind $0.25
*** HOLE CARDS ***
Dealt to Alameda22 [Ts Qd]
66IMMORTAL66 leaves the table
smack118: folds 
snorlax_zzz: calls $0.25
enright3060 joins the table at seat #6 
MEFO1964: folds 
PStars DK: folds 
GrenadierB: folds 
Donkey_Nuts1: folds 
LiquidLilac5 leaves the table
Alameda22: checks 
*** FLOP *** [Qc 5c Js]
Alameda22: bets $0.25
snorlax_zzz: folds 
Uncalled bet ($0.25) returned to Alameda22
Alameda22 collected $0.60 from pot
Alameda22: doesn't show hand 
*** SUMMARY ***
Total pot $0.60 | Rake $0 
Board [Qc 5c Js]
Seat 1: Alameda22 (big blind) collected ($0.60)
Seat 2: smack118 folded before Flop (didn't bet)
Seat 3: snorlax_zzz folded on the Flop
Seat 4: MEFO1964 folded before Flop (didn't bet)
Seat 5: PStars DK folded before Flop (didn't bet)
Seat 7: GrenadierB (button) folded before Flop (didn't bet)
Seat 9: Donkey_Nuts1 (small blind) folded before Flop



PokerStars Game #19826790946:  Hold'em No Limit ($0.10/$0.25) - 2008/08/23 - 00:54:09 (ET)
Table 'Miram' 9-max Seat #9 is the button
Seat 1: Alameda22 ($24.25 in chips) 
Seat 2: smack118 ($15.15 in chips) 
Seat 3: snorlax_zzz ($14.90 in chips) 
Seat 4: MEFO1964 ($24.65 in chips) 
Seat 5: PStars DK ($24 in chips) 
Seat 6: enright3060 ($25 in chips) 
Seat 7: GrenadierB ($23.25 in chips) 
Seat 9: Donkey_Nuts1 ($24.20 in chips) 
Alameda22: posts small blind $0.10
smack118: posts big blind $0.25
enright3060: posts big blind $0.25
*** HOLE CARDS ***
Dealt to Alameda22 [Jh Ah]
snorlax_zzz: folds 
MEFO1964: calls $0.25
PStars DK: folds 
enright3060: checks 
GrenadierB: folds 
Donkey_Nuts1: raises $0.75 to $1
Alameda22: calls $0.90
smack118: folds 
smack118 is sitting out
MEFO1964: folds 
enright3060: folds 
*** FLOP *** [3c 5h 5s]
Alameda22: bets $1.75
Donkey_Nuts1: folds 
Uncalled bet ($1.75) returned to Alameda22
Alameda22 collected $2.65 from pot
Alameda22: doesn't show hand 
*** SUMMARY ***
Total pot $2.75 | Rake $0.10 
Board [3c 5h 5s]
Seat 1: Alameda22 (small blind) collected ($2.65)
Seat 2: smack118 (big blind) folded before Flop
Seat 3: snorlax_zzz folded before Flop (didn't bet)
Seat 4: MEFO1964 folded before Flop
Seat 5: PStars DK folded before Flop (didn't bet)
Seat 6: enright3060 folded before Flop
Seat 7: GrenadierB folded before Flop (didn't bet)
Seat 9: Donkey_Nuts1 (button) folded on the Flop



PokerStars Game #19826817662:  Hold'em No Limit ($0.10/$0.25) - 2008/08/23 - 00:55:49 (ET)
Table 'Miram' 9-max Seat #1 is the button
Seat 1: Alameda22 ($25.90 in chips) 
Seat 3: snorlax_zzz ($14.90 in chips) 
Seat 4: MEFO1964 ($24.40 in chips) 
Seat 5: PStars DK ($24 in chips) 
Seat 6: enright3060 ($24.75 in chips) 
Seat 7: GrenadierB ($23.25 in chips) 
Seat 9: Donkey_Nuts1 ($23.20 in chips) 
snorlax_zzz: posts small blind $0.10
MEFO1964: posts big blind $0.25
*** HOLE CARDS ***
Dealt to Alameda22 [6c 3h]
PStars DK: calls $0.25
k030101 joins the table at seat #8 
enright3060: folds 
GrenadierB: folds 
Donkey_Nuts1: calls $0.25
Alameda22: folds 
snorlax_zzz: raises $0.75 to $1
MEFO1964: folds 
PStars DK: folds 
Donkey_Nuts1: calls $0.75
*** FLOP *** [Kd Th 7s]
PStars DK leaves the table
snorlax_zzz: checks 
Donkey_Nuts1: checks 
*** TURN *** [Kd Th 7s] [9s]
E.G.G. joins the table at seat #5 
snorlax_zzz: bets $2
Donkey_Nuts1: folds 
Uncalled bet ($2) returned to snorlax_zzz
snorlax_zzz collected $2.40 from pot
snorlax_zzz: doesn't show hand 
*** SUMMARY ***
Total pot $2.50 | Rake $0.10 
Board [Kd Th 7s 9s]
Seat 1: Alameda22 (button) folded before Flop (didn't bet)
Seat 3: snorlax_zzz (small blind) collected ($2.40)
Seat 4: MEFO1964 (big blind) folded before Flop
Seat 5: PStars DK folded before Flop
Seat 6: enright3060 folded before Flop (didn't bet)
Seat 7: GrenadierB folded before Flop (didn't bet)
Seat 9: Donkey_Nuts1 folded on the Turn



PokerStars Game #19826841028:  Hold'em No Limit ($0.10/$0.25) - 2008/08/23 - 00:57:17 (ET)
Table 'Miram' 9-max Seat #3 is the button
Seat 1: Alameda22 ($25.90 in chips) 
Seat 3: snorlax_zzz ($16.30 in chips) 
Seat 4: MEFO1964 ($24.15 in chips) 
Seat 5: E.G.G. ($20 in chips) 
Seat 6: enright3060 ($24.75 in chips) 
Seat 7: GrenadierB ($23.25 in chips) 
Seat 9: Donkey_Nuts1 ($22.20 in chips) 
MEFO1964: posts small blind $0.10
E.G.G.: posts big blind $0.25
k030101: sits out 
*** HOLE CARDS ***
Dealt to Alameda22 [5h Th]
enright3060: calls $0.25
GrenadierB: folds 
Donkey_Nuts1: calls $0.25
Alameda22: folds 
snorlax_zzz: folds 
MEFO1964: folds 
E.G.G.: checks 
*** FLOP *** [7h 7c Qc]
E.G.G.: checks 
enright3060: bets $0.75
Donkey_Nuts1: folds 
E.G.G.: folds 
Uncalled bet ($0.75) returned to enright3060
enright3060 collected $0.85 from pot
*** SUMMARY ***
Total pot $0.85 | Rake $0 
Board [7h 7c Qc]
Seat 1: Alameda22 folded before Flop (didn't bet)
Seat 3: snorlax_zzz (button) folded before Flop (didn't bet)
Seat 4: MEFO1964 (small blind) folded before Flop
Seat 5: E.G.G. (big blind) folded on the Flop
Seat 6: enright3060 collected ($0.85)
Seat 7: GrenadierB folded before Flop (didn't bet)
Seat 9: Donkey_Nuts1 folded on the Flop



PokerStars Game #19826851280:  Hold'em No Limit ($0.10/$0.25) - 2008/08/23 - 00:57:56 (ET)
Table 'Miram' 9-max Seat #4 is the button
Seat 1: Alameda22 ($25.90 in chips) 
Seat 3: snorlax_zzz ($16.30 in chips) 
Seat 4: MEFO1964 ($24.05 in chips) 
Seat 5: E.G.G. ($19.75 in chips) 
Seat 6: enright3060 ($25.35 in chips) 
Seat 7: GrenadierB ($23.25 in chips) 
Seat 9: Donkey_Nuts1 ($21.95 in chips) 
E.G.G.: posts small blind $0.10
enright3060: posts big blind $0.25
k030101: sits out 
*** HOLE CARDS ***
Dealt to Alameda22 [Ts 7h]
GrenadierB: folds 
Donkey_Nuts1: folds 
Alameda22: folds 
snorlax_zzz: raises $0.50 to $0.75
MEFO1964: folds 
E.G.G.: folds 
enright3060: folds 
Uncalled bet ($0.50) returned to snorlax_zzz
snorlax_zzz collected $0.60 from pot
snorlax_zzz: doesn't show hand 
*** SUMMARY ***
Total pot $0.60 | Rake $0 
Seat 1: Alameda22 folded before Flop (didn't bet)
Seat 3: snorlax_zzz collected ($0.60)
Seat 4: MEFO1964 (button) folded before Flop (didn't bet)
Seat 5: E.G.G. (small blind) folded before Flop
Seat 6: enright3060 (big blind) folded before Flop
Seat 7: GrenadierB folded before Flop (didn't bet)
Seat 9: Donkey_Nuts1 folded before Flop (didn't bet)



PokerStars Game #19826859484:  Hold'em No Limit ($0.10/$0.25) - 2008/08/23 - 00:58:26 (ET)
Table 'Miram' 9-max Seat #5 is the button
Seat 1: Alameda22 ($25.90 in chips) 
Seat 3: snorlax_zzz ($16.65 in chips) 
Seat 4: MEFO1964 ($24.05 in chips) 
Seat 5: E.G.G. ($19.65 in chips) 
Seat 6: enright3060 ($25.10 in chips) 
Seat 7: GrenadierB ($23.25 in chips) 
Seat 9: Donkey_Nuts1 ($21.95 in chips) 
enright3060: posts small blind $0.10
GrenadierB: posts big blind $0.25
k030101: sits out 
*** HOLE CARDS ***
Dealt to Alameda22 [4d 8h]
Donkey_Nuts1: folds 
Alameda22: folds 
snorlax_zzz: folds 
MEFO1964: folds 
E.G.G.: folds 
enright3060: folds 
Uncalled bet ($0.15) returned to GrenadierB
GrenadierB collected $0.20 from pot
*** SUMMARY ***
Total pot $0.20 | Rake $0 
Seat 1: Alameda22 folded before Flop (didn't bet)
Seat 3: snorlax_zzz folded before Flop (didn't bet)
Seat 4: MEFO1964 folded before Flop (didn't bet)
Seat 5: E.G.G. (button) folded before Flop (didn't bet)
Seat 6: enright3060 (small blind) folded before Flop
Seat 7: GrenadierB (big blind) collected ($0.20)
Seat 9: Donkey_Nuts1 folded before Flop (didn't bet)



PokerStars Game #19826868802:  Hold'em No Limit ($0.10/$0.25) - 2008/08/23 - 00:59:02 (ET)
Table 'Miram' 9-max Seat #6 is the button
Seat 1: Alameda22 ($25.90 in chips) 
Seat 3: snorlax_zzz ($16.65 in chips) 
Seat 4: MEFO1964 ($24.05 in chips) 
Seat 5: E.G.G. ($19.65 in chips) 
Seat 6: enright3060 ($25 in chips) 
Seat 7: GrenadierB ($23.35 in chips) 
Seat 8: k030101 ($25 in chips) 
Seat 9: Donkey_Nuts1 ($21.95 in chips) 
GrenadierB: posts small blind $0.10
k030101: posts big blind $0.25
*** HOLE CARDS ***
Dealt to Alameda22 [4s As]
Donkey_Nuts1: folds 
Alameda22: folds 
snorlax_zzz: folds 
MEFO1964: folds 
E.G.G.: raises $0.75 to $1
enright3060: calls $1
GrenadierB: folds 
k030101: folds 
*** FLOP *** [Jc Jh 9d]
E.G.G.: checks 
enright3060: checks 
*** TURN *** [Jc Jh 9d] [Kh]
E.G.G.: bets $2
enright3060: folds 
Uncalled bet ($2) returned to E.G.G.
E.G.G. collected $2.25 from pot
E.G.G.: doesn't show hand 
*** SUMMARY ***
Total pot $2.35 | Rake $0.10 
Board [Jc Jh 9d Kh]
Seat 1: Alameda22 folded before Flop (didn't bet)
Seat 3: snorlax_zzz folded before Flop (didn't bet)
Seat 4: MEFO1964 folded before Flop (didn't bet)
Seat 5: E.G.G. collected ($2.25)
Seat 6: enright3060 (button) folded on the Turn
Seat 7: GrenadierB (small blind) folded before Flop
Seat 8: k030101 (big blind) folded before Flop
Seat 9: Donkey_Nuts1 folded before Flop (didn't bet)



PokerStars Game #19826882410:  Hold'em No Limit ($0.10/$0.25) - 2008/08/23 - 00:59:54 (ET)
Table 'Miram' 9-max Seat #7 is the button
Seat 1: Alameda22 ($25.90 in chips) 
Seat 3: snorlax_zzz ($16.65 in chips) 
Seat 4: MEFO1964 ($24.05 in chips) 
Seat 5: E.G.G. ($20.90 in chips) 
Seat 6: enright3060 ($24 in chips) 
Seat 7: GrenadierB ($23.25 in chips) 
Seat 8: k030101 ($24.75 in chips) 
Seat 9: Donkey_Nuts1 ($21.95 in chips) 
k030101: posts small blind $0.10
Donkey_Nuts1: posts big blind $0.25
*** HOLE CARDS ***
Dealt to Alameda22 [Jd 3c]
Alameda22: folds 
snorlax_zzz: folds 
MEFO1964: folds 
E.G.G.: folds 
enright3060: folds 
GrenadierB: folds 
k030101: folds 
Uncalled bet ($0.15) returned to Donkey_Nuts1
Donkey_Nuts1 collected $0.20 from pot
Donkey_Nuts1: doesn't show hand 
*** SUMMARY ***
Total pot $0.20 | Rake $0 
Seat 1: Alameda22 folded before Flop (didn't bet)
Seat 3: snorlax_zzz folded before Flop (didn't bet)
Seat 4: MEFO1964 folded before Flop (didn't bet)
Seat 5: E.G.G. folded before Flop (didn't bet)
Seat 6: enright3060 folded before Flop (didn't bet)
Seat 7: GrenadierB (button) folded before Flop (didn't bet)
Seat 8: k030101 (small blind) folded before Flop
Seat 9: Donkey_Nuts1 (big blind) collected ($0.20)



PokerStars Game #19826893255:  Hold'em No Limit ($0.10/$0.25) - 2008/08/23 - 01:00:34 (ET)
Table 'Miram' 9-max Seat #8 is the button
Seat 1: Alameda22 ($25.90 in chips) 
Seat 3: snorlax_zzz ($16.65 in chips) 
Seat 4: MEFO1964 ($24.05 in chips) 
Seat 5: E.G.G. ($20.90 in chips) 
Seat 6: enright3060 ($24 in chips) 
Seat 7: GrenadierB ($23.25 in chips) 
Seat 8: k030101 ($24.65 in chips) 
Seat 9: Donkey_Nuts1 ($22.05 in chips) 
Donkey_Nuts1: posts small blind $0.10
Alameda22: posts big blind $0.25
*** HOLE CARDS ***
Dealt to Alameda22 [3d 2s]
snorlax_zzz: folds 
MEFO1964: folds 
E.G.G.: folds 
enright3060: folds 
GrenadierB: folds 
k030101: folds 
Donkey_Nuts1: folds 
Uncalled bet ($0.15) returned to Alameda22
Alameda22 collected $0.20 from pot
Alameda22: doesn't show hand 
*** SUMMARY ***
Total pot $0.20 | Rake $0 
Seat 1: Alameda22 (big blind) collected ($0.20)
Seat 3: snorlax_zzz folded before Flop (didn't bet)
Seat 4: MEFO1964 folded before Flop (didn't bet)
Seat 5: E.G.G. folded before Flop (didn't bet)
Seat 6: enright3060 folded before Flop (didn't bet)
Seat 7: GrenadierB folded before Flop (didn't bet)
Seat 8: k030101 (button) folded before Flop (didn't bet)
Seat 9: Donkey_Nuts1 (small blind) folded before Flop



PokerStars Game #19826901170:  Hold'em No Limit ($0.10/$0.25) - 2008/08/23 - 01:01:05 (ET)
Table 'Miram' 9-max Seat #9 is the button
Seat 1: Alameda22 ($26 in chips) 
Seat 3: snorlax_zzz ($16.65 in chips) 
Seat 4: MEFO1964 ($24.05 in chips) 
Seat 5: E.G.G. ($20.90 in chips) 
Seat 6: enright3060 ($24 in chips) 
Seat 7: GrenadierB ($23.25 in chips) 
Seat 8: k030101 ($24.65 in chips) 
Seat 9: Donkey_Nuts1 ($21.95 in chips) 
Alameda22: posts small blind $0.10
snorlax_zzz: posts big blind $0.25
*** HOLE CARDS ***
Dealt to Alameda22 [6s 9s]
MEFO1964: folds 
E.G.G.: folds 
enright3060: folds 
GrenadierB: folds 
k030101: folds 
Donkey_Nuts1: folds 
Alameda22: folds 
Uncalled bet ($0.15) returned to snorlax_zzz
snorlax_zzz collected $0.20 from pot
snorlax_zzz: doesn't show hand 
*** SUMMARY ***
Total pot $0.20 | Rake $0 
Seat 1: Alameda22 (small blind) folded before Flop
Seat 3: snorlax_zzz (big blind) collected ($0.20)
Seat 4: MEFO1964 folded before Flop (didn't bet)
Seat 5: E.G.G. folded before Flop (didn't bet)
Seat 6: enright3060 folded before Flop (didn't bet)
Seat 7: GrenadierB folded before Flop (didn't bet)
Seat 8: k030101 folded before Flop (didn't bet)
Seat 9: Donkey_Nuts1 (button) folded before Flop (didn't bet)



PokerStars Game #19826907841:  Hold'em No Limit ($0.10/$0.25) - 2008/08/23 - 01:01:29 (ET)
Table 'Miram' 9-max Seat #1 is the button
Seat 1: Alameda22 ($25.90 in chips) 
Seat 3: snorlax_zzz ($16.75 in chips) 
Seat 4: MEFO1964 ($24.05 in chips) 
Seat 5: E.G.G. ($20.90 in chips) 
Seat 6: enright3060 ($24 in chips) 
Seat 7: GrenadierB ($23.25 in chips) 
Seat 8: k030101 ($24.65 in chips) 
Seat 9: Donkey_Nuts1 ($21.95 in chips) 
snorlax_zzz: posts small blind $0.10
MEFO1964: posts big blind $0.25
*** HOLE CARDS ***
Dealt to Alameda22 [Ks Ad]
E.G.G.: folds 
enright3060: folds 
GrenadierB: folds 
k030101: folds 
Donkey_Nuts1: folds 
Alameda22: raises $0.50 to $0.75
snorlax_zzz: folds 
MEFO1964: folds 
Uncalled bet ($0.50) returned to Alameda22
Alameda22 collected $0.60 from pot
Alameda22: doesn't show hand 
*** SUMMARY ***
Total pot $0.60 | Rake $0 
Seat 1: Alameda22 (button) collected ($0.60)
Seat 3: snorlax_zzz (small blind) folded before Flop
Seat 4: MEFO1964 (big blind) folded before Flop
Seat 5: E.G.G. folded before Flop (didn't bet)
Seat 6: enright3060 folded before Flop (didn't bet)
Seat 7: GrenadierB folded before Flop (didn't bet)
Seat 8: k030101 folded before Flop (didn't bet)
Seat 9: Donkey_Nuts1 folded before Flop (didn't bet)



PokerStars Game #19826923563:  Hold'em No Limit ($0.10/$0.25) - 2008/08/23 - 01:02:29 (ET)
Table 'Miram' 9-max Seat #3 is the button
Seat 1: Alameda22 ($26.25 in chips) 
Seat 3: snorlax_zzz ($16.65 in chips) 
Seat 4: MEFO1964 ($23.80 in chips) 
Seat 5: E.G.G. ($20.90 in chips) 
Seat 6: enright3060 ($24 in chips) 
Seat 7: GrenadierB ($23.25 in chips) 
Seat 8: k030101 ($24.65 in chips) 
Seat 9: Donkey_Nuts1 ($21.95 in chips) 
MEFO1964: posts small blind $0.10
E.G.G.: posts big blind $0.25
*** HOLE CARDS ***
Dealt to Alameda22 [7c Jc]
enright3060: folds 
GrenadierB: calls $0.25
k030101: folds 
Donkey_Nuts1: folds 
Alameda22: folds 
snorlax_zzz: folds 
MEFO1964: folds 
E.G.G.: checks 
*** FLOP *** [Th Qd 2c]
E.G.G.: checks 
GrenadierB: bets $0.50
E.G.G.: calls $0.50
*** TURN *** [Th Qd 2c] [Kd]
E.G.G.: checks 
GrenadierB: bets $0.75
E.G.G.: raises $0.75 to $1.50
GrenadierB: calls $0.75
*** RIVER *** [Th Qd 2c Kd] [7s]
E.G.G.: bets $7
GrenadierB: folds 
Uncalled bet ($7) returned to E.G.G.
E.G.G. collected $4.40 from pot
E.G.G.: doesn't show hand 
*** SUMMARY ***
Total pot $4.60 | Rake $0.20 
Board [Th Qd 2c Kd 7s]
Seat 1: Alameda22 folded before Flop (didn't bet)
Seat 3: snorlax_zzz (button) folded before Flop (didn't bet)
Seat 4: MEFO1964 (small blind) folded before Flop
Seat 5: E.G.G. (big blind) collected ($4.40)
Seat 6: enright3060 folded before Flop (didn't bet)
Seat 7: GrenadierB folded on the River
Seat 8: k030101 folded before Flop (didn't bet)
Seat 9: Donkey_Nuts1 folded before Flop (didn't bet)



PokerStars Game #19826945129:  Hold'em No Limit ($0.10/$0.25) - 2008/08/23 - 01:03:50 (ET)
Table 'Miram' 9-max Seat #4 is the button
Seat 1: Alameda22 ($26.25 in chips) 
Seat 3: snorlax_zzz ($16.65 in chips) 
Seat 4: MEFO1964 ($23.70 in chips) 
Seat 5: E.G.G. ($23.05 in chips) 
Seat 6: enright3060 ($24 in chips) 
Seat 7: GrenadierB ($21 in chips) 
Seat 8: k030101 ($24.65 in chips) 
Seat 9: Donkey_Nuts1 ($21.95 in chips) 
E.G.G.: posts small blind $0.10
enright3060: posts big blind $0.25
*** HOLE CARDS ***
Dealt to Alameda22 [5d Ac]
GrenadierB: folds 
k030101: folds 
Donkey_Nuts1: folds 
Alameda22: folds 
snorlax_zzz: folds 
MEFO1964: folds 
E.G.G.: raises $0.75 to $1
enright3060: folds 
Uncalled bet ($0.75) returned to E.G.G.
E.G.G. collected $0.50 from pot
E.G.G.: doesn't show hand 
*** SUMMARY ***
Total pot $0.50 | Rake $0 
Seat 1: Alameda22 folded before Flop (didn't bet)
Seat 3: snorlax_zzz folded before Flop (didn't bet)
Seat 4: MEFO1964 (button) folded before Flop (didn't bet)
Seat 5: E.G.G. (small blind) collected ($0.50)
Seat 6: enright3060 (big blind) folded before Flop
Seat 7: GrenadierB folded before Flop (didn't bet)
Seat 8: k030101 folded before Flop (didn't bet)
Seat 9: Donkey_Nuts1 folded before Flop (didn't bet)



PokerStars Game #19826957926:  Hold'em No Limit ($0.10/$0.25) - 2008/08/23 - 01:04:38 (ET)
Table 'Miram' 9-max Seat #5 is the button
Seat 1: Alameda22 ($26.25 in chips) 
Seat 3: snorlax_zzz ($16.65 in chips) 
Seat 4: MEFO1964 ($23.70 in chips) 
Seat 5: E.G.G. ($23.30 in chips) 
Seat 6: enright3060 ($23.75 in chips) 
Seat 7: GrenadierB ($21 in chips) 
Seat 8: k030101 ($24.65 in chips) 
Seat 9: Donkey_Nuts1 ($21.95 in chips) 
enright3060: posts small blind $0.10
GrenadierB: posts big blind $0.25
*** HOLE CARDS ***
Dealt to Alameda22 [Js 3d]
k030101: folds 
Donkey_Nuts1: folds 
Alameda22: folds 
snorlax_zzz: calls $0.25
MEFO1964: folds 
E.G.G.: folds 
enright3060: folds 
GrenadierB: checks 
*** FLOP *** [7s 6d 2s]
GrenadierB: checks 
snorlax_zzz: checks 
*** TURN *** [7s 6d 2s] [8c]
GrenadierB: checks 
snorlax_zzz: bets $0.75
GrenadierB: folds 
Uncalled bet ($0.75) returned to snorlax_zzz
snorlax_zzz collected $0.60 from pot
snorlax_zzz: doesn't show hand 
*** SUMMARY ***
Total pot $0.60 | Rake $0 
Board [7s 6d 2s 8c]
Seat 1: Alameda22 folded before Flop (didn't bet)
Seat 3: snorlax_zzz collected ($0.60)
Seat 4: MEFO1964 folded before Flop (didn't bet)
Seat 5: E.G.G. (button) folded before Flop (didn't bet)
Seat 6: enright3060 (small blind) folded before Flop
Seat 7: GrenadierB (big blind) folded on the Turn
Seat 8: k030101 folded before Flop (didn't bet)
Seat 9: Donkey_Nuts1 folded before Flop (didn't bet)



PokerStars Game #19826972549:  Hold'em No Limit ($0.10/$0.25) - 2008/08/23 - 01:05:32 (ET)
Table 'Miram' 9-max Seat #6 is the button
Seat 1: Alameda22 ($26.25 in chips) 
Seat 3: snorlax_zzz ($17 in chips) 
Seat 4: MEFO1964 ($23.70 in chips) 
Seat 5: E.G.G. ($23.30 in chips) 
Seat 6: enright3060 ($23.65 in chips) 
Seat 7: GrenadierB ($20.75 in chips) 
Seat 8: k030101 ($24.65 in chips) 
Seat 9: Donkey_Nuts1 ($21.95 in chips) 
GrenadierB: posts small blind $0.10
k030101: posts big blind $0.25
*** HOLE CARDS ***
Dealt to Alameda22 [4h 6c]
Donkey_Nuts1: folds 
Alameda22: folds 
snorlax_zzz: calls $0.25
MEFO1964: folds 
E.G.G.: folds 
enright3060: folds 
GrenadierB: folds 
k030101: checks 
*** FLOP *** [7h 2d Kh]
k030101: checks 
snorlax_zzz: checks 
*** TURN *** [7h 2d Kh] [4s]
k030101: checks 
snorlax_zzz: checks 
*** RIVER *** [7h 2d Kh 4s] [Js]
k030101: checks 
snorlax_zzz: checks 
*** SHOW DOWN ***
k030101: shows [Ts Qc] (high card King)
snorlax_zzz: shows [3h 3d] (a pair of Threes)
snorlax_zzz collected $0.60 from pot
*** SUMMARY ***
Total pot $0.60 | Rake $0 
Board [7h 2d Kh 4s Js]
Seat 1: Alameda22 folded before Flop (didn't bet)
Seat 3: snorlax_zzz showed [3h 3d] and won ($0.60) with a pair of Threes
Seat 4: MEFO1964 folded before Flop (didn't bet)
Seat 5: E.G.G. folded before Flop (didn't bet)
Seat 6: enright3060 (button) folded before Flop (didn't bet)
Seat 7: GrenadierB (small blind) folded before Flop
Seat 8: k030101 (big blind) showed [Ts Qc] and lost with high card King
Seat 9: Donkey_Nuts1 folded before Flop (didn't bet)



PokerStars Game #19826986379:  Hold'em No Limit ($0.10/$0.25) - 2008/08/23 - 01:06:25 (ET)
Table 'Miram' 9-max Seat #7 is the button
Seat 1: Alameda22 ($26.25 in chips) 
Seat 3: snorlax_zzz ($17.35 in chips) 
Seat 4: MEFO1964 ($23.70 in chips) 
Seat 5: E.G.G. ($23.30 in chips) 
Seat 6: enright3060 ($23.65 in chips) 
Seat 7: GrenadierB ($20.65 in chips) 
Seat 8: k030101 ($24.40 in chips) 
Seat 9: Donkey_Nuts1 ($21.95 in chips) 
k030101: posts small blind $0.10
Donkey_Nuts1: posts big blind $0.25
*** HOLE CARDS ***
Dealt to Alameda22 [7d 9s]
Alameda22: folds 
snorlax_zzz: folds 
MEFO1964: folds 
E.G.G.: raises $0.50 to $0.75
enright3060: folds 
GrenadierB: folds 
k030101: folds 
Donkey_Nuts1: folds 
Uncalled bet ($0.50) returned to E.G.G.
E.G.G. collected $0.60 from pot
E.G.G.: doesn't show hand 
*** SUMMARY ***
Total pot $0.60 | Rake $0 
Seat 1: Alameda22 folded before Flop (didn't bet)
Seat 3: snorlax_zzz folded before Flop (didn't bet)
Seat 4: MEFO1964 folded before Flop (didn't bet)
Seat 5: E.G.G. collected ($0.60)
Seat 6: enright3060 folded before Flop (didn't bet)
Seat 7: GrenadierB (button) folded before Flop (didn't bet)
Seat 8: k030101 (small blind) folded before Flop
Seat 9: Donkey_Nuts1 (big blind) folded before Flop



PokerStars Game #19827000752:  Hold'em No Limit ($0.10/$0.25) - 2008/08/23 - 01:07:19 (ET)
Table 'Miram' 9-max Seat #8 is the button
Seat 1: Alameda22 ($26.25 in chips) 
Seat 3: snorlax_zzz ($17.35 in chips) 
Seat 4: MEFO1964 ($23.70 in chips) 
Seat 5: E.G.G. ($23.65 in chips) 
Seat 6: enright3060 ($23.65 in chips) 
Seat 7: GrenadierB ($20.65 in chips) 
Seat 8: k030101 ($24.30 in chips) 
Seat 9: Donkey_Nuts1 ($21.70 in chips) 
Donkey_Nuts1: posts small blind $0.10
Alameda22: posts big blind $0.25
*** HOLE CARDS ***
Dealt to Alameda22 [Qs 3c]
snorlax_zzz: folds 
MEFO1964: folds 
E.G.G.: calls $0.25
enright3060: folds 
GrenadierB: folds 
k030101: folds 
Donkey_Nuts1: calls $0.15
Alameda22: checks 
*** FLOP *** [Jh Js Qc]
Donkey_Nuts1: checks 
Alameda22: bets $0.50
E.G.G.: raises $0.50 to $1
Donkey_Nuts1: folds 
Alameda22: folds 
Uncalled bet ($0.50) returned to E.G.G.
E.G.G. collected $1.70 from pot
E.G.G.: doesn't show hand 
*** SUMMARY ***
Total pot $1.75 | Rake $0.05 
Board [Jh Js Qc]
Seat 1: Alameda22 (big blind) folded on the Flop
Seat 3: snorlax_zzz folded before Flop (didn't bet)
Seat 4: MEFO1964 folded before Flop (didn't bet)
Seat 5: E.G.G. collected ($1.70)
Seat 6: enright3060 folded before Flop (didn't bet)
Seat 7: GrenadierB folded before Flop (didn't bet)
Seat 8: k030101 (button) folded before Flop (didn't bet)
Seat 9: Donkey_Nuts1 (small blind) folded on the Flop



PokerStars Game #19827016770:  Hold'em No Limit ($0.10/$0.25) - 2008/08/23 - 01:08:21 (ET)
Table 'Miram' 9-max Seat #9 is the button
Seat 1: Alameda22 ($25.50 in chips) 
Seat 3: snorlax_zzz ($17.35 in chips) 
Seat 4: MEFO1964 ($23.70 in chips) 
Seat 5: E.G.G. ($24.60 in chips) 
Seat 6: enright3060 ($23.65 in chips) 
Seat 7: GrenadierB ($20.65 in chips) 
Seat 8: k030101 ($24.30 in chips) 
Seat 9: Donkey_Nuts1 ($21.45 in chips) 
Alameda22: posts small blind $0.10
snorlax_zzz: posts big blind $0.25
*** HOLE CARDS ***
Dealt to Alameda22 [5c 8s]
MEFO1964: folds 
E.G.G.: calls $0.25
enright3060: folds 
GrenadierB: folds 
k030101: folds 
Donkey_Nuts1: folds 
Alameda22: folds 
snorlax_zzz: checks 
*** FLOP *** [3d 6h 9s]
snorlax_zzz: checks 
E.G.G.: bets $0.60
snorlax_zzz: folds 
Uncalled bet ($0.60) returned to E.G.G.
E.G.G. collected $0.60 from pot
E.G.G.: doesn't show hand 
*** SUMMARY ***
Total pot $0.60 | Rake $0 
Board [3d 6h 9s]
Seat 1: Alameda22 (small blind) folded before Flop
Seat 3: snorlax_zzz (big blind) folded on the Flop
Seat 4: MEFO1964 folded before Flop (didn't bet)
Seat 5: E.G.G. collected ($0.60)
Seat 6: enright3060 folded before Flop (didn't bet)
Seat 7: GrenadierB folded before Flop (didn't bet)
Seat 8: k030101 folded before Flop (didn't bet)
Seat 9: Donkey_Nuts1 (button) folded before Flop (didn't bet)



PokerStars Game #19827028678:  Hold'em No Limit ($0.10/$0.25) - 2008/08/23 - 01:09:07 (ET)
Table 'Miram' 9-max Seat #1 is the button
Seat 1: Alameda22 ($25.40 in chips) 
Seat 3: snorlax_zzz ($17.10 in chips) 
Seat 4: MEFO1964 ($23.70 in chips) 
Seat 5: E.G.G. ($24.95 in chips) 
Seat 6: enright3060 ($23.65 in chips) 
Seat 7: GrenadierB ($20.65 in chips) 
Seat 8: k030101 ($24.30 in chips) 
Seat 9: Donkey_Nuts1 ($21.45 in chips) 
snorlax_zzz: posts small blind $0.10
MEFO1964: posts big blind $0.25
*** HOLE CARDS ***
Dealt to Alameda22 [3s 2s]
E.G.G.: folds 
enright3060: folds 
GrenadierB: folds 
k030101: folds 
Donkey_Nuts1: folds 
Alameda22: folds 
snorlax_zzz: calls $0.15
MEFO1964: checks 
*** FLOP *** [9d As 7d]
snorlax_zzz: checks 
MEFO1964: checks 
*** TURN *** [9d As 7d] [Qd]
snorlax_zzz: checks 
MEFO1964: checks 
*** RIVER *** [9d As 7d Qd] [Kd]
snorlax_zzz: checks 
smack118 has returned
MEFO1964: checks 
*** SHOW DOWN ***
snorlax_zzz: shows [6s 7c] (a pair of Sevens)
MEFO1964: shows [5c Td] (a flush, King high)
MEFO1964 collected $0.50 from pot
*** SUMMARY ***
Total pot $0.50 | Rake $0 
Board [9d As 7d Qd Kd]
Seat 1: Alameda22 (button) folded before Flop (didn't bet)
Seat 3: snorlax_zzz (small blind) showed [6s 7c] and lost with a pair of Sevens
Seat 4: MEFO1964 (big blind) showed [5c Td] and won ($0.50) with a flush, King high
Seat 5: E.G.G. folded before Flop (didn't bet)
Seat 6: enright3060 folded before Flop (didn't bet)
Seat 7: GrenadierB folded before Flop (didn't bet)
Seat 8: k030101 folded before Flop (didn't bet)
Seat 9: Donkey_Nuts1 folded before Flop (didn't bet)



PokerStars Game #19827053589:  Hold'em No Limit ($0.10/$0.25) - 2008/08/23 - 01:10:44 (ET)
Table 'Miram' 9-max Seat #3 is the button
Seat 1: Alameda22 ($25.40 in chips) 
Seat 2: smack118 ($14.90 in chips) 
Seat 3: snorlax_zzz ($16.85 in chips) 
Seat 4: MEFO1964 ($23.95 in chips) 
Seat 5: E.G.G. ($24.95 in chips) 
Seat 6: enright3060 ($23.65 in chips) 
Seat 7: GrenadierB ($20.65 in chips) 
Seat 8: k030101 ($24.30 in chips) 
Seat 9: Donkey_Nuts1 ($21.45 in chips) 
MEFO1964: posts small blind $0.10
E.G.G.: posts big blind $0.25
smack118: posts small & big blinds $0.35
*** HOLE CARDS ***
Dealt to Alameda22 [6c Kd]
enright3060: folds 
GrenadierB: folds 
k030101: folds 
Donkey_Nuts1: folds 
Alameda22: folds 
smack118: checks 
snorlax_zzz: raises $0.75 to $1
MEFO1964: calls $0.90
E.G.G.: folds 
smack118: folds 
*** FLOP *** [Jd 4d Js]
MEFO1964: checks 
snorlax_zzz: checks 
*** TURN *** [Jd 4d Js] [8c]
MEFO1964: checks 
snorlax_zzz: bets $1.25
MEFO1964: folds 
Uncalled bet ($1.25) returned to snorlax_zzz
snorlax_zzz collected $2.50 from pot
snorlax_zzz: doesn't show hand 
*** SUMMARY ***
Total pot $2.60 | Rake $0.10 
Board [Jd 4d Js 8c]
Seat 1: Alameda22 folded before Flop (didn't bet)
Seat 2: smack118 folded before Flop
Seat 3: snorlax_zzz (button) collected ($2.50)
Seat 4: MEFO1964 (small blind) folded on the Turn
Seat 5: E.G.G. (big blind) folded before Flop
Seat 6: enright3060 folded before Flop (didn't bet)
Seat 7: GrenadierB folded before Flop (didn't bet)
Seat 8: k030101 folded before Flop (didn't bet)
Seat 9: Donkey_Nuts1 folded before Flop (didn't bet)



PokerStars Game #19827079184:  Hold'em No Limit ($0.10/$0.25) - 2008/08/23 - 01:12:25 (ET)
Table 'Miram' 9-max Seat #4 is the button
Seat 1: Alameda22 ($25.40 in chips) 
Seat 2: smack118 ($14.55 in chips) 
Seat 3: snorlax_zzz ($18.35 in chips) 
Seat 4: MEFO1964 ($22.95 in chips) 
Seat 5: E.G.G. ($24.70 in chips) 
Seat 6: enright3060 ($23.65 in chips) 
Seat 7: GrenadierB ($20.65 in chips) 
Seat 8: k030101 ($24.30 in chips) 
Seat 9: Donkey_Nuts1 ($21.45 in chips) 
E.G.G.: posts small blind $0.10
enright3060: posts big blind $0.25
*** HOLE CARDS ***
Dealt to Alameda22 [5s 6s]
GrenadierB: folds 
k030101: folds 
GrenadierB leaves the table
Donkey_Nuts1: folds 
Alameda22: folds 
smack118: folds 
snorlax_zzz: folds 
MEFO1964: folds 
E.G.G.: folds 
Uncalled bet ($0.15) returned to enright3060
enright3060 collected $0.20 from pot
*** SUMMARY ***
Total pot $0.20 | Rake $0 
Seat 1: Alameda22 folded before Flop (didn't bet)
Seat 2: smack118 folded before Flop (didn't bet)
Seat 3: snorlax_zzz folded before Flop (didn't bet)
Seat 4: MEFO1964 (button) folded before Flop (didn't bet)
Seat 5: E.G.G. (small blind) folded before Flop
Seat 6: enright3060 (big blind) collected ($0.20)
Seat 7: GrenadierB folded before Flop (didn't bet)
Seat 8: k030101 folded before Flop (didn't bet)
Seat 9: Donkey_Nuts1 folded before Flop (didn't bet)



PokerStars Game #19827087044:  Hold'em No Limit ($0.10/$0.25) - 2008/08/23 - 01:12:56 (ET)
Table 'Miram' 9-max Seat #5 is the button
Seat 1: Alameda22 ($25.40 in chips) 
Seat 2: smack118 ($14.55 in chips) 
Seat 3: snorlax_zzz ($18.35 in chips) 
Seat 4: MEFO1964 ($22.95 in chips) 
Seat 5: E.G.G. ($24.60 in chips) 
Seat 6: enright3060 ($23.75 in chips) 
Seat 8: k030101 ($24.30 in chips) 
Seat 9: Donkey_Nuts1 ($21.45 in chips) 
enright3060: posts small blind $0.10
k030101: posts big blind $0.25
*** HOLE CARDS ***
Dealt to Alameda22 [4d 3s]
Donkey_Nuts1: folds 
Donkey_Nuts1 leaves the table
Alameda22: folds 
smack118: folds 
snorlax_zzz: folds 
MEFO1964: folds 
E.G.G.: folds 
enright3060: calls $0.15
k030101: checks 
*** FLOP *** [4c 7s Jh]
cwebb81 joins the table at seat #9 
enright3060: bets $0.25
k030101: folds 
Uncalled bet ($0.25) returned to enright3060
Palmersquall joins the table at seat #7 
enright3060 collected $0.50 from pot
*** SUMMARY ***
Total pot $0.50 | Rake $0 
Board [4c 7s Jh]
Seat 1: Alameda22 folded before Flop (didn't bet)
Seat 2: smack118 folded before Flop (didn't bet)
Seat 3: snorlax_zzz folded before Flop (didn't bet)
Seat 4: MEFO1964 folded before Flop (didn't bet)
Seat 5: E.G.G. (button) folded before Flop (didn't bet)
Seat 6: enright3060 (small blind) collected ($0.50)
Seat 8: k030101 (big blind) folded on the Flop
Seat 9: Donkey_Nuts1 folded before Flop (didn't bet)



PokerStars Game #19827101370:  Hold'em No Limit ($0.10/$0.25) - 2008/08/23 - 01:13:53 (ET)
Table 'Miram' 9-max Seat #6 is the button
Seat 1: Alameda22 ($25.40 in chips) 
Seat 2: smack118 ($14.55 in chips) 
Seat 3: snorlax_zzz ($18.35 in chips) 
Seat 4: MEFO1964 ($22.95 in chips) 
Seat 5: E.G.G. ($24.60 in chips) 
Seat 6: enright3060 ($24 in chips) 
Seat 8: k030101 ($24.05 in chips) 
Seat 9: cwebb81 ($25 in chips) 
Palmersquall will be allowed to play after the button
k030101: posts small blind $0.10
cwebb81: posts big blind $0.25
*** HOLE CARDS ***
Dealt to Alameda22 [Jh 3d]
Alameda22: folds 
smack118: folds 
snorlax_zzz: folds 
MEFO1964: folds 
E.G.G.: raises $0.75 to $1
enright3060: calls $1
k030101: calls $0.90
cwebb81: folds 
*** FLOP *** [Qc Td 4d]
k030101: checks 
E.G.G.: bets $2.20
enright3060: folds 
k030101: folds 
Uncalled bet ($2.20) returned to E.G.G.
E.G.G. collected $3.10 from pot
E.G.G.: doesn't show hand 
*** SUMMARY ***
Total pot $3.25 | Rake $0.15 
Board [Qc Td 4d]
Seat 1: Alameda22 folded before Flop (didn't bet)
Seat 2: smack118 folded before Flop (didn't bet)
Seat 3: snorlax_zzz folded before Flop (didn't bet)
Seat 4: MEFO1964 folded before Flop (didn't bet)
Seat 5: E.G.G. collected ($3.10)
Seat 6: enright3060 (button) folded on the Flop
Seat 8: k030101 (small blind) folded on the Flop
Seat 9: cwebb81 (big blind) folded before Flop



PokerStars Game #19827122832:  Hold'em No Limit ($0.10/$0.25) - 2008/08/23 - 01:15:19 (ET)
Table 'Miram' 9-max Seat #8 is the button
Seat 1: Alameda22 ($25.40 in chips) 
Seat 2: smack118 ($14.55 in chips) 
Seat 3: snorlax_zzz ($18.35 in chips) 
Seat 4: MEFO1964 ($22.95 in chips) 
Seat 5: E.G.G. ($26.70 in chips) 
Seat 6: enright3060 ($23 in chips) 
Seat 8: k030101 ($23.05 in chips) 
Seat 9: cwebb81 ($24.75 in chips) 
cwebb81: posts small blind $0.10
Alameda22: posts big blind $0.25
Palmersquall: sits out 
*** HOLE CARDS ***
Dealt to Alameda22 [Th 2s]
smack118: folds 
snorlax_zzz: folds 
MEFO1964: folds 
E.G.G.: folds 
enright3060: folds 
k030101: folds 
cwebb81: calls $0.15
Alameda22: checks 
*** FLOP *** [Jh Kh 7c]
cwebb81: checks 
Alameda22: checks 
*** TURN *** [Jh Kh 7c] [Tc]
cwebb81: checks 
Alameda22: checks 
*** RIVER *** [Jh Kh 7c Tc] [4s]
cwebb81: checks 
Alameda22: checks 
*** SHOW DOWN ***
cwebb81: shows [Ah 5s] (high card Ace)
Alameda22: shows [Th 2s] (a pair of Tens)
Alameda22 collected $0.50 from pot
*** SUMMARY ***
Total pot $0.50 | Rake $0 
Board [Jh Kh 7c Tc 4s]
Seat 1: Alameda22 (big blind) showed [Th 2s] and won ($0.50) with a pair of Tens
Seat 2: smack118 folded before Flop (didn't bet)
Seat 3: snorlax_zzz folded before Flop (didn't bet)
Seat 4: MEFO1964 folded before Flop (didn't bet)
Seat 5: E.G.G. folded before Flop (didn't bet)
Seat 6: enright3060 folded before Flop (didn't bet)
Seat 8: k030101 (button) folded before Flop (didn't bet)
Seat 9: cwebb81 (small blind) showed [Ah 5s] and lost with high card Ace



PokerStars Game #19827141870:  Hold'em No Limit ($0.10/$0.25) - 2008/08/23 - 01:16:36 (ET)
Table 'Miram' 9-max Seat #9 is the button
Seat 1: Alameda22 ($25.65 in chips) 
Seat 2: smack118 ($14.55 in chips) 
Seat 3: snorlax_zzz ($18.35 in chips) 
Seat 4: MEFO1964 ($22.95 in chips) 
Seat 5: E.G.G. ($26.70 in chips) 
Seat 6: enright3060 ($23 in chips) 
Seat 8: k030101 ($23.05 in chips) 
Seat 9: cwebb81 ($24.50 in chips) 
Alameda22: posts small blind $0.10
smack118: posts big blind $0.25
Palmersquall: sits out 
*** HOLE CARDS ***
Dealt to Alameda22 [Ts 7h]
snorlax_zzz: folds 
MEFO1964: folds 
E.G.G.: raises $0.25 to $0.50
enright3060: folds 
k030101: folds 
cwebb81: folds 
Alameda22: folds 
smack118: calls $0.25
*** FLOP *** [3d 3s 6s]
smack118: checks 
E.G.G.: checks 
*** TURN *** [3d 3s 6s] [Th]
smack118: checks 
E.G.G.: checks 
*** RIVER *** [3d 3s 6s Th] [9h]
smack118: checks 
E.G.G.: checks 
*** SHOW DOWN ***
smack118: shows [Kh As] (a pair of Threes)
E.G.G.: mucks hand 
smack118 collected $1.05 from pot
*** SUMMARY ***
Total pot $1.10 | Rake $0.05 
Board [3d 3s 6s Th 9h]
Seat 1: Alameda22 (small blind) folded before Flop
Seat 2: smack118 (big blind) showed [Kh As] and won ($1.05) with a pair of Threes
Seat 3: snorlax_zzz folded before Flop (didn't bet)
Seat 4: MEFO1964 folded before Flop (didn't bet)
Seat 5: E.G.G. mucked [Qc Jc]
Seat 6: enright3060 folded before Flop (didn't bet)
Seat 8: k030101 folded before Flop (didn't bet)
Seat 9: cwebb81 (button) folded before Flop (didn't bet)



PokerStars Game #19827156444:  Hold'em No Limit ($0.10/$0.25) - 2008/08/23 - 01:17:35 (ET)
Table 'Miram' 9-max Seat #1 is the button
Seat 1: Alameda22 ($25.55 in chips) 
Seat 2: smack118 ($15.10 in chips) 
Seat 3: snorlax_zzz ($18.35 in chips) 
Seat 4: MEFO1964 ($22.95 in chips) 
Seat 5: E.G.G. ($26.20 in chips) 
Seat 6: enright3060 ($23 in chips) 
Seat 8: k030101 ($23.05 in chips) 
Seat 9: cwebb81 ($24.50 in chips) 
smack118: posts small blind $0.10
snorlax_zzz: posts big blind $0.25
Palmersquall: sits out 
*** HOLE CARDS ***
Dealt to Alameda22 [9c 3h]
MEFO1964: folds 
E.G.G.: folds 
enright3060: folds 
k030101: folds 
cwebb81: folds 
Alameda22: folds 
smack118: calls $0.15
snorlax_zzz: checks 
*** FLOP *** [Ad Qc Kh]
smack118: checks 
snorlax_zzz: bets $0.50
smack118: folds 
Uncalled bet ($0.50) returned to snorlax_zzz
snorlax_zzz collected $0.50 from pot
snorlax_zzz: doesn't show hand 
*** SUMMARY ***
Total pot $0.50 | Rake $0 
Board [Ad Qc Kh]
Seat 1: Alameda22 (button) folded before Flop (didn't bet)
Seat 2: smack118 (small blind) folded on the Flop
Seat 3: snorlax_zzz (big blind) collected ($0.50)
Seat 4: MEFO1964 folded before Flop (didn't bet)
Seat 5: E.G.G. folded before Flop (didn't bet)
Seat 6: enright3060 folded before Flop (didn't bet)
Seat 8: k030101 folded before Flop (didn't bet)
Seat 9: cwebb81 folded before Flop (didn't bet)



PokerStars Game #19827171754:  Hold'em No Limit ($0.10/$0.25) - 2008/08/23 - 01:18:38 (ET)
Table 'Miram' 9-max Seat #2 is the button
Seat 1: Alameda22 ($25.55 in chips) 
Seat 2: smack118 ($14.85 in chips) 
Seat 3: snorlax_zzz ($18.60 in chips) 
Seat 4: MEFO1964 ($22.95 in chips) 
Seat 5: E.G.G. ($26.20 in chips) 
Seat 6: enright3060 ($23 in chips) 
Seat 8: k030101 ($23.05 in chips) 
Seat 9: cwebb81 ($24.50 in chips) 
snorlax_zzz: posts small blind $0.10
MEFO1964: posts big blind $0.25
Palmersquall: sits out 
*** HOLE CARDS ***
Dealt to Alameda22 [Kh Ac]
E.G.G.: folds 
enright3060: folds 
k030101: folds 
cwebb81: folds 
Alameda22: raises $0.50 to $0.75
smack118: folds 
snorlax_zzz: folds 
MEFO1964: folds 
Uncalled bet ($0.50) returned to Alameda22
Alameda22 collected $0.60 from pot
Alameda22: doesn't show hand 
*** SUMMARY ***
Total pot $0.60 | Rake $0 
Seat 1: Alameda22 collected ($0.60)
Seat 2: smack118 (button) folded before Flop (didn't bet)
Seat 3: snorlax_zzz (small blind) folded before Flop
Seat 4: MEFO1964 (big blind) folded before Flop
Seat 5: E.G.G. folded before Flop (didn't bet)
Seat 6: enright3060 folded before Flop (didn't bet)
Seat 8: k030101 folded before Flop (didn't bet)
Seat 9: cwebb81 folded before Flop (didn't bet)



PokerStars Game #19827183672:  Hold'em No Limit ($0.10/$0.25) - 2008/08/23 - 01:19:27 (ET)
Table 'Miram' 9-max Seat #3 is the button
Seat 1: Alameda22 ($25.90 in chips) 
Seat 2: smack118 ($14.85 in chips) 
Seat 3: snorlax_zzz ($18.50 in chips) 
Seat 4: MEFO1964 ($22.70 in chips) 
Seat 5: E.G.G. ($26.20 in chips) 
Seat 6: enright3060 ($23 in chips) 
Seat 8: k030101 ($23.05 in chips) 
Seat 9: cwebb81 ($24.50 in chips) 
MEFO1964: posts small blind $0.10
E.G.G.: posts big blind $0.25
Palmersquall: sits out 
*** HOLE CARDS ***
Dealt to Alameda22 [8h Qc]
enright3060: folds 
k030101: folds 
cwebb81: folds 
Alameda22: folds 
smack118: calls $0.25
snorlax_zzz: folds 
MEFO1964: calls $0.15
E.G.G.: checks 
*** FLOP *** [Js 5d 3h]
MEFO1964: checks 
E.G.G.: checks 
smack118: checks 
*** TURN *** [Js 5d 3h] [4s]
MEFO1964: checks 
E.G.G.: bets $0.50
smack118: calls $0.50
MEFO1964: folds 
*** RIVER *** [Js 5d 3h 4s] [Jh]
E.G.G.: checks 
smack118: bets $2
E.G.G.: folds 
Uncalled bet ($2) returned to smack118
smack118 collected $1.70 from pot
smack118: doesn't show hand 
*** SUMMARY ***
Total pot $1.75 | Rake $0.05 
Board [Js 5d 3h 4s Jh]
Seat 1: Alameda22 folded before Flop (didn't bet)
Seat 2: smack118 collected ($1.70)
Seat 3: snorlax_zzz (button) folded before Flop (didn't bet)
Seat 4: MEFO1964 (small blind) folded on the Turn
Seat 5: E.G.G. (big blind) folded on the River
Seat 6: enright3060 folded before Flop (didn't bet)
Seat 8: k030101 folded before Flop (didn't bet)
Seat 9: cwebb81 folded before Flop (didn't bet)



PokerStars Game #19827201656:  Hold'em No Limit ($0.10/$0.25) - 2008/08/23 - 01:20:40 (ET)
Table 'Miram' 9-max Seat #4 is the button
Seat 1: Alameda22 ($25.90 in chips) 
Seat 2: smack118 ($15.80 in chips) 
Seat 3: snorlax_zzz ($18.50 in chips) 
Seat 4: MEFO1964 ($22.45 in chips) 
Seat 5: E.G.G. ($25.45 in chips) 
Seat 6: enright3060 ($23 in chips) 
Seat 8: k030101 ($23.05 in chips) 
Seat 9: cwebb81 ($24.50 in chips) 
E.G.G.: posts small blind $0.10
enright3060: posts big blind $0.25
Palmersquall: sits out 
*** HOLE CARDS ***
Dealt to Alameda22 [6d 9c]
k030101: folds 
cwebb81: folds 
Alameda22: folds 
smack118: folds 
snorlax_zzz: raises $0.50 to $0.75
MEFO1964: folds 
E.G.G.: calls $0.65
enright3060: folds 
*** FLOP *** [3d 7h 4c]
E.G.G.: checks 
snorlax_zzz: checks 
*** TURN *** [3d 7h 4c] [3c]
E.G.G.: checks 
snorlax_zzz: checks 
*** RIVER *** [3d 7h 4c 3c] [2h]
E.G.G.: checks 
snorlax_zzz: checks 
*** SHOW DOWN ***
E.G.G.: shows [Jc Qc] (a pair of Threes)
snorlax_zzz: shows [Kh Ad] (a pair of Threes - Ace kicker)
snorlax_zzz collected $1.70 from pot
*** SUMMARY ***
Total pot $1.75 | Rake $0.05 
Board [3d 7h 4c 3c 2h]
Seat 1: Alameda22 folded before Flop (didn't bet)
Seat 2: smack118 folded before Flop (didn't bet)
Seat 3: snorlax_zzz showed [Kh Ad] and won ($1.70) with a pair of Threes
Seat 4: MEFO1964 (button) folded before Flop (didn't bet)
Seat 5: E.G.G. (small blind) showed [Jc Qc] and lost with a pair of Threes
Seat 6: enright3060 (big blind) folded before Flop
Seat 8: k030101 folded before Flop (didn't bet)
Seat 9: cwebb81 folded before Flop (didn't bet)



PokerStars Game #19827214209:  Hold'em No Limit ($0.10/$0.25) - 2008/08/23 - 01:21:31 (ET)
Table 'Miram' 9-max Seat #5 is the button
Seat 1: Alameda22 ($25.90 in chips) 
Seat 2: smack118 ($15.80 in chips) 
Seat 3: snorlax_zzz ($19.45 in chips) 
Seat 4: MEFO1964 ($22.45 in chips) 
Seat 5: E.G.G. ($24.70 in chips) 
Seat 6: enright3060 ($22.75 in chips) 
Seat 7: Palmersquall ($20 in chips) 
Seat 8: k030101 ($23.05 in chips) 
Seat 9: cwebb81 ($24.50 in chips) 
enright3060: posts small blind $0.10
Palmersquall: posts big blind $0.25
*** HOLE CARDS ***
Dealt to Alameda22 [3c 5d]
k030101: folds 
cwebb81: folds 
Alameda22: folds 
smack118: folds 
snorlax_zzz: folds 
MEFO1964: calls $0.25
E.G.G.: folds 
enright3060: calls $0.15
Palmersquall: checks 
*** FLOP *** [8c 2h 3d]
enright3060: checks 
Palmersquall: bets $0.50
MEFO1964: folds 
enright3060: folds 
Uncalled bet ($0.50) returned to Palmersquall
Palmersquall collected $0.75 from pot
*** SUMMARY ***
Total pot $0.75 | Rake $0 
Board [8c 2h 3d]
Seat 1: Alameda22 folded before Flop (didn't bet)
Seat 2: smack118 folded before Flop (didn't bet)
Seat 3: snorlax_zzz folded before Flop (didn't bet)
Seat 4: MEFO1964 folded on the Flop
Seat 5: E.G.G. (button) folded before Flop (didn't bet)
Seat 6: enright3060 (small blind) folded on the Flop
Seat 7: Palmersquall (big blind) collected ($0.75)
Seat 8: k030101 folded before Flop (didn't bet)
Seat 9: cwebb81 folded before Flop (didn't bet)



PokerStars Game #19827232659:  Hold'em No Limit ($0.10/$0.25) - 2008/08/23 - 01:22:47 (ET)
Table 'Miram' 9-max Seat #6 is the button
Seat 1: Alameda22 ($25.90 in chips) 
Seat 2: smack118 ($15.80 in chips) 
Seat 3: snorlax_zzz ($19.45 in chips) 
Seat 4: MEFO1964 ($22.20 in chips) 
Seat 5: E.G.G. ($24.70 in chips) 
Seat 6: enright3060 ($22.50 in chips) 
Seat 7: Palmersquall ($20.50 in chips) 
Seat 8: k030101 ($23.05 in chips) 
Seat 9: cwebb81 ($24.50 in chips) 
Palmersquall: posts small blind $0.10
k030101: posts big blind $0.25
*** HOLE CARDS ***
Dealt to Alameda22 [4h 2c]
cwebb81: folds 
Alameda22: folds 
smack118: folds 
snorlax_zzz: calls $0.25
MEFO1964: folds 
E.G.G.: folds 
enright3060: folds 
Palmersquall: calls $0.15
smack118 leaves the table
k030101: checks 
*** FLOP *** [Qs Th 7c]
Palmersquall: checks 
k030101: checks 
snorlax_zzz: bets $1
Palmersquall: folds 
k030101: folds 
Uncalled bet ($1) returned to snorlax_zzz
snorlax_zzz collected $0.75 from pot
snorlax_zzz: doesn't show hand 
*** SUMMARY ***
Total pot $0.75 | Rake $0 
Board [Qs Th 7c]
Seat 1: Alameda22 folded before Flop (didn't bet)
Seat 2: smack118 folded before Flop (didn't bet)
Seat 3: snorlax_zzz collected ($0.75)
Seat 4: MEFO1964 folded before Flop (didn't bet)
Seat 5: E.G.G. folded before Flop (didn't bet)
Seat 6: enright3060 (button) folded before Flop (didn't bet)
Seat 7: Palmersquall (small blind) folded on the Flop
Seat 8: k030101 (big blind) folded on the Flop
Seat 9: cwebb81 folded before Flop (didn't bet)



PokerStars Game #19827249658:  Hold'em No Limit ($0.10/$0.25) - 2008/08/23 - 01:23:57 (ET)
Table 'Miram' 9-max Seat #7 is the button
Seat 1: Alameda22 ($25.90 in chips) 
Seat 3: snorlax_zzz ($19.95 in chips) 
Seat 4: MEFO1964 ($22.20 in chips) 
Seat 5: E.G.G. ($24.70 in chips) 
Seat 6: enright3060 ($22.50 in chips) 
Seat 7: Palmersquall ($20.25 in chips) 
Seat 8: k030101 ($22.80 in chips) 
Seat 9: cwebb81 ($24.50 in chips) 
k030101: posts small blind $0.10
cwebb81: posts big blind $0.25
*** HOLE CARDS ***
Dealt to Alameda22 [5c Jc]
Alameda22: folds 
snorlax_zzz: folds 
MEFO1964: folds 
E.G.G.: folds 
enright3060: folds 
Palmersquall: folds 
k030101: folds 
Uncalled bet ($0.15) returned to cwebb81
cwebb81 collected $0.20 from pot
*** SUMMARY ***
Total pot $0.20 | Rake $0 
Seat 1: Alameda22 folded before Flop (didn't bet)
Seat 3: snorlax_zzz folded before Flop (didn't bet)
Seat 4: MEFO1964 folded before Flop (didn't bet)
Seat 5: E.G.G. folded before Flop (didn't bet)
Seat 6: enright3060 folded before Flop (didn't bet)
Seat 7: Palmersquall (button) folded before Flop (didn't bet)
Seat 8: k030101 (small blind) folded before Flop
Seat 9: cwebb81 (big blind) collected ($0.20)



PokerStars Game #19827258070:  Hold'em No Limit ($0.10/$0.25) - 2008/08/23 - 01:24:33 (ET)
Table 'Miram' 9-max Seat #8 is the button
Seat 1: Alameda22 ($25.90 in chips) 
Seat 3: snorlax_zzz ($19.95 in chips) 
Seat 4: MEFO1964 ($22.20 in chips) 
Seat 5: E.G.G. ($24.70 in chips) 
Seat 6: enright3060 ($22.50 in chips) 
Seat 7: Palmersquall ($20.25 in chips) 
Seat 8: k030101 ($22.70 in chips) 
Seat 9: cwebb81 ($24.60 in chips) 
cwebb81: posts small blind $0.10
Alameda22: posts big blind $0.25
*** HOLE CARDS ***
Dealt to Alameda22 [9s 3c]
snorlax_zzz: calls $0.25
MEFO1964: folds 
E.G.G.: raises $0.75 to $1
enright3060: folds 
Palmersquall: calls $1
k030101: folds 
cwebb81: folds 
Alameda22: folds 
snorlax_zzz: calls $0.75
*** FLOP *** [7d 4s 4d]
snorlax_zzz: checks 
E.G.G.: checks 
Palmersquall: bets $1.75
snorlax_zzz: raises $4.50 to $6.25
E.G.G.: folds 
Palmersquall: calls $4.50
*** TURN *** [7d 4s 4d] [Qh]
snorlax_zzz: bets $10
Palmersquall: raises $3 to $13 and is all-in
snorlax_zzz: calls $2.70 and is all-in
Uncalled bet ($0.30) returned to Palmersquall
*** RIVER *** [7d 4s 4d Qh] [5c]
*** SHOW DOWN ***
snorlax_zzz: shows [Ad Ah] (two pair, Aces and Fours)
Palmersquall: mucks hand 
snorlax_zzz collected $39.25 from pot
Palmersquall leaves the table
*** SUMMARY ***
Total pot $41.25 | Rake $2 
Board [7d 4s 4d Qh 5c]
Seat 1: Alameda22 (big blind) folded before Flop
Seat 3: snorlax_zzz showed [Ad Ah] and won ($39.25) with two pair, Aces and Fours
Seat 4: MEFO1964 folded before Flop (didn't bet)
Seat 5: E.G.G. folded on the Flop
Seat 6: enright3060 folded before Flop (didn't bet)
Seat 7: Palmersquall mucked [9h 9c]
Seat 8: k030101 (button) folded before Flop (didn't bet)
Seat 9: cwebb81 (small blind) folded before Flop



PokerStars Game #19827280804:  Hold'em No Limit ($0.10/$0.25) - 2008/08/23 - 01:26:07 (ET)
Table 'Miram' 9-max Seat #9 is the button
Seat 1: Alameda22 ($25.65 in chips) 
Seat 3: snorlax_zzz ($39.25 in chips) 
Seat 4: MEFO1964 ($22.20 in chips) 
Seat 5: E.G.G. ($23.70 in chips) 
Seat 6: enright3060 ($22.50 in chips) 
Seat 8: k030101 ($22.70 in chips) 
Seat 9: cwebb81 ($24.50 in chips) 
Alameda22: posts small blind $0.10
snorlax_zzz: posts big blind $0.25
*** HOLE CARDS ***
Dealt to Alameda22 [2d 7s]
MEFO1964: folds 
E.G.G.: folds 
enright3060: folds 
k030101: folds 
cwebb81: raises $0.50 to $0.75
Alameda22: folds 
snorlax_zzz: folds 
Uncalled bet ($0.50) returned to cwebb81
cwebb81 collected $0.60 from pot
*** SUMMARY ***
Total pot $0.60 | Rake $0 
Seat 1: Alameda22 (small blind) folded before Flop
Seat 3: snorlax_zzz (big blind) folded before Flop
Seat 4: MEFO1964 folded before Flop (didn't bet)
Seat 5: E.G.G. folded before Flop (didn't bet)
Seat 6: enright3060 folded before Flop (didn't bet)
Seat 8: k030101 folded before Flop (didn't bet)
Seat 9: cwebb81 (button) collected ($0.60)



PokerStars Game #19827288740:  Hold'em No Limit ($0.10/$0.25) - 2008/08/23 - 01:26:41 (ET)
Table 'Miram' 9-max Seat #1 is the button
Seat 1: Alameda22 ($25.55 in chips) 
Seat 3: snorlax_zzz ($39 in chips) 
Seat 4: MEFO1964 ($22.20 in chips) 
Seat 5: E.G.G. ($23.70 in chips) 
Seat 6: enright3060 ($22.50 in chips) 
Seat 8: k030101 ($22.70 in chips) 
Seat 9: cwebb81 ($24.85 in chips) 
snorlax_zzz: posts small blind $0.10
MEFO1964: posts big blind $0.25
*** HOLE CARDS ***
Dealt to Alameda22 [4c 8h]
E.G.G.: calls $0.25
enright3060: folds 
k030101: folds 
cwebb81: folds 
Alameda22: folds 
snorlax_zzz: folds 
MEFO1964: checks 
*** FLOP *** [Td Jd 4s]
MEFO1964: checks 
E.G.G.: checks 
*** TURN *** [Td Jd 4s] [9c]
MEFO1964: checks 
E.G.G.: checks 
*** RIVER *** [Td Jd 4s 9c] [6d]
gobucks311 joins the table at seat #7 
MEFO1964: checks 
E.G.G.: checks 
*** SHOW DOWN ***
MEFO1964: shows [Js 3c] (a pair of Jacks)
E.G.G.: mucks hand 
MEFO1964 collected $0.60 from pot
*** SUMMARY ***
Total pot $0.60 | Rake $0 
Board [Td Jd 4s 9c 6d]
Seat 1: Alameda22 (button) folded before Flop (didn't bet)
Seat 3: snorlax_zzz (small blind) folded before Flop
Seat 4: MEFO1964 (big blind) showed [Js 3c] and won ($0.60) with a pair of Jacks
Seat 5: E.G.G. mucked [2h 2s]
Seat 6: enright3060 folded before Flop (didn't bet)
Seat 8: k030101 folded before Flop (didn't bet)
Seat 9: cwebb81 folded before Flop (didn't bet)



PokerStars Game #19827302220:  Hold'em No Limit ($0.10/$0.25) - 2008/08/23 - 01:27:38 (ET)
Table 'Miram' 9-max Seat #3 is the button
Seat 1: Alameda22 ($25.55 in chips) 
Seat 3: snorlax_zzz ($38.90 in chips) 
Seat 4: MEFO1964 ($22.55 in chips) 
Seat 5: E.G.G. ($23.45 in chips) 
Seat 6: enright3060 ($22.50 in chips) 
Seat 8: k030101 ($22.70 in chips) 
Seat 9: cwebb81 ($24.85 in chips) 
MEFO1964: posts small blind $0.10
E.G.G.: posts big blind $0.25
gobucks311: sits out 
*** HOLE CARDS ***
Dealt to Alameda22 [9c Jh]
enright3060: folds 
k030101: folds 
cwebb81: calls $0.25
Alameda22: folds 
snorlax_zzz: raises $0.50 to $0.75
MEFO1964: folds 
E.G.G.: calls $0.50
cwebb81: calls $0.50
*** FLOP *** [2d 2s Kh]
E.G.G.: checks 
cwebb81: checks 
snorlax_zzz: bets $1
E.G.G.: folds 
cwebb81: folds 
Uncalled bet ($1) returned to snorlax_zzz
snorlax_zzz collected $2.25 from pot
snorlax_zzz: doesn't show hand 
*** SUMMARY ***
Total pot $2.35 | Rake $0.10 
Board [2d 2s Kh]
Seat 1: Alameda22 folded before Flop (didn't bet)
Seat 3: snorlax_zzz (button) collected ($2.25)
Seat 4: MEFO1964 (small blind) folded before Flop
Seat 5: E.G.G. (big blind) folded on the Flop
Seat 6: enright3060 folded before Flop (didn't bet)
Seat 8: k030101 folded before Flop (didn't bet)
Seat 9: cwebb81 folded on the Flop



PokerStars Game #19827316293:  Hold'em No Limit ($0.10/$0.25) - 2008/08/23 - 01:28:38 (ET)
Table 'Miram' 9-max Seat #4 is the button
Seat 1: Alameda22 ($25.55 in chips) 
Seat 3: snorlax_zzz ($40.40 in chips) 
Seat 4: MEFO1964 ($22.45 in chips) 
Seat 5: E.G.G. ($22.70 in chips) 
Seat 6: enright3060 ($22.50 in chips) 
Seat 8: k030101 ($22.70 in chips) 
Seat 9: cwebb81 ($24.10 in chips) 
E.G.G.: posts small blind $0.10
enright3060: posts big blind $0.25
gobucks311: sits out 
*** HOLE CARDS ***
Dealt to Alameda22 [4h 4d]
k030101: raises $1 to $1.25
cwebb81: folds 
Alameda22: folds 
snorlax_zzz: folds 
MEFO1964: folds 
E.G.G.: folds 
enright3060: folds 
Uncalled bet ($1) returned to k030101
k030101 collected $0.60 from pot
k030101: doesn't show hand 
*** SUMMARY ***
Total pot $0.60 | Rake $0 
Seat 1: Alameda22 folded before Flop (didn't bet)
Seat 3: snorlax_zzz folded before Flop (didn't bet)
Seat 4: MEFO1964 (button) folded before Flop (didn't bet)
Seat 5: E.G.G. (small blind) folded before Flop
Seat 6: enright3060 (big blind) folded before Flop
Seat 8: k030101 collected ($0.60)
Seat 9: cwebb81 folded before Flop (didn't bet)



PokerStars Game #19827324243:  Hold'em No Limit ($0.10/$0.25) - 2008/08/23 - 01:29:11 (ET)
Table 'Miram' 9-max Seat #5 is the button
Seat 1: Alameda22 ($25.55 in chips) 
Seat 3: snorlax_zzz ($40.40 in chips) 
Seat 4: MEFO1964 ($22.45 in chips) 
Seat 5: E.G.G. ($22.60 in chips) 
Seat 6: enright3060 ($22.25 in chips) 
Seat 7: gobucks311 ($10 in chips) 
Seat 8: k030101 ($23.05 in chips) 
Seat 9: cwebb81 ($24.10 in chips) 
enright3060: posts small blind $0.10
gobucks311: posts big blind $0.25
*** HOLE CARDS ***
Dealt to Alameda22 [Ac 4s]
k030101: folds 
cwebb81: folds 
Alameda22: folds 
snorlax_zzz: calls $0.25
MEFO1964: folds 
E.G.G.: folds 
enright3060: folds 
gobucks311: checks 
*** FLOP *** [6s Ad 4c]
gobucks311: bets $0.25
snorlax_zzz: folds 
Uncalled bet ($0.25) returned to gobucks311
gobucks311 collected $0.60 from pot
gobucks311: doesn't show hand 
*** SUMMARY ***
Total pot $0.60 | Rake $0 
Board [6s Ad 4c]
Seat 1: Alameda22 folded before Flop (didn't bet)
Seat 3: snorlax_zzz folded on the Flop
Seat 4: MEFO1964 folded before Flop (didn't bet)
Seat 5: E.G.G. (button) folded before Flop (didn't bet)
Seat 6: enright3060 (small blind) folded before Flop
Seat 7: gobucks311 (big blind) collected ($0.60)
Seat 8: k030101 folded before Flop (didn't bet)
Seat 9: cwebb81 folded before Flop (didn't bet)



PokerStars Game #19827336478:  Hold'em No Limit ($0.10/$0.25) - 2008/08/23 - 01:30:04 (ET)
Table 'Miram' 9-max Seat #6 is the button
Seat 1: Alameda22 ($25.55 in chips) 
Seat 3: snorlax_zzz ($40.15 in chips) 
Seat 4: MEFO1964 ($22.45 in chips) 
Seat 5: E.G.G. ($22.60 in chips) 
Seat 6: enright3060 ($22.15 in chips) 
Seat 7: gobucks311 ($10.35 in chips) 
Seat 8: k030101 ($23.05 in chips) 
Seat 9: cwebb81 ($24.10 in chips) 
gobucks311: posts small blind $0.10
k030101: posts big blind $0.25
*** HOLE CARDS ***
Dealt to Alameda22 [8h 8c]
cwebb81: folds 
Alameda22: folds 
snorlax_zzz: calls $0.25
MEFO1964: raises $0.75 to $1
E.G.G.: folds 
enright3060: folds 
gobucks311: folds 
k030101: folds 
snorlax_zzz: calls $0.75
*** FLOP *** [5s 6d 5c]
snorlax_zzz: checks 
MEFO1964: bets $1.75
snorlax_zzz: calls $1.75
*** TURN *** [5s 6d 5c] [3s]
snorlax_zzz: checks 
MEFO1964: checks 
*** RIVER *** [5s 6d 5c 3s] [6c]
snorlax_zzz: bets $6
MEFO1964: folds 
Uncalled bet ($6) returned to snorlax_zzz
snorlax_zzz collected $5.60 from pot
snorlax_zzz: doesn't show hand 
*** SUMMARY ***
Total pot $5.85 | Rake $0.25 
Board [5s 6d 5c 3s 6c]
Seat 1: Alameda22 folded before Flop (didn't bet)
Seat 3: snorlax_zzz collected ($5.60)
Seat 4: MEFO1964 folded on the River
Seat 5: E.G.G. folded before Flop (didn't bet)
Seat 6: enright3060 (button) folded before Flop (didn't bet)
Seat 7: gobucks311 (small blind) folded before Flop
Seat 8: k030101 (big blind) folded before Flop
Seat 9: cwebb81 folded before Flop (didn't bet)



PokerStars Game #19827361208:  Hold'em No Limit ($0.10/$0.25) - 2008/08/23 - 01:31:45 (ET)
Table 'Miram' 9-max Seat #7 is the button
Seat 1: Alameda22 ($25.55 in chips) 
Seat 3: snorlax_zzz ($43 in chips) 
Seat 4: MEFO1964 ($25 in chips) 
Seat 5: E.G.G. ($22.60 in chips) 
Seat 6: enright3060 ($22.15 in chips) 
Seat 7: gobucks311 ($10.25 in chips) 
Seat 8: k030101 ($22.80 in chips) 
Seat 9: cwebb81 ($24.10 in chips) 
k030101: posts small blind $0.10
cwebb81: posts big blind $0.25
*** HOLE CARDS ***
Dealt to Alameda22 [Qc Th]
Alameda22: folds 
snorlax_zzz: calls $0.25
MEFO1964: folds 
E.G.G.: folds 
enright3060: folds 
gobucks311: folds 
k030101: folds 
cwebb81: checks 
*** FLOP *** [9s 6d Qh]
cwebb81: checks 
snorlax_zzz: checks 
*** TURN *** [9s 6d Qh] [Ah]
cwebb81: checks 
snorlax_zzz: checks 
*** RIVER *** [9s 6d Qh Ah] [Ac]
cwebb81: bets $0.50
snorlax_zzz: calls $0.50
*** SHOW DOWN ***
cwebb81: shows [8d Ad] (three of a kind, Aces)
snorlax_zzz: mucks hand 
cwebb81 collected $1.55 from pot
*** SUMMARY ***
Total pot $1.60 | Rake $0.05 
Board [9s 6d Qh Ah Ac]
Seat 1: Alameda22 folded before Flop (didn't bet)
Seat 3: snorlax_zzz mucked [Ts Ks]
Seat 4: MEFO1964 folded before Flop (didn't bet)
Seat 5: E.G.G. folded before Flop (didn't bet)
Seat 6: enright3060 folded before Flop (didn't bet)
Seat 7: gobucks311 (button) folded before Flop (didn't bet)
Seat 8: k030101 (small blind) folded before Flop
Seat 9: cwebb81 (big blind) showed [8d Ad] and won ($1.55) with three of a kind, Aces



PokerStars Game #19827374583:  Hold'em No Limit ($0.10/$0.25) - 2008/08/23 - 01:32:40 (ET)
Table 'Miram' 9-max Seat #8 is the button
Seat 1: Alameda22 ($25.55 in chips) 
Seat 3: snorlax_zzz ($42.25 in chips) 
Seat 4: MEFO1964 ($25 in chips) 
Seat 5: E.G.G. ($22.60 in chips) 
Seat 6: enright3060 ($22.15 in chips) 
Seat 7: gobucks311 ($10.25 in chips) 
Seat 8: k030101 ($22.70 in chips) 
Seat 9: cwebb81 ($24.90 in chips) 
cwebb81: posts small blind $0.10
Alameda22: posts big blind $0.25
*** HOLE CARDS ***
Dealt to Alameda22 [Ts 5d]
snorlax_zzz: calls $0.25
MEFO1964: calls $0.25
E.G.G.: folds 
enright3060: folds 
gobucks311: folds 
k030101: folds 
cwebb81: folds 
Alameda22: checks 
*** FLOP *** [Jd 4h Jc]
Alameda22: checks 
snorlax_zzz: bets $0.50
MEFO1964: folds 
Alameda22: folds 
Uncalled bet ($0.50) returned to snorlax_zzz
snorlax_zzz collected $0.85 from pot
snorlax_zzz: doesn't show hand 
*** SUMMARY ***
Total pot $0.85 | Rake $0 
Board [Jd 4h Jc]
Seat 1: Alameda22 (big blind) folded on the Flop
Seat 3: snorlax_zzz collected ($0.85)
Seat 4: MEFO1964 folded on the Flop
Seat 5: E.G.G. folded before Flop (didn't bet)
Seat 6: enright3060 folded before Flop (didn't bet)
Seat 7: gobucks311 folded before Flop (didn't bet)
Seat 8: k030101 (button) folded before Flop (didn't bet)
Seat 9: cwebb81 (small blind) folded before Flop



PokerStars Game #19827387942:  Hold'em No Limit ($0.10/$0.25) - 2008/08/23 - 01:33:34 (ET)
Table 'Miram' 9-max Seat #9 is the button
Seat 1: Alameda22 ($25.30 in chips) 
Seat 3: snorlax_zzz ($42.85 in chips) 
Seat 4: MEFO1964 ($24.75 in chips) 
Seat 5: E.G.G. ($22.60 in chips) 
Seat 6: enright3060 ($22.15 in chips) 
Seat 7: gobucks311 ($10.25 in chips) 
Seat 8: k030101 ($22.70 in chips) 
Seat 9: cwebb81 ($24.80 in chips) 
Alameda22: posts small blind $0.10
snorlax_zzz: posts big blind $0.25
*** HOLE CARDS ***
Dealt to Alameda22 [Jd 9c]
MEFO1964: folds 
E.G.G.: folds 
enright3060: folds 
gobucks311: folds 
k030101: folds 
cwebb81: folds 
Alameda22: folds 
Uncalled bet ($0.15) returned to snorlax_zzz
snorlax_zzz collected $0.20 from pot
snorlax_zzz: doesn't show hand 
*** SUMMARY ***
Total pot $0.20 | Rake $0 
Seat 1: Alameda22 (small blind) folded before Flop
Seat 3: snorlax_zzz (big blind) collected ($0.20)
Seat 4: MEFO1964 folded before Flop (didn't bet)
Seat 5: E.G.G. folded before Flop (didn't bet)
Seat 6: enright3060 folded before Flop (didn't bet)
Seat 7: gobucks311 folded before Flop (didn't bet)
Seat 8: k030101 folded before Flop (didn't bet)
Seat 9: cwebb81 (button) folded before Flop (didn't bet)



PokerStars Game #19827396940:  Hold'em No Limit ($0.10/$0.25) - 2008/08/23 - 01:34:10 (ET)
Table 'Miram' 9-max Seat #1 is the button
Seat 1: Alameda22 ($25.20 in chips) 
Seat 3: snorlax_zzz ($42.95 in chips) 
Seat 4: MEFO1964 ($24.75 in chips) 
Seat 5: E.G.G. ($22.60 in chips) 
Seat 6: enright3060 ($22.15 in chips) 
Seat 7: gobucks311 ($10.25 in chips) 
Seat 8: k030101 ($22.70 in chips) 
Seat 9: cwebb81 ($24.80 in chips) 
snorlax_zzz: posts small blind $0.10
MEFO1964: posts big blind $0.25
*** HOLE CARDS ***
Dealt to Alameda22 [5c Ts]
E.G.G.: folds 
enright3060: calls $0.25
E.G.G. leaves the table
gobucks311: folds 
k030101: folds 
cwebb81: folds 
Alameda22: folds 
snorlax_zzz: folds 
MEFO1964: checks 
*** FLOP *** [4s 6h 3s]
MEFO1964: checks 
enright3060: checks 
*** TURN *** [4s 6h 3s] [Jc]
MEFO1964: checks 
enright3060: checks 
*** RIVER *** [4s 6h 3s Jc] [8d]
MEFO1964: checks 
enright3060: checks 
*** SHOW DOWN ***
MEFO1964: shows [Ad 4d] (a pair of Fours)
enright3060: mucks hand 
MEFO1964 collected $0.60 from pot
*** SUMMARY ***
Total pot $0.60 | Rake $0 
Board [4s 6h 3s Jc 8d]
Seat 1: Alameda22 (button) folded before Flop (didn't bet)
Seat 3: snorlax_zzz (small blind) folded before Flop
Seat 4: MEFO1964 (big blind) showed [Ad 4d] and won ($0.60) with a pair of Fours
Seat 5: E.G.G. folded before Flop (didn't bet)
Seat 6: enright3060 mucked [Tc 9c]
Seat 7: gobucks311 folded before Flop (didn't bet)
Seat 8: k030101 folded before Flop (didn't bet)
Seat 9: cwebb81 folded before Flop (didn't bet)



PokerStars Game #19827412486:  Hold'em No Limit ($0.10/$0.25) - 2008/08/23 - 01:35:13 (ET)
Table 'Miram' 9-max Seat #3 is the button
Seat 1: Alameda22 ($25.20 in chips) 
Seat 3: snorlax_zzz ($42.85 in chips) 
Seat 4: MEFO1964 ($25.10 in chips) 
Seat 6: enright3060 ($21.90 in chips) 
Seat 7: gobucks311 ($10.25 in chips) 
Seat 8: k030101 ($22.70 in chips) 
Seat 9: cwebb81 ($24.80 in chips) 
MEFO1964: posts small blind $0.10
enright3060: posts big blind $0.25
*** HOLE CARDS ***
Dealt to Alameda22 [3d 3s]
gobucks311: folds 
k030101: folds 
cwebb81: raises $0.50 to $0.75
Alameda22: folds 
snorlax_zzz: folds 
MEFO1964: folds 
enright3060: folds 
Uncalled bet ($0.50) returned to cwebb81
cwebb81 collected $0.60 from pot
*** SUMMARY ***
Total pot $0.60 | Rake $0 
Seat 1: Alameda22 folded before Flop (didn't bet)
Seat 3: snorlax_zzz (button) folded before Flop (didn't bet)
Seat 4: MEFO1964 (small blind) folded before Flop
Seat 6: enright3060 (big blind) folded before Flop
Seat 7: gobucks311 folded before Flop (didn't bet)
Seat 8: k030101 folded before Flop (didn't bet)
Seat 9: cwebb81 collected ($0.60)



PokerStars Game #19827423372:  Hold'em No Limit ($0.10/$0.25) - 2008/08/23 - 01:35:57 (ET)
Table 'Miram' 9-max Seat #4 is the button
Seat 1: Alameda22 ($25.20 in chips) 
Seat 3: snorlax_zzz ($42.85 in chips) 
Seat 4: MEFO1964 ($25 in chips) 
Seat 6: enright3060 ($21.65 in chips) 
Seat 7: gobucks311 ($10.25 in chips) 
Seat 8: k030101 ($22.70 in chips) 
Seat 9: cwebb81 ($25.15 in chips) 
enright3060: posts small blind $0.10
gobucks311: posts big blind $0.25
*** HOLE CARDS ***
Dealt to Alameda22 [9c Kh]
k030101: raises $1 to $1.25
cwebb81: folds 
Alameda22: folds 
snorlax_zzz: folds 
MEFO1964: folds 
enright3060: folds 
gobucks311: folds 
Uncalled bet ($1) returned to k030101
k030101 collected $0.60 from pot
k030101: doesn't show hand 
*** SUMMARY ***
Total pot $0.60 | Rake $0 
Seat 1: Alameda22 folded before Flop (didn't bet)
Seat 3: snorlax_zzz folded before Flop (didn't bet)
Seat 4: MEFO1964 (button) folded before Flop (didn't bet)
Seat 6: enright3060 (small blind) folded before Flop
Seat 7: gobucks311 (big blind) folded before Flop
Seat 8: k030101 collected ($0.60)
Seat 9: cwebb81 folded before Flop (didn't bet)



PokerStars Game #19827432560:  Hold'em No Limit ($0.10/$0.25) - 2008/08/23 - 01:36:35 (ET)
Table 'Miram' 9-max Seat #6 is the button
Seat 1: Alameda22 ($25.20 in chips) 
Seat 3: snorlax_zzz ($42.85 in chips) 
Seat 4: MEFO1964 ($25 in chips) 
Seat 6: enright3060 ($21.55 in chips) 
Seat 7: gobucks311 ($10 in chips) 
Seat 8: k030101 ($23.05 in chips) 
Seat 9: cwebb81 ($25.15 in chips) 
gobucks311: posts small blind $0.10
k030101: posts big blind $0.25
*** HOLE CARDS ***
Dealt to Alameda22 [Qd 4d]
cwebb81: folds 
Alameda22: folds 
snorlax_zzz: calls $0.25
MEFO1964: folds 
enright3060: folds 
gobucks311: calls $0.15
k030101: checks 
*** FLOP *** [Qs 6h Kh]
gobucks311: checks 
k030101: checks 
snorlax_zzz: checks 
*** TURN *** [Qs 6h Kh] [As]
gobucks311: checks 
k030101: checks 
snorlax_zzz: bets $1
gobucks311: folds 
k030101: folds 
Uncalled bet ($1) returned to snorlax_zzz
snorlax_zzz collected $0.75 from pot
snorlax_zzz: doesn't show hand 
Martish joins the table at seat #5 
*** SUMMARY ***
Total pot $0.75 | Rake $0 
Board [Qs 6h Kh As]
Seat 1: Alameda22 folded before Flop (didn't bet)
Seat 3: snorlax_zzz collected ($0.75)
Seat 4: MEFO1964 folded before Flop (didn't bet)
Seat 6: enright3060 (button) folded before Flop (didn't bet)
Seat 7: gobucks311 (small blind) folded on the Turn
Seat 8: k030101 (big blind) folded on the Turn
Seat 9: cwebb81 folded before Flop (didn't bet)



PokerStars Game #19827454057:  Hold'em No Limit ($0.10/$0.25) - 2008/08/23 - 01:38:03 (ET)
Table 'Miram' 9-max Seat #7 is the button
Seat 1: Alameda22 ($25.20 in chips) 
Seat 3: snorlax_zzz ($43.35 in chips) 
Seat 4: MEFO1964 ($25 in chips) 
Seat 5: Martish ($10.95 in chips) 
Seat 6: enright3060 ($21.55 in chips) 
Seat 7: gobucks311 ($9.75 in chips) 
Seat 8: k030101 ($22.80 in chips) 
Seat 9: cwebb81 ($25.15 in chips) 
k030101: posts small blind $0.10
cwebb81: posts big blind $0.25
Martish: posts big blind $0.25
*** HOLE CARDS ***
Dealt to Alameda22 [8s 4h]
Alameda22: folds 
snorlax_zzz: calls $0.25
MEFO1964: folds 
Martish: checks 
enright3060: folds 
gobucks311: folds 
k030101: folds 
cwebb81: checks 
*** FLOP *** [Ks 5d 3s]
cwebb81: checks 
snorlax_zzz: checks 
Martish: checks 
*** TURN *** [Ks 5d 3s] [5h]
Leucetios joins the table at seat #2 
cwebb81: bets $0.50
snorlax_zzz: folds 
Martish: folds 
Uncalled bet ($0.50) returned to cwebb81
cwebb81 collected $0.85 from pot
*** SUMMARY ***
Total pot $0.85 | Rake $0 
Board [Ks 5d 3s 5h]
Seat 1: Alameda22 folded before Flop (didn't bet)
Seat 3: snorlax_zzz folded on the Turn
Seat 4: MEFO1964 folded before Flop (didn't bet)
Seat 5: Martish folded on the Turn
Seat 6: enright3060 folded before Flop (didn't bet)
Seat 7: gobucks311 (button) folded before Flop (didn't bet)
Seat 8: k030101 (small blind) folded before Flop
Seat 9: cwebb81 (big blind) collected ($0.85)



PokerStars Game #19827472401:  Hold'em No Limit ($0.10/$0.25) - 2008/08/23 - 01:39:19 (ET)
Table 'Miram' 9-max Seat #8 is the button
Seat 1: Alameda22 ($25.20 in chips) 
Seat 3: snorlax_zzz ($43.10 in chips) 
Seat 4: MEFO1964 ($25 in chips) 
Seat 5: Martish ($10.70 in chips) 
Seat 6: enright3060 ($21.55 in chips) 
Seat 7: gobucks311 ($9.75 in chips) 
Seat 8: k030101 ($22.70 in chips) 
Seat 9: cwebb81 ($25.75 in chips) 
cwebb81: posts small blind $0.10
Alameda22: posts big blind $0.25
Leucetios: sits out 
*** HOLE CARDS ***
Dealt to Alameda22 [8d 7h]
snorlax_zzz: folds 
MEFO1964: folds 
Martish: raises $0.25 to $0.50
enright3060: folds 
gobucks311: folds 
k030101: folds 
cwebb81: folds 
Alameda22: folds 
Uncalled bet ($0.25) returned to Martish
Martish collected $0.60 from pot
Martish: doesn't show hand 
*** SUMMARY ***
Total pot $0.60 | Rake $0 
Seat 1: Alameda22 (big blind) folded before Flop
Seat 3: snorlax_zzz folded before Flop (didn't bet)
Seat 4: MEFO1964 folded before Flop (didn't bet)
Seat 5: Martish collected ($0.60)
Seat 6: enright3060 folded before Flop (didn't bet)
Seat 7: gobucks311 folded before Flop (didn't bet)
Seat 8: k030101 (button) folded before Flop (didn't bet)
Seat 9: cwebb81 (small blind) folded before Flop



PokerStars Game #19827493558:  Hold'em No Limit ($0.10/$0.25) - 2008/08/23 - 01:40:45 (ET)
Table 'Miram' 9-max Seat #9 is the button
Seat 1: Alameda22 ($24.95 in chips) 
Seat 2: Leucetios ($5.35 in chips) 
Seat 3: snorlax_zzz ($43.10 in chips) 
Seat 4: MEFO1964 ($25 in chips) 
Seat 5: Martish ($11.05 in chips) 
Seat 6: enright3060 ($21.55 in chips) 
Seat 7: gobucks311 ($9.75 in chips) 
Seat 8: k030101 ($22.70 in chips) 
Seat 9: cwebb81 ($25.65 in chips) 
Alameda22: posts small blind $0.10
Leucetios: posts big blind $0.25
*** HOLE CARDS ***
Dealt to Alameda22 [Kd 7s]
snorlax_zzz: folds 
MEFO1964: folds 
Martish: folds 
enright3060: calls $0.25
gobucks311: folds 
k030101: folds 
cwebb81: folds 
Alameda22: folds 
Leucetios: checks 
*** FLOP *** [2h Jc Js]
Leucetios: checks 
enright3060: checks 
*** TURN *** [2h Jc Js] [3d]
Leucetios: checks 
enright3060: checks 
*** RIVER *** [2h Jc Js 3d] [8h]
Leucetios: bets $0.40
enright3060: folds 
Uncalled bet ($0.40) returned to Leucetios
Leucetios collected $0.60 from pot
Leucetios: doesn't show hand 
*** SUMMARY ***
Total pot $0.60 | Rake $0 
Board [2h Jc Js 3d 8h]
Seat 1: Alameda22 (small blind) folded before Flop
Seat 2: Leucetios (big blind) collected ($0.60)
Seat 3: snorlax_zzz folded before Flop (didn't bet)
Seat 4: MEFO1964 folded before Flop (didn't bet)
Seat 5: Martish folded before Flop (didn't bet)
Seat 6: enright3060 folded on the River
Seat 7: gobucks311 folded before Flop (didn't bet)
Seat 8: k030101 folded before Flop (didn't bet)
Seat 9: cwebb81 (button) folded before Flop (didn't bet)



PokerStars Game #19827514082:  Hold'em No Limit ($0.10/$0.25) - 2008/08/23 - 01:42:10 (ET)
Table 'Miram' 9-max Seat #1 is the button
Seat 1: Alameda22 ($24.85 in chips) 
Seat 2: Leucetios ($5.70 in chips) 
Seat 3: snorlax_zzz ($43.10 in chips) 
Seat 4: MEFO1964 ($25 in chips) 
Seat 5: Martish ($11.05 in chips) 
Seat 6: enright3060 ($21.30 in chips) 
Seat 7: gobucks311 ($9.75 in chips) 
Seat 8: k030101 ($22.70 in chips) 
Seat 9: cwebb81 ($25.65 in chips) 
Leucetios: posts small blind $0.10
snorlax_zzz: posts big blind $0.25
*** HOLE CARDS ***
Dealt to Alameda22 [8s 7s]
MEFO1964: folds 
Martish: raises $0.25 to $0.50
enright3060: folds 
gobucks311: folds 
k030101: folds 
cwebb81: calls $0.50
Alameda22: calls $0.50
Leucetios: folds 
snorlax_zzz: folds 
*** FLOP *** [3d 6c 7c]
Martish: bets $0.25
cwebb81: raises $0.50 to $0.75
Alameda22: calls $0.75
Martish: folds 
*** TURN *** [3d 6c 7c] [Qs]
cwebb81: checks 
Alameda22: checks 
*** RIVER *** [3d 6c 7c Qs] [9s]
cwebb81: checks 
Alameda22: checks 
*** SHOW DOWN ***
cwebb81: shows [Tc Kc] (high card King)
Alameda22: shows [8s 7s] (a pair of Sevens)
Alameda22 collected $3.45 from pot
*** SUMMARY ***
Total pot $3.60 | Rake $0.15 
Board [3d 6c 7c Qs 9s]
Seat 1: Alameda22 (button) showed [8s 7s] and won ($3.45) with a pair of Sevens
Seat 2: Leucetios (small blind) folded before Flop
Seat 3: snorlax_zzz (big blind) folded before Flop
Seat 4: MEFO1964 folded before Flop (didn't bet)
Seat 5: Martish folded on the Flop
Seat 6: enright3060 folded before Flop (didn't bet)
Seat 7: gobucks311 folded before Flop (didn't bet)
Seat 8: k030101 folded before Flop (didn't bet)
Seat 9: cwebb81 showed [Tc Kc] and lost with high card King



PokerStars Game #19827532115:  Hold'em No Limit ($0.10/$0.25) - 2008/08/23 - 01:43:26 (ET)
Table 'Miram' 9-max Seat #2 is the button
Seat 1: Alameda22 ($27.05 in chips) 
Seat 2: Leucetios ($5.60 in chips) 
Seat 3: snorlax_zzz ($42.85 in chips) 
Seat 4: MEFO1964 ($25 in chips) 
Seat 5: Martish ($10.30 in chips) 
Seat 6: enright3060 ($21.30 in chips) 
Seat 7: gobucks311 ($9.75 in chips) 
Seat 8: k030101 ($22.70 in chips) 
Seat 9: cwebb81 ($24.40 in chips) 
snorlax_zzz: posts small blind $0.10
MEFO1964: posts big blind $0.25
*** HOLE CARDS ***
Dealt to Alameda22 [8s 5d]
Martish: calls $0.25
enright3060: folds 
gobucks311: folds 
k030101: folds 
cwebb81: folds 
Alameda22: folds 
Leucetios: folds 
snorlax_zzz: folds 
MEFO1964: checks 
*** FLOP *** [3s 2c 6h]
MEFO1964: checks 
Martish: bets $1
MEFO1964: folds 
Uncalled bet ($1) returned to Martish
Martish collected $0.60 from pot
Martish: doesn't show hand 
*** SUMMARY ***
Total pot $0.60 | Rake $0 
Board [3s 2c 6h]
Seat 1: Alameda22 folded before Flop (didn't bet)
Seat 2: Leucetios (button) folded before Flop (didn't bet)
Seat 3: snorlax_zzz (small blind) folded before Flop
Seat 4: MEFO1964 (big blind) folded on the Flop
Seat 5: Martish collected ($0.60)
Seat 6: enright3060 folded before Flop (didn't bet)
Seat 7: gobucks311 folded before Flop (didn't bet)
Seat 8: k030101 folded before Flop (didn't bet)
Seat 9: cwebb81 folded before Flop (didn't bet)



PokerStars Game #19827546931:  Hold'em No Limit ($0.10/$0.25) - 2008/08/23 - 01:44:29 (ET)
Table 'Miram' 9-max Seat #3 is the button
Seat 1: Alameda22 ($27.05 in chips) 
Seat 2: Leucetios ($5.60 in chips) 
Seat 3: snorlax_zzz ($42.75 in chips) 
Seat 4: MEFO1964 ($24.75 in chips) 
Seat 5: Martish ($10.65 in chips) 
Seat 6: enright3060 ($21.30 in chips) 
Seat 7: gobucks311 ($9.75 in chips) 
Seat 8: k030101 ($22.70 in chips) 
Seat 9: cwebb81 ($24.40 in chips) 
MEFO1964: posts small blind $0.10
Martish: posts big blind $0.25
*** HOLE CARDS ***
Dealt to Alameda22 [8d 5s]
enright3060: folds 
gobucks311: folds 
k030101: folds 
cwebb81: folds 
Alameda22: folds 
Leucetios: folds 
snorlax_zzz: folds 
MEFO1964: calls $0.15
Martish: checks 
*** FLOP *** [Td 6c 4s]
MEFO1964: checks 
Martish: bets $0.25
MEFO1964: calls $0.25
*** TURN *** [Td 6c 4s] [8h]
MEFO1964: checks 
Martish: bets $0.25
MEFO1964: folds 
Uncalled bet ($0.25) returned to Martish
Martish collected $0.95 from pot
Martish: doesn't show hand 
*** SUMMARY ***
Total pot $1 | Rake $0.05 
Board [Td 6c 4s 8h]
Seat 1: Alameda22 folded before Flop (didn't bet)
Seat 2: Leucetios folded before Flop (didn't bet)
Seat 3: snorlax_zzz (button) folded before Flop (didn't bet)
Seat 4: MEFO1964 (small blind) folded on the Turn
Seat 5: Martish (big blind) collected ($0.95)
Seat 6: enright3060 folded before Flop (didn't bet)
Seat 7: gobucks311 folded before Flop (didn't bet)
Seat 8: k030101 folded before Flop (didn't bet)
Seat 9: cwebb81 folded before Flop (didn't bet)



PokerStars Game #19827564999:  Hold'em No Limit ($0.10/$0.25) - 2008/08/23 - 01:45:45 (ET)
Table 'Miram' 9-max Seat #4 is the button
Seat 1: Alameda22 ($27.05 in chips) 
Seat 2: Leucetios ($5.60 in chips) 
Seat 3: snorlax_zzz ($42.75 in chips) 
Seat 4: MEFO1964 ($24.25 in chips) 
Seat 5: Martish ($11.10 in chips) 
Seat 6: enright3060 ($21.30 in chips) 
Seat 7: gobucks311 ($9.75 in chips) 
Seat 8: k030101 ($22.70 in chips) 
Seat 9: cwebb81 ($24.40 in chips) 
Martish: posts small blind $0.10
enright3060: posts big blind $0.25
*** HOLE CARDS ***
Dealt to Alameda22 [6c 9c]
gobucks311: folds 
k030101: folds 
cwebb81: folds 
gobucks311 leaves the table
Alameda22: folds 
omar_braves joins the table at seat #7 
Leucetios: folds 
snorlax_zzz: raises $0.50 to $0.75
MEFO1964: folds 
Martish: folds 
enright3060: folds 
Uncalled bet ($0.50) returned to snorlax_zzz
snorlax_zzz collected $0.60 from pot
snorlax_zzz: doesn't show hand 
*** SUMMARY ***
Total pot $0.60 | Rake $0 
Seat 1: Alameda22 folded before Flop (didn't bet)
Seat 2: Leucetios folded before Flop (didn't bet)
Seat 3: snorlax_zzz collected ($0.60)
Seat 4: MEFO1964 (button) folded before Flop (didn't bet)
Seat 5: Martish (small blind) folded before Flop
Seat 6: enright3060 (big blind) folded before Flop
Seat 7: gobucks311 folded before Flop (didn't bet)
Seat 8: k030101 folded before Flop (didn't bet)
Seat 9: cwebb81 folded before Flop (didn't bet)



PokerStars Game #19827575321:  Hold'em No Limit ($0.10/$0.25) - 2008/08/23 - 01:46:29 (ET)
Table 'Miram' 9-max Seat #5 is the button
Seat 1: Alameda22 ($27.05 in chips) 
Seat 2: Leucetios ($5.60 in chips) 
Seat 3: snorlax_zzz ($43.10 in chips) 
Seat 4: MEFO1964 ($24.25 in chips) 
Seat 5: Martish ($11 in chips) 
Seat 6: enright3060 ($21.05 in chips) 
Seat 7: omar_braves ($25 in chips) 
Seat 8: k030101 ($22.70 in chips) 
Seat 9: cwebb81 ($24.40 in chips) 
enright3060: posts small blind $0.10
omar_braves: posts big blind $0.25
*** HOLE CARDS ***
Dealt to Alameda22 [Qh 2d]
k030101: folds 
cwebb81: folds 
Alameda22: folds 
Leucetios: folds 
snorlax_zzz: folds 
MEFO1964: raises $0.75 to $1
Martish: folds 
enright3060: folds 
omar_braves: folds 
Uncalled bet ($0.75) returned to MEFO1964
MEFO1964 collected $0.60 from pot
MEFO1964: doesn't show hand 
*** SUMMARY ***
Total pot $0.60 | Rake $0 
Seat 1: Alameda22 folded before Flop (didn't bet)
Seat 2: Leucetios folded before Flop (didn't bet)
Seat 3: snorlax_zzz folded before Flop (didn't bet)
Seat 4: MEFO1964 collected ($0.60)
Seat 5: Martish (button) folded before Flop (didn't bet)
Seat 6: enright3060 (small blind) folded before Flop
Seat 7: omar_braves (big blind) folded before Flop
Seat 8: k030101 folded before Flop (didn't bet)
Seat 9: cwebb81 folded before Flop (didn't bet)



PokerStars Game #19827586846:  Hold'em No Limit ($0.10/$0.25) - 2008/08/23 - 01:47:18 (ET)
Table 'Miram' 9-max Seat #6 is the button
Seat 1: Alameda22 ($27.05 in chips) 
Seat 2: Leucetios ($5.60 in chips) 
Seat 3: snorlax_zzz ($43.10 in chips) 
Seat 4: MEFO1964 ($24.60 in chips) 
Seat 5: Martish ($11 in chips) 
Seat 6: enright3060 ($20.95 in chips) 
Seat 7: omar_braves ($24.75 in chips) 
Seat 8: k030101 ($22.70 in chips) 
Seat 9: cwebb81 ($24.40 in chips) 
omar_braves: posts small blind $0.10
k030101: posts big blind $0.25
*** HOLE CARDS ***
Dealt to Alameda22 [Qs Ah]
cwebb81: folds 
Alameda22: raises $0.50 to $0.75
Leucetios: folds 
snorlax_zzz: folds 
MEFO1964: folds 
Martish: folds 
enright3060: folds 
omar_braves: folds 
k030101: folds 
Uncalled bet ($0.50) returned to Alameda22
Alameda22 collected $0.60 from pot
Alameda22: doesn't show hand 
*** SUMMARY ***
Total pot $0.60 | Rake $0 
Seat 1: Alameda22 collected ($0.60)
Seat 2: Leucetios folded before Flop (didn't bet)
Seat 3: snorlax_zzz folded before Flop (didn't bet)
Seat 4: MEFO1964 folded before Flop (didn't bet)
Seat 5: Martish folded before Flop (didn't bet)
Seat 6: enright3060 (button) folded before Flop (didn't bet)
Seat 7: omar_braves (small blind) folded before Flop
Seat 8: k030101 (big blind) folded before Flop
Seat 9: cwebb81 folded before Flop (didn't bet)



PokerStars Game #19827594923:  Hold'em No Limit ($0.10/$0.25) - 2008/08/23 - 01:47:53 (ET)
Table 'Miram' 9-max Seat #7 is the button
Seat 1: Alameda22 ($27.40 in chips) 
Seat 2: Leucetios ($5.60 in chips) 
Seat 3: snorlax_zzz ($43.10 in chips) 
Seat 4: MEFO1964 ($24.60 in chips) 
Seat 5: Martish ($11 in chips) 
Seat 6: enright3060 ($20.95 in chips) 
Seat 7: omar_braves ($24.65 in chips) 
Seat 8: k030101 ($22.45 in chips) 
Seat 9: cwebb81 ($24.40 in chips) 
k030101: posts small blind $0.10
cwebb81: posts big blind $0.25
*** HOLE CARDS ***
Dealt to Alameda22 [Kh 9s]
Alameda22: folds 
Leucetios: folds 
snorlax_zzz: folds 
MEFO1964: raises $1 to $1.25
Martish: folds 
enright3060: folds 
omar_braves: folds 
k030101: folds 
cwebb81: folds 
Uncalled bet ($1) returned to MEFO1964
MEFO1964 collected $0.60 from pot
MEFO1964: doesn't show hand 
*** SUMMARY ***
Total pot $0.60 | Rake $0 
Seat 1: Alameda22 folded before Flop (didn't bet)
Seat 2: Leucetios folded before Flop (didn't bet)
Seat 3: snorlax_zzz folded before Flop (didn't bet)
Seat 4: MEFO1964 collected ($0.60)
Seat 5: Martish folded before Flop (didn't bet)
Seat 6: enright3060 folded before Flop (didn't bet)
Seat 7: omar_braves (button) folded before Flop (didn't bet)
Seat 8: k030101 (small blind) folded before Flop
Seat 9: cwebb81 (big blind) folded before Flop



PokerStars Game #19827606673:  Hold'em No Limit ($0.10/$0.25) - 2008/08/23 - 01:48:43 (ET)
Table 'Miram' 9-max Seat #8 is the button
Seat 1: Alameda22 ($27.40 in chips) 
Seat 2: Leucetios ($5.60 in chips) 
Seat 3: snorlax_zzz ($43.10 in chips) 
Seat 4: MEFO1964 ($24.95 in chips) 
Seat 5: Martish ($11 in chips) 
Seat 6: enright3060 ($20.95 in chips) 
Seat 7: omar_braves ($24.65 in chips) 
Seat 8: k030101 ($22.35 in chips) 
Seat 9: cwebb81 ($24.15 in chips) 
cwebb81: posts small blind $0.10
Alameda22: posts big blind $0.25
*** HOLE CARDS ***
Dealt to Alameda22 [Ah 8d]
Leucetios: folds 
snorlax_zzz: raises $0.75 to $1
MEFO1964: folds 
Martish: folds 
enright3060: folds 
omar_braves: folds 
k030101: folds 
cwebb81: calls $0.90
Alameda22: folds 
*** FLOP *** [Td 2d 6s]
cwebb81: checks 
snorlax_zzz: bets $2
cwebb81: folds 
Uncalled bet ($2) returned to snorlax_zzz
snorlax_zzz collected $2.15 from pot
snorlax_zzz: doesn't show hand 
*** SUMMARY ***
Total pot $2.25 | Rake $0.10 
Board [Td 2d 6s]
Seat 1: Alameda22 (big blind) folded before Flop
Seat 2: Leucetios folded before Flop (didn't bet)
Seat 3: snorlax_zzz collected ($2.15)
Seat 4: MEFO1964 folded before Flop (didn't bet)
Seat 5: Martish folded before Flop (didn't bet)
Seat 6: enright3060 folded before Flop (didn't bet)
Seat 7: omar_braves folded before Flop (didn't bet)
Seat 8: k030101 (button) folded before Flop (didn't bet)
Seat 9: cwebb81 (small blind) folded on the Flop



PokerStars Game #19827620079:  Hold'em No Limit ($0.10/$0.25) - 2008/08/23 - 01:49:41 (ET)
Table 'Miram' 9-max Seat #9 is the button
Seat 1: Alameda22 ($27.15 in chips) 
Seat 2: Leucetios ($5.60 in chips) 
Seat 3: snorlax_zzz ($44.25 in chips) 
Seat 4: MEFO1964 ($24.95 in chips) 
Seat 5: Martish ($11 in chips) 
Seat 6: enright3060 ($20.95 in chips) 
Seat 7: omar_braves ($24.65 in chips) 
Seat 8: k030101 ($22.35 in chips) 
Seat 9: cwebb81 ($23.15 in chips) 
Alameda22: posts small blind $0.10
Leucetios: posts big blind $0.25
*** HOLE CARDS ***
Dealt to Alameda22 [2c Ks]
snorlax_zzz: calls $0.25
MEFO1964: folds 
Martish: raises $0.25 to $0.50
enright3060: folds 
omar_braves: folds 
k030101: folds 
cwebb81: raises $0.50 to $1
Alameda22: folds 
Leucetios: folds 
snorlax_zzz: folds 
Martish: calls $0.50
*** FLOP *** [Kh 7d 5c]
Martish: bets $1
cwebb81: calls $1
*** TURN *** [Kh 7d 5c] [8h]
Martish: bets $0.25
cwebb81: calls $0.25
*** RIVER *** [Kh 7d 5c 8h] [Qs]
Martish: bets $0.25
cwebb81: calls $0.25
*** SHOW DOWN ***
Martish: shows [4s 4d] (a pair of Fours)
cwebb81: shows [Th Td] (a pair of Tens)
cwebb81 collected $5.35 from pot
*** SUMMARY ***
Total pot $5.60 | Rake $0.25 
Board [Kh 7d 5c 8h Qs]
Seat 1: Alameda22 (small blind) folded before Flop
Seat 2: Leucetios (big blind) folded before Flop
Seat 3: snorlax_zzz folded before Flop
Seat 4: MEFO1964 folded before Flop (didn't bet)
Seat 5: Martish showed [4s 4d] and lost with a pair of Fours
Seat 6: enright3060 folded before Flop (didn't bet)
Seat 7: omar_braves folded before Flop (didn't bet)
Seat 8: k030101 folded before Flop (didn't bet)
Seat 9: cwebb81 (button) showed [Th Td] and won ($5.35) with a pair of Tens



PokerStars Game #19827639236:  Hold'em No Limit ($0.10/$0.25) - 2008/08/23 - 01:51:04 (ET)
Table 'Miram' 9-max Seat #1 is the button
Seat 1: Alameda22 ($27.05 in chips) 
Seat 2: Leucetios ($5.35 in chips) 
Seat 3: snorlax_zzz ($44 in chips) 
Seat 4: MEFO1964 ($24.95 in chips) 
Seat 5: Martish ($8.50 in chips) 
Seat 6: enright3060 ($20.95 in chips) 
Seat 7: omar_braves ($24.65 in chips) 
Seat 8: k030101 ($22.35 in chips) 
Seat 9: cwebb81 ($26 in chips) 
Leucetios: posts small blind $0.10
snorlax_zzz: posts big blind $0.25
*** HOLE CARDS ***
Dealt to Alameda22 [8d Kc]
MEFO1964: folds 
Martish: calls $0.25
enright3060: folds 
omar_braves: folds 
k030101: folds 
cwebb81: raises $0.75 to $1
Alameda22: folds 
Leucetios: folds 
snorlax_zzz: folds 
Martish: calls $0.75
*** FLOP *** [6h 2s 5h]
Martish: checks 
cwebb81: bets $1
Martish: folds 
Uncalled bet ($1) returned to cwebb81
cwebb81 collected $2.25 from pot
*** SUMMARY ***
Total pot $2.35 | Rake $0.10 
Board [6h 2s 5h]
Seat 1: Alameda22 (button) folded before Flop (didn't bet)
Seat 2: Leucetios (small blind) folded before Flop
Seat 3: snorlax_zzz (big blind) folded before Flop
Seat 4: MEFO1964 folded before Flop (didn't bet)
Seat 5: Martish folded on the Flop
Seat 6: enright3060 folded before Flop (didn't bet)
Seat 7: omar_braves folded before Flop (didn't bet)
Seat 8: k030101 folded before Flop (didn't bet)
Seat 9: cwebb81 collected ($2.25)



PokerStars Game #19827652773:  Hold'em No Limit ($0.10/$0.25) - 2008/08/23 - 01:52:03 (ET)
Table 'Miram' 9-max Seat #2 is the button
Seat 1: Alameda22 ($27.05 in chips) 
Seat 2: Leucetios ($5.25 in chips) 
Seat 3: snorlax_zzz ($43.75 in chips) 
Seat 4: MEFO1964 ($24.95 in chips) 
Seat 5: Martish ($7.50 in chips) 
Seat 6: enright3060 ($20.95 in chips) 
Seat 7: omar_braves ($24.65 in chips) 
Seat 8: k030101 ($22.35 in chips) 
Seat 9: cwebb81 ($27.25 in chips) 
snorlax_zzz: posts small blind $0.10
MEFO1964: posts big blind $0.25
*** HOLE CARDS ***
Dealt to Alameda22 [9h 6d]
Martish: calls $0.25
enright3060: folds 
omar_braves: folds 
k030101: folds 
cwebb81: folds 
Alameda22: folds 
Leucetios: folds 
snorlax_zzz: folds 
MEFO1964: checks 
*** FLOP *** [9c 8s 2s]
MEFO1964: checks 
Martish: checks 
*** TURN *** [9c 8s 2s] [7s]
MEFO1964: checks 
Martish: bets $0.25
MEFO1964: folds 
Uncalled bet ($0.25) returned to Martish
Martish collected $0.60 from pot
Martish: doesn't show hand 
*** SUMMARY ***
Total pot $0.60 | Rake $0 
Board [9c 8s 2s 7s]
Seat 1: Alameda22 folded before Flop (didn't bet)
Seat 2: Leucetios (button) folded before Flop (didn't bet)
Seat 3: snorlax_zzz (small blind) folded before Flop
Seat 4: MEFO1964 (big blind) folded on the Turn
Seat 5: Martish collected ($0.60)
Seat 6: enright3060 folded before Flop (didn't bet)
Seat 7: omar_braves folded before Flop (didn't bet)
Seat 8: k030101 folded before Flop (didn't bet)
Seat 9: cwebb81 folded before Flop (didn't bet)



PokerStars Game #19827674805:  Hold'em No Limit ($0.10/$0.25) - 2008/08/23 - 01:53:40 (ET)
Table 'Miram' 9-max Seat #3 is the button
Seat 1: Alameda22 ($27.05 in chips) 
Seat 2: Leucetios ($5.25 in chips) 
Seat 3: snorlax_zzz ($43.65 in chips) 
Seat 4: MEFO1964 ($24.70 in chips) 
Seat 5: Martish ($7.85 in chips) 
Seat 6: enright3060 ($20.95 in chips) 
Seat 7: omar_braves ($24.65 in chips) 
Seat 8: k030101 ($22.35 in chips) 
Seat 9: cwebb81 ($27.25 in chips) 
MEFO1964: posts small blind $0.10
Martish: posts big blind $0.25
*** HOLE CARDS ***
Dealt to Alameda22 [5s 8h]
enright3060: folds 
omar_braves: calls $0.25
k030101: folds 
cwebb81: raises $0.75 to $1
Alameda22: folds 
Leucetios: folds 
snorlax_zzz: folds 
MEFO1964: folds 
Martish: folds 
omar_braves: calls $0.75
*** FLOP *** [Tc Jc 2d]
omar_braves: checks 
cwebb81: bets $1
omar_braves: folds 
Uncalled bet ($1) returned to cwebb81
cwebb81 collected $2.25 from pot
cwebb81: doesn't show hand 
*** SUMMARY ***
Total pot $2.35 | Rake $0.10 
Board [Tc Jc 2d]
Seat 1: Alameda22 folded before Flop (didn't bet)
Seat 2: Leucetios folded before Flop (didn't bet)
Seat 3: snorlax_zzz (button) folded before Flop (didn't bet)
Seat 4: MEFO1964 (small blind) folded before Flop
Seat 5: Martish (big blind) folded before Flop
Seat 6: enright3060 folded before Flop (didn't bet)
Seat 7: omar_braves folded on the Flop
Seat 8: k030101 folded before Flop (didn't bet)
Seat 9: cwebb81 collected ($2.25)



PokerStars Game #19827685726:  Hold'em No Limit ($0.10/$0.25) - 2008/08/23 - 01:54:28 (ET)
Table 'Miram' 9-max Seat #4 is the button
Seat 1: Alameda22 ($27.05 in chips) 
Seat 2: Leucetios ($5.25 in chips) 
Seat 3: snorlax_zzz ($43.65 in chips) 
Seat 4: MEFO1964 ($24.60 in chips) 
Seat 5: Martish ($7.60 in chips) 
Seat 6: enright3060 ($20.95 in chips) 
Seat 7: omar_braves ($25 in chips) 
Seat 8: k030101 ($22.35 in chips) 
Seat 9: cwebb81 ($28.50 in chips) 
Martish: posts small blind $0.10
enright3060: posts big blind $0.25
*** HOLE CARDS ***
Dealt to Alameda22 [9s Ts]
omar_braves: folds 
k030101: raises $1.25 to $1.50
cwebb81: folds 
Alameda22: folds 
Leucetios: folds 
snorlax_zzz: folds 
MEFO1964: folds 
Martish: folds 
enright3060: folds 
Uncalled bet ($1.25) returned to k030101
k030101 collected $0.60 from pot
k030101: doesn't show hand 
*** SUMMARY ***
Total pot $0.60 | Rake $0 
Seat 1: Alameda22 folded before Flop (didn't bet)
Seat 2: Leucetios folded before Flop (didn't bet)
Seat 3: snorlax_zzz folded before Flop (didn't bet)
Seat 4: MEFO1964 (button) folded before Flop (didn't bet)
Seat 5: Martish (small blind) folded before Flop
Seat 6: enright3060 (big blind) folded before Flop
Seat 7: omar_braves folded before Flop (didn't bet)
Seat 8: k030101 collected ($0.60)
Seat 9: cwebb81 folded before Flop (didn't bet)



PokerStars Game #19827695880:  Hold'em No Limit ($0.10/$0.25) - 2008/08/23 - 01:55:13 (ET)
Table 'Miram' 9-max Seat #5 is the button
Seat 1: Alameda22 ($27.05 in chips) 
Seat 2: Leucetios ($5.25 in chips) 
Seat 3: snorlax_zzz ($43.65 in chips) 
Seat 4: MEFO1964 ($24.60 in chips) 
Seat 5: Martish ($7.50 in chips) 
Seat 6: enright3060 ($20.70 in chips) 
Seat 7: omar_braves ($25 in chips) 
Seat 8: k030101 ($22.70 in chips) 
Seat 9: cwebb81 ($28.50 in chips) 
enright3060: posts small blind $0.10
omar_braves: posts big blind $0.25
*** HOLE CARDS ***
Dealt to Alameda22 [Js 4d]
k030101: folds 
cwebb81: calls $0.25
Alameda22: folds 
Leucetios: folds 
snorlax_zzz: folds 
MEFO1964: folds 
Martish: folds 
enright3060: folds 
omar_braves: checks 
*** FLOP *** [6c 8d Qc]
omar_braves: checks 
cwebb81: checks 
*** TURN *** [6c 8d Qc] [7s]
omar_braves: bets $0.50
cwebb81: folds 
Uncalled bet ($0.50) returned to omar_braves
omar_braves collected $0.60 from pot
*** SUMMARY ***
Total pot $0.60 | Rake $0 
Board [6c 8d Qc 7s]
Seat 1: Alameda22 folded before Flop (didn't bet)
Seat 2: Leucetios folded before Flop (didn't bet)
Seat 3: snorlax_zzz folded before Flop (didn't bet)
Seat 4: MEFO1964 folded before Flop (didn't bet)
Seat 5: Martish (button) folded before Flop (didn't bet)
Seat 6: enright3060 (small blind) folded before Flop
Seat 7: omar_braves (big blind) collected ($0.60)
Seat 8: k030101 folded before Flop (didn't bet)
Seat 9: cwebb81 folded on the Turn



PokerStars Game #19827706129:  Hold'em No Limit ($0.10/$0.25) - 2008/08/23 - 01:55:59 (ET)
Table 'Miram' 9-max Seat #6 is the button
Seat 1: Alameda22 ($27.05 in chips) 
Seat 2: Leucetios ($5.25 in chips) 
Seat 3: snorlax_zzz ($43.65 in chips) 
Seat 4: MEFO1964 ($24.60 in chips) 
Seat 5: Martish ($7.50 in chips) 
Seat 6: enright3060 ($20.60 in chips) 
Seat 7: omar_braves ($25.35 in chips) 
Seat 8: k030101 ($22.70 in chips) 
Seat 9: cwebb81 ($28.25 in chips) 
omar_braves: posts small blind $0.10
k030101: posts big blind $0.25
*** HOLE CARDS ***
Dealt to Alameda22 [9c 9d]
cwebb81: calls $0.25
Alameda22: calls $0.25
Leucetios: folds 
snorlax_zzz: folds 
MEFO1964: folds 
Martish: calls $0.25
enright3060: calls $0.25
omar_braves: folds 
k030101: checks 
*** FLOP *** [6c 4h Td]
k030101: checks 
cwebb81: checks 
Alameda22: checks 
Martish: checks 
enright3060: checks 
*** TURN *** [6c 4h Td] [7d]
k030101: bets $0.50
cwebb81: folds 
Alameda22: folds 
Martish: folds 
enright3060: folds 
Uncalled bet ($0.50) returned to k030101
k030101 collected $1.30 from pot
k030101: doesn't show hand 
*** SUMMARY ***
Total pot $1.35 | Rake $0.05 
Board [6c 4h Td 7d]
Seat 1: Alameda22 folded on the Turn
Seat 2: Leucetios folded before Flop (didn't bet)
Seat 3: snorlax_zzz folded before Flop (didn't bet)
Seat 4: MEFO1964 folded before Flop (didn't bet)
Seat 5: Martish folded on the Turn
Seat 6: enright3060 (button) folded on the Turn
Seat 7: omar_braves (small blind) folded before Flop
Seat 8: k030101 (big blind) collected ($1.30)
Seat 9: cwebb81 folded on the Turn



PokerStars Game #19827733142:  Hold'em No Limit ($0.10/$0.25) - 2008/08/23 - 01:57:59 (ET)
Table 'Miram' 9-max Seat #7 is the button
Seat 1: Alameda22 ($26.80 in chips) 
Seat 2: Leucetios ($5.25 in chips) 
Seat 3: snorlax_zzz ($43.65 in chips) 
Seat 4: MEFO1964 ($24.60 in chips) 
Seat 5: Martish ($7.25 in chips) 
Seat 6: enright3060 ($20.35 in chips) 
Seat 7: omar_braves ($25.25 in chips) 
Seat 8: k030101 ($23.75 in chips) 
Seat 9: cwebb81 ($28 in chips) 
k030101: posts small blind $0.10
cwebb81: posts big blind $0.25
*** HOLE CARDS ***
Dealt to Alameda22 [5c Th]
Alameda22: folds 
Leucetios: folds 
snorlax_zzz: folds 
MEFO1964: folds 
Martish: calls $0.25
enright3060: folds 
omar_braves: folds 
k030101: folds 
cwebb81: checks 
*** FLOP *** [Ad 4h 7s]
cwebb81: checks 
Martish: bets $1
cwebb81: folds 
Uncalled bet ($1) returned to Martish
Martish collected $0.60 from pot
Martish: doesn't show hand 
*** SUMMARY ***
Total pot $0.60 | Rake $0 
Board [Ad 4h 7s]
Seat 1: Alameda22 folded before Flop (didn't bet)
Seat 2: Leucetios folded before Flop (didn't bet)
Seat 3: snorlax_zzz folded before Flop (didn't bet)
Seat 4: MEFO1964 folded before Flop (didn't bet)
Seat 5: Martish collected ($0.60)
Seat 6: enright3060 folded before Flop (didn't bet)
Seat 7: omar_braves (button) folded before Flop (didn't bet)
Seat 8: k030101 (small blind) folded before Flop
Seat 9: cwebb81 (big blind) folded on the Flop



PokerStars Game #19827744065:  Hold'em No Limit ($0.10/$0.25) - 2008/08/23 - 01:58:48 (ET)
Table 'Miram' 9-max Seat #8 is the button
Seat 1: Alameda22 ($26.80 in chips) 
Seat 2: Leucetios ($5.25 in chips) 
Seat 3: snorlax_zzz ($43.65 in chips) 
Seat 4: MEFO1964 ($24.60 in chips) 
Seat 5: Martish ($7.60 in chips) 
Seat 6: enright3060 ($20.35 in chips) 
Seat 7: omar_braves ($25.25 in chips) 
Seat 8: k030101 ($23.65 in chips) 
Seat 9: cwebb81 ($27.75 in chips) 
cwebb81: posts small blind $0.10
Alameda22: posts big blind $0.25
*** HOLE CARDS ***
Dealt to Alameda22 [Ts 6h]
Leucetios: folds 
snorlax_zzz: folds 
MEFO1964: folds 
Martish: calls $0.25
enright3060: folds 
omar_braves: folds 
k030101: folds 
cwebb81: calls $0.15
Alameda22: checks 
*** FLOP *** [2c 9d 2h]
cwebb81: checks 
Alameda22: checks 
Martish: checks 
*** TURN *** [2c 9d 2h] [7c]
cwebb81: checks 
Alameda22: checks 
Martish: checks 
*** RIVER *** [2c 9d 2h 7c] [Js]
cwebb81: checks 
Alameda22: checks 
Martish: bets $0.25
cwebb81: folds 
Alameda22: folds 
Uncalled bet ($0.25) returned to Martish
Martish collected $0.75 from pot
Martish: doesn't show hand 
*** SUMMARY ***
Total pot $0.75 | Rake $0 
Board [2c 9d 2h 7c Js]
Seat 1: Alameda22 (big blind) folded on the River
Seat 2: Leucetios folded before Flop (didn't bet)
Seat 3: snorlax_zzz folded before Flop (didn't bet)
Seat 4: MEFO1964 folded before Flop (didn't bet)
Seat 5: Martish collected ($0.75)
Seat 6: enright3060 folded before Flop (didn't bet)
Seat 7: omar_braves folded before Flop (didn't bet)
Seat 8: k030101 (button) folded before Flop (didn't bet)
Seat 9: cwebb81 (small blind) folded on the River



PokerStars Game #19827762172:  Hold'em No Limit ($0.10/$0.25) - 2008/08/23 - 02:00:09 (ET)
Table 'Miram' 9-max Seat #9 is the button
Seat 1: Alameda22 ($26.55 in chips) 
Seat 2: Leucetios ($5.25 in chips) 
Seat 3: snorlax_zzz ($43.65 in chips) 
Seat 4: MEFO1964 ($24.60 in chips) 
Seat 5: Martish ($8.10 in chips) 
Seat 6: enright3060 ($20.35 in chips) 
Seat 7: omar_braves ($25.25 in chips) 
Seat 8: k030101 ($23.65 in chips) 
Seat 9: cwebb81 ($27.50 in chips) 
Alameda22: posts small blind $0.10
Leucetios: posts big blind $0.25
*** HOLE CARDS ***
Dealt to Alameda22 [2d 4c]
snorlax_zzz: calls $0.25
MEFO1964: folds 
Martish: calls $0.25
enright3060: folds 
omar_braves: calls $0.25
k030101: folds 
cwebb81: calls $0.25
Alameda22: folds 
Leucetios: checks 
*** FLOP *** [6s 4s 7d]
Leucetios: checks 
snorlax_zzz: checks 
Martish: bets $0.25
omar_braves: calls $0.25
cwebb81: folds 
Leucetios: calls $0.25
snorlax_zzz: folds 
*** TURN *** [6s 4s 7d] [9h]
Leucetios: checks 
Martish: bets $0.25
omar_braves: folds 
Leucetios: calls $0.25
*** RIVER *** [6s 4s 7d 9h] [3h]
Leucetios: checks 
Martish: checks 
*** SHOW DOWN ***
Leucetios: shows [Ks 3s] (a pair of Threes)
Martish: shows [Ad 6h] (a pair of Sixes)
Martish collected $2.50 from pot
*** SUMMARY ***
Total pot $2.60 | Rake $0.10 
Board [6s 4s 7d 9h 3h]
Seat 1: Alameda22 (small blind) folded before Flop
Seat 2: Leucetios (big blind) showed [Ks 3s] and lost with a pair of Threes
Seat 3: snorlax_zzz folded on the Flop
Seat 4: MEFO1964 folded before Flop (didn't bet)
Seat 5: Martish showed [Ad 6h] and won ($2.50) with a pair of Sixes
Seat 6: enright3060 folded before Flop (didn't bet)
Seat 7: omar_braves folded on the Turn
Seat 8: k030101 folded before Flop (didn't bet)
Seat 9: cwebb81 (button) folded on the Flop



PokerStars Game #19827783725:  Hold'em No Limit ($0.10/$0.25) - 2008/08/23 - 02:01:46 (ET)
Table 'Miram' 9-max Seat #1 is the button
Seat 1: Alameda22 ($26.45 in chips) 
Seat 2: Leucetios ($5 in chips) 
Seat 3: snorlax_zzz ($43.40 in chips) 
Seat 4: MEFO1964 ($24.60 in chips) 
Seat 5: Martish ($9.85 in chips) 
Seat 6: enright3060 ($20.35 in chips) 
Seat 7: omar_braves ($24.75 in chips) 
Seat 8: k030101 ($23.65 in chips) 
Seat 9: cwebb81 ($27.25 in chips) 
Leucetios: posts small blind $0.10
snorlax_zzz: posts big blind $0.25
*** HOLE CARDS ***
Dealt to Alameda22 [2c 9s]
MEFO1964: folds 
Martish: folds 
enright3060: folds 
omar_braves: folds 
k030101: folds 
cwebb81: raises $0.50 to $0.75
Alameda22: folds 
Leucetios: folds 
snorlax_zzz: folds 
Uncalled bet ($0.50) returned to cwebb81
cwebb81 collected $0.60 from pot
*** SUMMARY ***
Total pot $0.60 | Rake $0 
Seat 1: Alameda22 (button) folded before Flop (didn't bet)
Seat 2: Leucetios (small blind) folded before Flop
Seat 3: snorlax_zzz (big blind) folded before Flop
Seat 4: MEFO1964 folded before Flop (didn't bet)
Seat 5: Martish folded before Flop (didn't bet)
Seat 6: enright3060 folded before Flop (didn't bet)
Seat 7: omar_braves folded before Flop (didn't bet)
Seat 8: k030101 folded before Flop (didn't bet)
Seat 9: cwebb81 collected ($0.60)



PokerStars Game #19827797447:  Hold'em No Limit ($0.10/$0.25) - 2008/08/23 - 02:02:48 (ET)
Table 'Miram' 9-max Seat #2 is the button
Seat 1: Alameda22 ($26.45 in chips) 
Seat 2: Leucetios ($4.90 in chips) 
Seat 3: snorlax_zzz ($43.15 in chips) 
Seat 4: MEFO1964 ($24.60 in chips) 
Seat 5: Martish ($9.85 in chips) 
Seat 6: enright3060 ($20.35 in chips) 
Seat 7: omar_braves ($24.75 in chips) 
Seat 8: k030101 ($23.65 in chips) 
Seat 9: cwebb81 ($27.60 in chips) 
snorlax_zzz: posts small blind $0.10
MEFO1964: posts big blind $0.25
*** HOLE CARDS ***
Dealt to Alameda22 [9s 5c]
Martish: folds 
enright3060: folds 
Martish leaves the table
omar_braves: folds 
k030101: folds 
cwebb81: raises $0.75 to $1
Alameda22: folds 
Leucetios: folds 
snorlax_zzz: calls $0.90
MEFO1964: calls $0.75
*** FLOP *** [7c Kh 5s]
snorlax_zzz: bets $2.50
MEFO1964: folds 
cwebb81: raises $5 to $7.50
snorlax_zzz: calls $5
*** TURN *** [7c Kh 5s] [Qs]
k030101 leaves the table
snorlax_zzz: bets $10.25
cwebb81 said, "ak"
cwebb81: folds 
Uncalled bet ($10.25) returned to snorlax_zzz
snorlax_zzz collected $17.15 from pot
snorlax_zzz: doesn't show hand 
*** SUMMARY ***
Total pot $18 | Rake $0.85 
Board [7c Kh 5s Qs]
Seat 1: Alameda22 folded before Flop (didn't bet)
Seat 2: Leucetios (button) folded before Flop (didn't bet)
Seat 3: snorlax_zzz (small blind) collected ($17.15)
Seat 4: MEFO1964 (big blind) folded on the Flop
Seat 5: Martish folded before Flop (didn't bet)
Seat 6: enright3060 folded before Flop (didn't bet)
Seat 7: omar_braves folded before Flop (didn't bet)
Seat 8: k030101 folded before Flop (didn't bet)
Seat 9: cwebb81 folded on the Turn



PokerStars Game #19827823208:  Hold'em No Limit ($0.10/$0.25) - 2008/08/23 - 02:04:45 (ET)
Table 'Miram' 9-max Seat #3 is the button
Seat 1: Alameda22 ($26.45 in chips) 
Seat 2: Leucetios ($4.90 in chips) 
Seat 3: snorlax_zzz ($51.80 in chips) 
Seat 4: MEFO1964 ($23.60 in chips) 
Seat 6: enright3060 ($20.35 in chips) 
Seat 7: omar_braves ($24.75 in chips) 
Seat 9: cwebb81 ($19.10 in chips) 
MEFO1964: posts small blind $0.10
enright3060: posts big blind $0.25
*** HOLE CARDS ***
Dealt to Alameda22 [6s Qh]
omar_braves: folds 
cwebb81: folds 
Alameda22: folds 
Leucetios: folds 
snorlax_zzz: folds 
MEFO1964: calls $0.15
enright3060: checks 
*** FLOP *** [Js Ks 8c]
MEFO1964: checks 
enright3060: checks 
*** TURN *** [Js Ks 8c] [Jd]
MEFO1964: checks 
enright3060: checks 
*** RIVER *** [Js Ks 8c Jd] [6h]
MEFO1964: checks 
enright3060: checks 
*** SHOW DOWN ***
MEFO1964: shows [7s Ad] (a pair of Jacks)
enright3060: mucks hand 
MEFO1964 collected $0.50 from pot
*** SUMMARY ***
Total pot $0.50 | Rake $0 
Board [Js Ks 8c Jd 6h]
Seat 1: Alameda22 folded before Flop (didn't bet)
Seat 2: Leucetios folded before Flop (didn't bet)
Seat 3: snorlax_zzz (button) folded before Flop (didn't bet)
Seat 4: MEFO1964 (small blind) showed [7s Ad] and won ($0.50) with a pair of Jacks
Seat 6: enright3060 (big blind) mucked [Qc 2d]
Seat 7: omar_braves folded before Flop (didn't bet)
Seat 9: cwebb81 folded before Flop (didn't bet)



PokerStars Game #19827835977:  Hold'em No Limit ($0.10/$0.25) - 2008/08/23 - 02:05:43 (ET)
Table 'Miram' 9-max Seat #4 is the button
Seat 1: Alameda22 ($26.45 in chips) 
Seat 2: Leucetios ($5.25 in chips) 
Seat 3: snorlax_zzz ($51.80 in chips) 
Seat 4: MEFO1964 ($23.85 in chips) 
Seat 6: enright3060 ($20.10 in chips) 
Seat 7: omar_braves ($24.75 in chips) 
Seat 9: cwebb81 ($19.10 in chips) 
enright3060: posts small blind $0.10
omar_braves: posts big blind $0.25
*** HOLE CARDS ***
Dealt to Alameda22 [8c 3h]
cwebb81: folds 
Alameda22: folds 
Leucetios: folds 
snorlax_zzz: folds 
MEFO1964: calls $0.25
enright3060: calls $0.15
omar_braves: checks 
*** FLOP *** [5c Ts 4s]
enright3060: checks 
omar_braves: checks 
MEFO1964: checks 
*** TURN *** [5c Ts 4s] [Ah]
enright3060: checks 
omar_braves: checks 
MEFO1964: bets $0.75
enright3060: calls $0.75
omar_braves: calls $0.75
*** RIVER *** [5c Ts 4s Ah] [Td]
enright3060: checks 
omar_braves: checks 
MEFO1964: checks 
*** SHOW DOWN ***
enright3060: shows [6s Ks] (a pair of Tens)
omar_braves: mucks hand 
MEFO1964: shows [3d Ad] (two pair, Aces and Tens)
MEFO1964 collected $2.85 from pot
*** SUMMARY ***
Total pot $3 | Rake $0.15 
Board [5c Ts 4s Ah Td]
Seat 1: Alameda22 folded before Flop (didn't bet)
Seat 2: Leucetios folded before Flop (didn't bet)
Seat 3: snorlax_zzz folded before Flop (didn't bet)
Seat 4: MEFO1964 (button) showed [3d Ad] and won ($2.85) with two pair, Aces and Tens
Seat 6: enright3060 (small blind) showed [6s Ks] and lost with a pair of Tens
Seat 7: omar_braves (big blind) mucked [8s 9s]
Seat 9: cwebb81 folded before Flop (didn't bet)



PokerStars Game #19827853725:  Hold'em No Limit ($0.10/$0.25) - 2008/08/23 - 02:07:04 (ET)
Table 'Miram' 9-max Seat #6 is the button
Seat 1: Alameda22 ($26.45 in chips) 
Seat 2: Leucetios ($5.25 in chips) 
Seat 3: snorlax_zzz ($51.80 in chips) 
Seat 4: MEFO1964 ($25.70 in chips) 
Seat 6: enright3060 ($19.10 in chips) 
Seat 7: omar_braves ($23.75 in chips) 
Seat 9: cwebb81 ($19.10 in chips) 
omar_braves: posts small blind $0.10
cwebb81: posts big blind $0.25
*** HOLE CARDS ***
Dealt to Alameda22 [Ts 7h]
Alameda22: folds 
Leucetios: raises $0.75 to $1
snorlax_zzz: folds 
MEFO1964: folds 
enright3060: folds 
omar_braves: folds 
cwebb81: folds 
Uncalled bet ($0.75) returned to Leucetios
Leucetios collected $0.60 from pot
Leucetios: doesn't show hand 
*** SUMMARY ***
Total pot $0.60 | Rake $0 
Seat 1: Alameda22 folded before Flop (didn't bet)
Seat 2: Leucetios collected ($0.60)
Seat 3: snorlax_zzz folded before Flop (didn't bet)
Seat 4: MEFO1964 folded before Flop (didn't bet)
Seat 6: enright3060 (button) folded before Flop (didn't bet)
Seat 7: omar_braves (small blind) folded before Flop
Seat 9: cwebb81 (big blind) folded before Flop



PokerStars Game #19827861700:  Hold'em No Limit ($0.10/$0.25) - 2008/08/23 - 02:07:41 (ET)
Table 'Miram' 9-max Seat #7 is the button
Seat 1: Alameda22 ($26.45 in chips) 
Seat 2: Leucetios ($5.60 in chips) 
Seat 3: snorlax_zzz ($51.80 in chips) 
Seat 4: MEFO1964 ($25.70 in chips) 
Seat 6: enright3060 ($19.10 in chips) 
Seat 7: omar_braves ($23.65 in chips) 
Seat 9: cwebb81 ($18.85 in chips) 
cwebb81: posts small blind $0.10
Alameda22: posts big blind $0.25
*** HOLE CARDS ***
Dealt to Alameda22 [4d Js]
Leucetios: folds 
snorlax_zzz: folds 
MEFO1964: folds 
enright3060: folds 
omar_braves: folds 
cwebb81: folds 
Uncalled bet ($0.15) returned to Alameda22
Alameda22 collected $0.20 from pot
Alameda22: doesn't show hand 
*** SUMMARY ***
Total pot $0.20 | Rake $0 
Seat 1: Alameda22 (big blind) collected ($0.20)
Seat 2: Leucetios folded before Flop (didn't bet)
Seat 3: snorlax_zzz folded before Flop (didn't bet)
Seat 4: MEFO1964 folded before Flop (didn't bet)
Seat 6: enright3060 folded before Flop (didn't bet)
Seat 7: omar_braves (button) folded before Flop (didn't bet)
Seat 9: cwebb81 (small blind) folded before Flop



PokerStars Game #19827869805:  Hold'em No Limit ($0.10/$0.25) - 2008/08/23 - 02:08:18 (ET)
Table 'Miram' 9-max Seat #9 is the button
Seat 1: Alameda22 ($26.55 in chips) 
Seat 2: Leucetios ($5.60 in chips) 
Seat 3: snorlax_zzz ($51.80 in chips) 
Seat 4: MEFO1964 ($25.70 in chips) 
Seat 6: enright3060 ($19.10 in chips) 
Seat 7: omar_braves ($23.65 in chips) 
Seat 9: cwebb81 ($18.75 in chips) 
Alameda22: posts small blind $0.10
Leucetios: posts big blind $0.25
*** HOLE CARDS ***
Dealt to Alameda22 [As 2d]
snorlax_zzz: raises $0.50 to $0.75
MEFO1964: folds 
enright3060: folds 
omar_braves: calls $0.75
cwebb81: calls $0.75
Alameda22: folds 
Leucetios: folds 
*** FLOP *** [9c 3s 5d]
snorlax_zzz: bets $1.50
omar_braves: folds 
cwebb81: folds 
Uncalled bet ($1.50) returned to snorlax_zzz
snorlax_zzz collected $2.50 from pot
snorlax_zzz: doesn't show hand 
*** SUMMARY ***
Total pot $2.60 | Rake $0.10 
Board [9c 3s 5d]
Seat 1: Alameda22 (small blind) folded before Flop
Seat 2: Leucetios (big blind) folded before Flop
Seat 3: snorlax_zzz collected ($2.50)
Seat 4: MEFO1964 folded before Flop (didn't bet)
Seat 6: enright3060 folded before Flop (didn't bet)
Seat 7: omar_braves folded on the Flop
Seat 9: cwebb81 (button) folded on the Flop



PokerStars Game #19827882402:  Hold'em No Limit ($0.10/$0.25) - 2008/08/23 - 02:09:16 (ET)
Table 'Miram' 9-max Seat #1 is the button
Seat 1: Alameda22 ($26.45 in chips) 
Seat 2: Leucetios ($5.35 in chips) 
Seat 3: snorlax_zzz ($53.55 in chips) 
Seat 4: MEFO1964 ($25.70 in chips) 
Seat 6: enright3060 ($19.10 in chips) 
Seat 7: omar_braves ($22.90 in chips) 
Seat 9: cwebb81 ($18 in chips) 
Leucetios: posts small blind $0.10
snorlax_zzz: posts big blind $0.25
*** HOLE CARDS ***
Dealt to Alameda22 [Ad 8c]
MEFO1964: folds 
enright3060: folds 
omar_braves: folds 
cwebb81: folds 
Alameda22: folds 
Leucetios: folds 
Uncalled bet ($0.15) returned to snorlax_zzz
snorlax_zzz collected $0.20 from pot
snorlax_zzz: doesn't show hand 
*** SUMMARY ***
Total pot $0.20 | Rake $0 
Seat 1: Alameda22 (button) folded before Flop (didn't bet)
Seat 2: Leucetios (small blind) folded before Flop
Seat 3: snorlax_zzz (big blind) collected ($0.20)
Seat 4: MEFO1964 folded before Flop (didn't bet)
Seat 6: enright3060 folded before Flop (didn't bet)
Seat 7: omar_braves folded before Flop (didn't bet)
Seat 9: cwebb81 folded before Flop (didn't bet)



PokerStars Game #19827893545:  Hold'em No Limit ($0.10/$0.25) - 2008/08/23 - 02:10:10 (ET)
Table 'Miram' 9-max Seat #2 is the button
Seat 1: Alameda22 ($26.45 in chips) 
Seat 2: Leucetios ($5.25 in chips) 
Seat 3: snorlax_zzz ($53.65 in chips) 
Seat 4: MEFO1964 ($25.70 in chips) 
Seat 6: enright3060 ($19.10 in chips) 
Seat 7: omar_braves ($22.90 in chips) 
Seat 9: cwebb81 ($18 in chips) 
snorlax_zzz: posts small blind $0.10
MEFO1964: posts big blind $0.25
*** HOLE CARDS ***
Dealt to Alameda22 [9c 2c]
enright3060: folds 
omar_braves: folds 
cwebb81: folds 
Alameda22: folds 
Leucetios: folds 
snorlax_zzz: folds 
Uncalled bet ($0.15) returned to MEFO1964
MEFO1964 collected $0.20 from pot
MEFO1964: doesn't show hand 
*** SUMMARY ***
Total pot $0.20 | Rake $0 
Seat 1: Alameda22 folded before Flop (didn't bet)
Seat 2: Leucetios (button) folded before Flop (didn't bet)
Seat 3: snorlax_zzz (small blind) folded before Flop
Seat 4: MEFO1964 (big blind) collected ($0.20)
Seat 6: enright3060 folded before Flop (didn't bet)
Seat 7: omar_braves folded before Flop (didn't bet)
Seat 9: cwebb81 folded before Flop (didn't bet)



PokerStars Game #19827901257:  Hold'em No Limit ($0.10/$0.25) - 2008/08/23 - 02:10:46 (ET)
Table 'Miram' 9-max Seat #3 is the button
Seat 1: Alameda22 ($26.45 in chips) 
Seat 2: Leucetios ($5.25 in chips) 
Seat 3: snorlax_zzz ($53.55 in chips) 
Seat 4: MEFO1964 ($25.80 in chips) 
Seat 6: enright3060 ($19.10 in chips) 
Seat 7: omar_braves ($22.90 in chips) 
Seat 9: cwebb81 ($18 in chips) 
MEFO1964: posts small blind $0.10
enright3060: posts big blind $0.25
*** HOLE CARDS ***
Dealt to Alameda22 [3c 4c]
omar_braves: calls $0.25
cwebb81: folds 
cwebb81 leaves the table
Alameda22: folds 
Leucetios: raises $1 to $1.25
snorlax_zzz: calls $1.25
reg83000 joins the table at seat #9 
MEFO1964: folds 
enright3060: folds 
omar_braves: folds 
*** FLOP *** [6h Js 6c]
Leucetios: bets $2.70
snorlax_zzz: raises $2.70 to $5.40
Leucetios: calls $1.30 and is all-in
Uncalled bet ($1.40) returned to snorlax_zzz
*** TURN *** [6h Js 6c] [7c]
*** RIVER *** [6h Js 6c 7c] [Ks]
*** SHOW DOWN ***
Leucetios: shows [Tc Td] (two pair, Tens and Sixes)
snorlax_zzz: shows [Qh Qs] (two pair, Queens and Sixes)
snorlax_zzz collected $10.60 from pot
*** SUMMARY ***
Total pot $11.10 | Rake $0.50 
Board [6h Js 6c 7c Ks]
Seat 1: Alameda22 folded before Flop (didn't bet)
Seat 2: Leucetios showed [Tc Td] and lost with two pair, Tens and Sixes
Seat 3: snorlax_zzz (button) showed [Qh Qs] and won ($10.60) with two pair, Queens and Sixes
Seat 4: MEFO1964 (small blind) folded before Flop
Seat 6: enright3060 (big blind) folded before Flop
Seat 7: omar_braves folded before Flop
Seat 9: cwebb81 folded before Flop (didn't bet)



PokerStars Game #19827917018:  Hold'em No Limit ($0.10/$0.25) - 2008/08/23 - 02:12:00 (ET)
Table 'Miram' 9-max Seat #4 is the button
Seat 1: Alameda22 ($26.45 in chips) 
Seat 3: snorlax_zzz ($58.90 in chips) 
Seat 4: MEFO1964 ($25.70 in chips) 
Seat 6: enright3060 ($18.85 in chips) 
Seat 7: omar_braves ($22.80 in chips) 
Seat 9: reg83000 ($25 in chips) 
enright3060: posts small blind $0.10
omar_braves: posts big blind $0.25
reg83000: posts big blind $0.25
*** HOLE CARDS ***
Dealt to Alameda22 [Th 3h]
reg83000: checks 
Leucetios has returned
Alameda22: folds 
snorlax_zzz: calls $0.25
MEFO1964: folds 
enright3060: calls $0.15
omar_braves: checks 
*** FLOP *** [2c 8s 9h]
enright3060: checks 
omar_braves: checks 
reg83000: checks 
snorlax_zzz: checks 
*** TURN *** [2c 8s 9h] [6d]
enright3060: checks 
omar_braves: checks 
reg83000: checks 
snorlax_zzz: checks 
*** RIVER *** [2c 8s 9h 6d] [Ac]
enright3060: checks 
omar_braves: checks 
reg83000: checks 
snorlax_zzz: checks 
*** SHOW DOWN ***
enright3060: shows [6s 7c] (a pair of Sixes)
omar_braves: mucks hand 
reg83000: mucks hand 
snorlax_zzz: mucks hand 
enright3060 collected $0.95 from pot
*** SUMMARY ***
Total pot $1 | Rake $0.05 
Board [2c 8s 9h 6d Ac]
Seat 1: Alameda22 folded before Flop (didn't bet)
Seat 3: snorlax_zzz mucked [Kh Td]
Seat 4: MEFO1964 (button) folded before Flop (didn't bet)
Seat 6: enright3060 (small blind) showed [6s 7c] and won ($0.95) with a pair of Sixes
Seat 7: omar_braves (big blind) mucked [4c Tc]
Seat 9: reg83000 mucked [Qs Jc]



PokerStars Game #19827936569:  Hold'em No Limit ($0.10/$0.25) - 2008/08/23 - 02:13:32 (ET)
Table 'Miram' 9-max Seat #6 is the button
Seat 1: Alameda22 ($26.45 in chips) 
Seat 2: Leucetios ($5 in chips) 
Seat 3: snorlax_zzz ($58.65 in chips) 
Seat 4: MEFO1964 ($25.70 in chips) 
Seat 6: enright3060 ($19.55 in chips) 
Seat 7: omar_braves ($22.55 in chips) 
Seat 9: reg83000 ($24.75 in chips) 
omar_braves: posts small blind $0.10
reg83000: posts big blind $0.25
*** HOLE CARDS ***
Dealt to Alameda22 [Jc 2s]
Alameda22: folds 
Leucetios: folds 
snorlax_zzz: folds 
MEFO1964: calls $0.25
enright3060: folds 
omar_braves: folds 
reg83000: checks 
*** FLOP *** [5d 3s 9s]
reg83000: checks 
MEFO1964: bets $0.50
reg83000: calls $0.50
*** TURN *** [5d 3s 9s] [Jd]
reg83000: bets $1
MEFO1964: folds 
Uncalled bet ($1) returned to reg83000
reg83000 collected $1.55 from pot
reg83000: doesn't show hand 
*** SUMMARY ***
Total pot $1.60 | Rake $0.05 
Board [5d 3s 9s Jd]
Seat 1: Alameda22 folded before Flop (didn't bet)
Seat 2: Leucetios folded before Flop (didn't bet)
Seat 3: snorlax_zzz folded before Flop (didn't bet)
Seat 4: MEFO1964 folded on the Turn
Seat 6: enright3060 (button) folded before Flop (didn't bet)
Seat 7: omar_braves (small blind) folded before Flop
Seat 9: reg83000 (big blind) collected ($1.55)



PokerStars Game #19827957503:  Hold'em No Limit ($0.10/$0.25) - 2008/08/23 - 02:15:12 (ET)
Table 'Miram' 9-max Seat #7 is the button
Seat 1: Alameda22 ($26.45 in chips) 
Seat 2: Leucetios ($5 in chips) 
Seat 3: snorlax_zzz ($58.65 in chips) 
Seat 4: MEFO1964 ($24.95 in chips) 
Seat 6: enright3060 ($19.55 in chips) 
Seat 7: omar_braves ($22.45 in chips) 
Seat 9: reg83000 ($25.55 in chips) 
reg83000: posts small blind $0.10
Alameda22: posts big blind $0.25
*** HOLE CARDS ***
Dealt to Alameda22 [6c 2d]
Leucetios: folds 
snorlax_zzz: folds 
MEFO1964: folds 
enright3060: folds 
omar_braves: folds 
reg83000: raises $0.50 to $0.75
Alameda22: folds 
Uncalled bet ($0.50) returned to reg83000
reg83000 collected $0.50 from pot
reg83000: doesn't show hand 
*** SUMMARY ***
Total pot $0.50 | Rake $0 
Seat 1: Alameda22 (big blind) folded before Flop
Seat 2: Leucetios folded before Flop (didn't bet)
Seat 3: snorlax_zzz folded before Flop (didn't bet)
Seat 4: MEFO1964 folded before Flop (didn't bet)
Seat 6: enright3060 folded before Flop (didn't bet)
Seat 7: omar_braves (button) folded before Flop (didn't bet)
Seat 9: reg83000 (small blind) collected ($0.50)



PokerStars Game #19827965612:  Hold'em No Limit ($0.10/$0.25) - 2008/08/23 - 02:15:51 (ET)
Table 'Miram' 9-max Seat #9 is the button
Seat 1: Alameda22 ($26.20 in chips) 
Seat 2: Leucetios ($5.35 in chips) 
Seat 3: snorlax_zzz ($58.65 in chips) 
Seat 4: MEFO1964 ($24.95 in chips) 
Seat 6: enright3060 ($19.55 in chips) 
Seat 7: omar_braves ($22.45 in chips) 
Seat 9: reg83000 ($25.80 in chips) 
Alameda22: posts small blind $0.10
Leucetios: posts big blind $0.25
*** HOLE CARDS ***
Dealt to Alameda22 [Qh Td]
snorlax_zzz: calls $0.25
MEFO1964: folds 
enright3060: folds 
omar_braves: folds 
reg83000: calls $0.25
Alameda22: folds 
AtrY joins the table at seat #5 
Leucetios: checks 
*** FLOP *** [9s As 8c]
Leucetios: checks 
snorlax_zzz: checks 
garrymdp joins the table at seat #8 
reg83000: bets $0.75
Leucetios: folds 
snorlax_zzz: calls $0.75
*** TURN *** [9s As 8c] [Js]
snorlax_zzz: bets $2.25
reg83000: calls $2.25
*** RIVER *** [9s As 8c Js] [Qs]
snorlax_zzz: checks 
reg83000: checks 
*** SHOW DOWN ***
snorlax_zzz: shows [Qd Qc] (three of a kind, Queens)
reg83000: mucks hand 
snorlax_zzz collected $6.55 from pot
*** SUMMARY ***
Total pot $6.85 | Rake $0.30 
Board [9s As 8c Js Qs]
Seat 1: Alameda22 (small blind) folded before Flop
Seat 2: Leucetios (big blind) folded on the Flop
Seat 3: snorlax_zzz showed [Qd Qc] and won ($6.55) with three of a kind, Queens
Seat 4: MEFO1964 folded before Flop (didn't bet)
Seat 6: enright3060 folded before Flop (didn't bet)
Seat 7: omar_braves folded before Flop (didn't bet)
Seat 9: reg83000 (button) mucked [Ah 3d]



PokerStars Game #19827982038:  Hold'em No Limit ($0.10/$0.25) - 2008/08/23 - 02:17:11 (ET)
Table 'Miram' 9-max Seat #1 is the button
Seat 1: Alameda22 ($26.10 in chips) 
Seat 2: Leucetios ($5.10 in chips) 
Seat 3: snorlax_zzz ($61.95 in chips) 
Seat 4: MEFO1964 ($24.95 in chips) 
Seat 6: enright3060 ($19.55 in chips) 
Seat 7: omar_braves ($22.45 in chips) 
Seat 9: reg83000 ($22.55 in chips) 
Leucetios: posts small blind $0.10
snorlax_zzz: posts big blind $0.25
AtrY: sits out 
garrymdp: sits out 
*** HOLE CARDS ***
Dealt to Alameda22 [5s Ac]
MEFO1964: folds 
enright3060: folds 
omar_braves: folds 
reg83000: folds 
Alameda22: folds 
Leucetios: folds 
Uncalled bet ($0.15) returned to snorlax_zzz
snorlax_zzz collected $0.20 from pot
snorlax_zzz: doesn't show hand 
*** SUMMARY ***
Total pot $0.20 | Rake $0 
Seat 1: Alameda22 (button) folded before Flop (didn't bet)
Seat 2: Leucetios (small blind) folded before Flop
Seat 3: snorlax_zzz (big blind) collected ($0.20)
Seat 4: MEFO1964 folded before Flop (didn't bet)
Seat 6: enright3060 folded before Flop (didn't bet)
Seat 7: omar_braves folded before Flop (didn't bet)
Seat 9: reg83000 folded before Flop (didn't bet)



PokerStars Game #19827992328:  Hold'em No Limit ($0.10/$0.25) - 2008/08/23 - 02:18:01 (ET)
Table 'Miram' 9-max Seat #2 is the button
Seat 1: Alameda22 ($26.10 in chips) 
Seat 2: Leucetios ($5 in chips) 
Seat 3: snorlax_zzz ($62.05 in chips) 
Seat 4: MEFO1964 ($24.95 in chips) 
Seat 6: enright3060 ($19.55 in chips) 
Seat 7: omar_braves ($22.45 in chips) 
Seat 9: reg83000 ($22.55 in chips) 
snorlax_zzz: posts small blind $0.10
MEFO1964: posts big blind $0.25
AtrY: sits out 
garrymdp: sits out 
*** HOLE CARDS ***
Dealt to Alameda22 [2d Tc]
enright3060: folds 
omar_braves: folds 
reg83000: calls $0.25
Alameda22: folds 
Leucetios: folds 
snorlax_zzz: raises $0.50 to $0.75
MEFO1964: folds 
reg83000: calls $0.50
*** FLOP *** [5c 9c Kd]
snorlax_zzz: bets $1.25
reg83000: folds 
Uncalled bet ($1.25) returned to snorlax_zzz
snorlax_zzz collected $1.70 from pot
snorlax_zzz: doesn't show hand 
*** SUMMARY ***
Total pot $1.75 | Rake $0.05 
Board [5c 9c Kd]
Seat 1: Alameda22 folded before Flop (didn't bet)
Seat 2: Leucetios (button) folded before Flop (didn't bet)
Seat 3: snorlax_zzz (small blind) collected ($1.70)
Seat 4: MEFO1964 (big blind) folded before Flop
Seat 6: enright3060 folded before Flop (didn't bet)
Seat 7: omar_braves folded before Flop (didn't bet)
Seat 9: reg83000 folded on the Flop



PokerStars Game #19828003555:  Hold'em No Limit ($0.10/$0.25) - 2008/08/23 - 02:18:56 (ET)
Table 'Miram' 9-max Seat #3 is the button
Seat 1: Alameda22 ($26.10 in chips) 
Seat 2: Leucetios ($5 in chips) 
Seat 3: snorlax_zzz ($63 in chips) 
Seat 4: MEFO1964 ($24.70 in chips) 
Seat 5: AtrY ($25 in chips) 
Seat 6: enright3060 ($19.55 in chips) 
Seat 7: omar_braves ($22.45 in chips) 
Seat 9: reg83000 ($21.80 in chips) 
MEFO1964: posts small blind $0.10
AtrY: posts big blind $0.25
garrymdp: sits out 
*** HOLE CARDS ***
Dealt to Alameda22 [3h 2c]
enright3060: folds 
omar_braves: folds 
reg83000: calls $0.25
Alameda22: folds 
Leucetios: folds 
snorlax_zzz: folds 
MEFO1964: folds 
AtrY: checks 
*** FLOP *** [9c Qd 9h]
AtrY: checks 
reg83000: bets $0.75
AtrY: folds 
Uncalled bet ($0.75) returned to reg83000
reg83000 collected $0.60 from pot
reg83000: doesn't show hand 
*** SUMMARY ***
Total pot $0.60 | Rake $0 
Board [9c Qd 9h]
Seat 1: Alameda22 folded before Flop (didn't bet)
Seat 2: Leucetios folded before Flop (didn't bet)
Seat 3: snorlax_zzz (button) folded before Flop (didn't bet)
Seat 4: MEFO1964 (small blind) folded before Flop
Seat 5: AtrY (big blind) folded on the Flop
Seat 6: enright3060 folded before Flop (didn't bet)
Seat 7: omar_braves folded before Flop (didn't bet)
Seat 9: reg83000 collected ($0.60)



PokerStars Game #19828015414:  Hold'em No Limit ($0.10/$0.25) - 2008/08/23 - 02:19:54 (ET)
Table 'Miram' 9-max Seat #4 is the button
Seat 1: Alameda22 ($26.10 in chips) 
Seat 2: Leucetios ($5 in chips) 
Seat 3: snorlax_zzz ($63 in chips) 
Seat 4: MEFO1964 ($24.60 in chips) 
Seat 5: AtrY ($24.75 in chips) 
Seat 6: enright3060 ($19.55 in chips) 
Seat 7: omar_braves ($22.45 in chips) 
Seat 9: reg83000 ($22.15 in chips) 
AtrY: posts small blind $0.10
enright3060: posts big blind $0.25
garrymdp: sits out 
*** HOLE CARDS ***
Dealt to Alameda22 [7h 6s]
omar_braves: calls $0.25
reg83000: folds 
Alameda22: folds 
Leucetios: folds 
snorlax_zzz: folds 
MEFO1964: calls $0.25
AtrY: calls $0.15
enright3060: checks 
*** FLOP *** [7c Kd Jc]
AtrY: bets $0.75
enright3060: folds 
omar_braves: calls $0.75
MEFO1964: folds 
*** TURN *** [7c Kd Jc] [9s]
AtrY: bets $1.75
omar_braves: folds 
Uncalled bet ($1.75) returned to AtrY
AtrY collected $2.40 from pot
AtrY: doesn't show hand 
*** SUMMARY ***
Total pot $2.50 | Rake $0.10 
Board [7c Kd Jc 9s]
Seat 1: Alameda22 folded before Flop (didn't bet)
Seat 2: Leucetios folded before Flop (didn't bet)
Seat 3: snorlax_zzz folded before Flop (didn't bet)
Seat 4: MEFO1964 (button) folded on the Flop
Seat 5: AtrY (small blind) collected ($2.40)
Seat 6: enright3060 (big blind) folded on the Flop
Seat 7: omar_braves folded on the Turn
Seat 9: reg83000 folded before Flop (didn't bet)



PokerStars Game #19828029901:  Hold'em No Limit ($0.10/$0.25) - 2008/08/23 - 02:21:05 (ET)
Table 'Miram' 9-max Seat #5 is the button
Seat 1: Alameda22 ($26.10 in chips) 
Seat 2: Leucetios ($5 in chips) 
Seat 3: snorlax_zzz ($63 in chips) 
Seat 4: MEFO1964 ($24.35 in chips) 
Seat 5: AtrY ($26.15 in chips) 
Seat 6: enright3060 ($19.30 in chips) 
Seat 7: omar_braves ($21.45 in chips) 
Seat 9: reg83000 ($22.15 in chips) 
enright3060: posts small blind $0.10
omar_braves: posts big blind $0.25
garrymdp: sits out 
*** HOLE CARDS ***
Dealt to Alameda22 [Ad 8c]
reg83000: folds 
Alameda22: folds 
Leucetios: folds 
snorlax_zzz: folds 
MEFO1964: folds 
AtrY: folds 
enright3060: calls $0.15
omar_braves: folds 
omar_braves leaves the table
enright3060 collected $0.50 from pot
*** SUMMARY ***
Total pot $0.50 | Rake $0 
Seat 1: Alameda22 folded before Flop (didn't bet)
Seat 2: Leucetios folded before Flop (didn't bet)
Seat 3: snorlax_zzz folded before Flop (didn't bet)
Seat 4: MEFO1964 folded before Flop (didn't bet)
Seat 5: AtrY (button) folded before Flop (didn't bet)
Seat 6: enright3060 (small blind) collected ($0.50)
Seat 7: omar_braves (big blind) folded before Flop
Seat 9: reg83000 folded before Flop (didn't bet)



PokerStars Game #19828036649:  Hold'em No Limit ($0.10/$0.25) - 2008/08/23 - 02:21:39 (ET)
Table 'Miram' 9-max Seat #6 is the button
Seat 1: Alameda22 ($26.10 in chips) 
Seat 2: Leucetios ($5 in chips) 
Seat 3: snorlax_zzz ($63 in chips) 
Seat 4: MEFO1964 ($24.35 in chips) 
Seat 5: AtrY ($26.15 in chips) 
Seat 6: enright3060 ($19.55 in chips) 
Seat 9: reg83000 ($22.15 in chips) 
garrymdp will be allowed to play after the button
reg83000: posts small blind $0.10
Alameda22: posts big blind $0.25
*** HOLE CARDS ***
Dealt to Alameda22 [8h 9d]
Leucetios: folds 
snorlax_zzz: folds 
MEFO1964: folds 
AtrY: folds 
enright3060: folds 
reg83000: calls $0.15
DawsonS64 joins the table at seat #7 
Alameda22: checks 
*** FLOP *** [5h 2s Kc]
reg83000: checks 
Alameda22: checks 
*** TURN *** [5h 2s Kc] [Ac]
reg83000: checks 
Alameda22: checks 
*** RIVER *** [5h 2s Kc Ac] [Jd]
reg83000: checks 
Alameda22: checks 
*** SHOW DOWN ***
reg83000: shows [Js 3s] (a pair of Jacks)
Alameda22: mucks hand 
reg83000 collected $0.50 from pot
*** SUMMARY ***
Total pot $0.50 | Rake $0 
Board [5h 2s Kc Ac Jd]
Seat 1: Alameda22 (big blind) mucked [8h 9d]
Seat 2: Leucetios folded before Flop (didn't bet)
Seat 3: snorlax_zzz folded before Flop (didn't bet)
Seat 4: MEFO1964 folded before Flop (didn't bet)
Seat 5: AtrY folded before Flop (didn't bet)
Seat 6: enright3060 (button) folded before Flop (didn't bet)
Seat 9: reg83000 (small blind) showed [Js 3s] and won ($0.50) with a pair of Jacks



PokerStars Game #19828052156:  Hold'em No Limit ($0.10/$0.25) - 2008/08/23 - 02:22:56 (ET)
Table 'Miram' 9-max Seat #9 is the button
Seat 1: Alameda22 ($25.85 in chips) 
Seat 2: Leucetios ($5.35 in chips) 
Seat 3: snorlax_zzz ($63 in chips) 
Seat 4: MEFO1964 ($24.35 in chips) 
Seat 5: AtrY ($26.15 in chips) 
Seat 6: enright3060 ($19.55 in chips) 
Seat 7: DawsonS64 ($25 in chips) 
Seat 9: reg83000 ($22.40 in chips) 
Alameda22: posts small blind $0.10
Leucetios: posts big blind $0.25
DawsonS64: posts big blind $0.25
garrymdp: sits out 
*** HOLE CARDS ***
Dealt to Alameda22 [4c 8h]
snorlax_zzz: folds 
MEFO1964: folds 
AtrY: folds 
enright3060: folds 
DawsonS64: raises $0.50 to $0.75
reg83000: folds 
Alameda22: folds 
Leucetios: folds 
Uncalled bet ($0.50) returned to DawsonS64
DawsonS64 collected $0.60 from pot
DawsonS64: doesn't show hand 
*** SUMMARY ***
Total pot $0.60 | Rake $0 
Seat 1: Alameda22 (small blind) folded before Flop
Seat 2: Leucetios (big blind) folded before Flop
Seat 3: snorlax_zzz folded before Flop (didn't bet)
Seat 4: MEFO1964 folded before Flop (didn't bet)
Seat 5: AtrY folded before Flop (didn't bet)
Seat 6: enright3060 folded before Flop (didn't bet)
Seat 7: DawsonS64 collected ($0.60)
Seat 9: reg83000 (button) folded before Flop (didn't bet)



PokerStars Game #19828067560:  Hold'em No Limit ($0.10/$0.25) - 2008/08/23 - 02:24:13 (ET)
Table 'Miram' 9-max Seat #1 is the button
Seat 1: Alameda22 ($25.75 in chips) 
Seat 2: Leucetios ($5.10 in chips) 
Seat 3: snorlax_zzz ($63 in chips) 
Seat 4: MEFO1964 ($24.35 in chips) 
Seat 5: AtrY ($26.15 in chips) 
Seat 6: enright3060 ($19.55 in chips) 
Seat 7: DawsonS64 ($25.35 in chips) 
Seat 9: reg83000 ($22.40 in chips) 
Leucetios: posts small blind $0.10
snorlax_zzz: posts big blind $0.25
garrymdp: sits out 
*** HOLE CARDS ***
Dealt to Alameda22 [Kc 3s]
MEFO1964: folds 
AtrY: folds 
enright3060: folds 
DawsonS64: folds 
reg83000: folds 
Alameda22: folds 
Leucetios: folds 
Uncalled bet ($0.15) returned to snorlax_zzz
snorlax_zzz collected $0.20 from pot
snorlax_zzz: doesn't show hand 
*** SUMMARY ***
Total pot $0.20 | Rake $0 
Seat 1: Alameda22 (button) folded before Flop (didn't bet)
Seat 2: Leucetios (small blind) folded before Flop
Seat 3: snorlax_zzz (big blind) collected ($0.20)
Seat 4: MEFO1964 folded before Flop (didn't bet)
Seat 5: AtrY folded before Flop (didn't bet)
Seat 6: enright3060 folded before Flop (didn't bet)
Seat 7: DawsonS64 folded before Flop (didn't bet)
Seat 9: reg83000 folded before Flop (didn't bet)



PokerStars Game #19828078399:  Hold'em No Limit ($0.10/$0.25) - 2008/08/23 - 02:25:07 (ET)
Table 'Miram' 9-max Seat #2 is the button
Seat 1: Alameda22 ($25.75 in chips) 
Seat 2: Leucetios ($5 in chips) 
Seat 3: snorlax_zzz ($63.10 in chips) 
Seat 4: MEFO1964 ($24.35 in chips) 
Seat 5: AtrY ($26.15 in chips) 
Seat 6: enright3060 ($19.55 in chips) 
Seat 7: DawsonS64 ($25.35 in chips) 
Seat 9: reg83000 ($22.40 in chips) 
snorlax_zzz: posts small blind $0.10
MEFO1964: posts big blind $0.25
garrymdp: sits out 
*** HOLE CARDS ***
Dealt to Alameda22 [6h Tc]
AtrY: folds 
enright3060: folds 
DawsonS64: calls $0.25
reg83000: raises $0.50 to $0.75
Alameda22: folds 
Leucetios: folds 
snorlax_zzz: calls $0.65
MEFO1964: folds 
DawsonS64: folds 
*** FLOP *** [3c 5c 2h]
snorlax_zzz: checks 
reg83000: bets $0.75
snorlax_zzz: calls $0.75
*** TURN *** [3c 5c 2h] [9c]
snorlax_zzz: checks 
reg83000: bets $0.90
snorlax_zzz: calls $0.90
*** RIVER *** [3c 5c 2h 9c] [8h]
snorlax_zzz: bets $5
reg83000: calls $5
*** SHOW DOWN ***
snorlax_zzz: shows [Qs Ac] (high card Ace)
reg83000: shows [As Ks] (high card Ace - King kicker)
reg83000 collected $14.55 from pot
*** SUMMARY ***
Total pot $15.30 | Rake $0.75 
Board [3c 5c 2h 9c 8h]
Seat 1: Alameda22 folded before Flop (didn't bet)
Seat 2: Leucetios (button) folded before Flop (didn't bet)
Seat 3: snorlax_zzz (small blind) showed [Qs Ac] and lost with high card Ace
Seat 4: MEFO1964 (big blind) folded before Flop
Seat 5: AtrY folded before Flop (didn't bet)
Seat 6: enright3060 folded before Flop (didn't bet)
Seat 7: DawsonS64 folded before Flop
Seat 9: reg83000 showed [As Ks] and won ($14.55) with high card Ace



PokerStars Game #19828096422:  Hold'em No Limit ($0.10/$0.25) - 2008/08/23 - 02:26:36 (ET)
Table 'Miram' 9-max Seat #3 is the button
Seat 1: Alameda22 ($25.75 in chips) 
Seat 2: Leucetios ($5 in chips) 
Seat 3: snorlax_zzz ($55.70 in chips) 
Seat 4: MEFO1964 ($24.10 in chips) 
Seat 5: AtrY ($26.15 in chips) 
Seat 6: enright3060 ($19.55 in chips) 
Seat 7: DawsonS64 ($25.10 in chips) 
Seat 9: reg83000 ($29.55 in chips) 
MEFO1964: posts small blind $0.10
AtrY: posts big blind $0.25
garrymdp: sits out 
*** HOLE CARDS ***
Dealt to Alameda22 [2h Qh]
snorlax_zzz said, "nh"
enright3060: folds 
DawsonS64: raises $0.50 to $0.75
reg83000: folds 
Alameda22: folds 
Leucetios: folds 
snorlax_zzz: folds 
MEFO1964: folds 
AtrY: folds 
Uncalled bet ($0.50) returned to DawsonS64
DawsonS64 collected $0.60 from pot
*** SUMMARY ***
Total pot $0.60 | Rake $0 
Seat 1: Alameda22 folded before Flop (didn't bet)
Seat 2: Leucetios folded before Flop (didn't bet)
Seat 3: snorlax_zzz (button) folded before Flop (didn't bet)
Seat 4: MEFO1964 (small blind) folded before Flop
Seat 5: AtrY (big blind) folded before Flop
Seat 6: enright3060 folded before Flop (didn't bet)
Seat 7: DawsonS64 collected ($0.60)
Seat 9: reg83000 folded before Flop (didn't bet)



PokerStars Game #19828107335:  Hold'em No Limit ($0.10/$0.25) - 2008/08/23 - 02:27:31 (ET)
Table 'Miram' 9-max Seat #4 is the button
Seat 1: Alameda22 ($25.75 in chips) 
Seat 2: Leucetios ($5 in chips) 
Seat 3: snorlax_zzz ($55.70 in chips) 
Seat 4: MEFO1964 ($24 in chips) 
Seat 5: AtrY ($25.90 in chips) 
Seat 6: enright3060 ($19.55 in chips) 
Seat 7: DawsonS64 ($25.45 in chips) 
Seat 9: reg83000 ($29.55 in chips) 
AtrY: posts small blind $0.10
enright3060: posts big blind $0.25
garrymdp: sits out 
*** HOLE CARDS ***
Dealt to Alameda22 [6d 4h]
DawsonS64: folds 
reg83000: calls $0.25
snorlax_zzz said, "****, you saw me do the same thing an hour ago on the other table."
Alameda22: folds 
snorlax_zzz said, "im tired"
Leucetios: folds 
snorlax_zzz: folds 
MEFO1964: folds 
AtrY: calls $0.15
enright3060: checks 
*** FLOP *** [Td 8d 5h]
AtrY: checks 
snorlax_zzz said, "this is my last round"
enright3060: checks 
reg83000: checks 
*** TURN *** [Td 8d 5h] [9c]
AtrY: checks 
enright3060: checks 
reg83000: checks 
*** RIVER *** [Td 8d 5h 9c] [7d]
AtrY: checks 
enright3060: checks 
reg83000: bets $1
AtrY: folds 
enright3060: folds 
Uncalled bet ($1) returned to reg83000
reg83000 collected $0.75 from pot
reg83000: doesn't show hand 
*** SUMMARY ***
Total pot $0.75 | Rake $0 
Board [Td 8d 5h 9c 7d]
Seat 1: Alameda22 folded before Flop (didn't bet)
Seat 2: Leucetios folded before Flop (didn't bet)
Seat 3: snorlax_zzz folded before Flop (didn't bet)
Seat 4: MEFO1964 (button) folded before Flop (didn't bet)
Seat 5: AtrY (small blind) folded on the River
Seat 6: enright3060 (big blind) folded on the River
Seat 7: DawsonS64 folded before Flop (didn't bet)
Seat 9: reg83000 collected ($0.75)



PokerStars Game #19828129450:  Hold'em No Limit ($0.10/$0.25) - 2008/08/23 - 02:29:23 (ET)
Table 'Miram' 9-max Seat #5 is the button
Seat 1: Alameda22 ($25.75 in chips) 
Seat 2: Leucetios ($5 in chips) 
Seat 3: snorlax_zzz ($55.70 in chips) 
Seat 4: MEFO1964 ($24 in chips) 
Seat 5: AtrY ($25.65 in chips) 
Seat 6: enright3060 ($19.30 in chips) 
Seat 7: DawsonS64 ($25.45 in chips) 
Seat 9: reg83000 ($30.05 in chips) 
enright3060: posts small blind $0.10
DawsonS64: posts big blind $0.25
garrymdp: sits out 
*** HOLE CARDS ***
Dealt to Alameda22 [Jd Ad]
reg83000: raises $0.50 to $0.75
Alameda22: calls $0.75
Leucetios: folds 
snorlax_zzz: folds 
MEFO1964: folds 
AtrY: folds 
enright3060: folds 
DawsonS64: folds 
*** FLOP *** [7s 3c Th]
reg83000: bets $0.75
Alameda22: raises $1.50 to $2.25
reg83000: calls $1.50
*** TURN *** [7s 3c Th] [Qd]
reg83000: bets $1
Alameda22: calls $1
*** RIVER *** [7s 3c Th Qd] [2s]
reg83000: bets $2
Alameda22: folds 
Uncalled bet ($2) returned to reg83000
reg83000 collected $7.95 from pot
reg83000: doesn't show hand 
*** SUMMARY ***
Total pot $8.35 | Rake $0.40 
Board [7s 3c Th Qd 2s]
Seat 1: Alameda22 folded on the River
Seat 2: Leucetios folded before Flop (didn't bet)
Seat 3: snorlax_zzz folded before Flop (didn't bet)
Seat 4: MEFO1964 folded before Flop (didn't bet)
Seat 5: AtrY (button) folded before Flop (didn't bet)
Seat 6: enright3060 (small blind) folded before Flop
Seat 7: DawsonS64 (big blind) folded before Flop
Seat 9: reg83000 collected ($7.95)



PokerStars Game #19828152147:  Hold'em No Limit ($0.10/$0.25) - 2008/08/23 - 02:31:18 (ET)
Table 'Miram' 9-max Seat #6 is the button
Seat 1: Alameda22 ($21.75 in chips) 
Seat 2: Leucetios ($5 in chips) 
Seat 3: snorlax_zzz ($55.70 in chips) 
Seat 4: MEFO1964 ($24 in chips) 
Seat 5: AtrY ($25.65 in chips) 
Seat 6: enright3060 ($19.20 in chips) 
Seat 7: DawsonS64 ($25.20 in chips) 
Seat 8: garrymdp ($6 in chips) 
Seat 9: reg83000 ($34 in chips) 
DawsonS64: posts small blind $0.10
garrymdp: posts big blind $0.25
*** HOLE CARDS ***
Dealt to Alameda22 [8c Kh]
reg83000: folds 
Alameda22: folds 
Leucetios: folds 
snorlax_zzz: raises $0.50 to $0.75
MEFO1964: folds 
AtrY: folds 
enright3060: folds 
DawsonS64: folds 
garrymdp: folds 
Uncalled bet ($0.50) returned to snorlax_zzz
snorlax_zzz collected $0.60 from pot
snorlax_zzz: doesn't show hand 
*** SUMMARY ***
Total pot $0.60 | Rake $0 
Seat 1: Alameda22 folded before Flop (didn't bet)
Seat 2: Leucetios folded before Flop (didn't bet)
Seat 3: snorlax_zzz collected ($0.60)
Seat 4: MEFO1964 folded before Flop (didn't bet)
Seat 5: AtrY folded before Flop (didn't bet)
Seat 6: enright3060 (button) folded before Flop (didn't bet)
Seat 7: DawsonS64 (small blind) folded before Flop
Seat 8: garrymdp (big blind) folded before Flop
Seat 9: reg83000 folded before Flop (didn't bet)



PokerStars Game #19828162696:  Hold'em No Limit ($0.10/$0.25) - 2008/08/23 - 02:32:12 (ET)
Table 'Miram' 9-max Seat #7 is the button
Seat 1: Alameda22 ($21.75 in chips) 
Seat 2: Leucetios ($5 in chips) 
Seat 3: snorlax_zzz ($56.05 in chips) 
Seat 4: MEFO1964 ($24 in chips) 
Seat 5: AtrY ($25.65 in chips) 
Seat 6: enright3060 ($19.20 in chips) 
Seat 7: DawsonS64 ($25.10 in chips) 
Seat 8: garrymdp ($5.75 in chips) 
Seat 9: reg83000 ($34 in chips) 
garrymdp: posts small blind $0.10
reg83000: posts big blind $0.25
*** HOLE CARDS ***
Dealt to Alameda22 [Kc 5s]
Alameda22: folds 
Leucetios: folds 
snorlax_zzz: folds 
MEFO1964: folds 
AtrY: folds 
enright3060: folds 
DawsonS64: folds 
garrymdp: folds 
Uncalled bet ($0.15) returned to reg83000
reg83000 collected $0.20 from pot
reg83000: doesn't show hand 
*** SUMMARY ***
Total pot $0.20 | Rake $0 
Seat 1: Alameda22 folded before Flop (didn't bet)
Seat 2: Leucetios folded before Flop (didn't bet)
Seat 3: snorlax_zzz folded before Flop (didn't bet)
Seat 4: MEFO1964 folded before Flop (didn't bet)
Seat 5: AtrY folded before Flop (didn't bet)
Seat 6: enright3060 folded before Flop (didn't bet)
Seat 7: DawsonS64 (button) folded before Flop (didn't bet)
Seat 8: garrymdp (small blind) folded before Flop
Seat 9: reg83000 (big blind) collected ($0.20)



PokerStars Game #19828174115:  Hold'em No Limit ($0.10/$0.25) - 2008/08/23 - 02:33:12 (ET)
Table 'Miram' 9-max Seat #8 is the button
Seat 1: Alameda22 ($21.75 in chips) 
Seat 2: Leucetios ($5 in chips) 
Seat 3: snorlax_zzz ($56.05 in chips) 
Seat 4: MEFO1964 ($24 in chips) 
Seat 5: AtrY ($25.65 in chips) 
Seat 6: enright3060 ($19.20 in chips) 
Seat 7: DawsonS64 ($25.10 in chips) 
Seat 8: garrymdp ($5.65 in chips) 
Seat 9: reg83000 ($34.10 in chips) 
reg83000: posts small blind $0.10
Alameda22: posts big blind $0.25
*** HOLE CARDS ***
Dealt to Alameda22 [5s 6s]
Leucetios: raises $0.75 to $1
snorlax_zzz: folds 
MEFO1964: folds 
AtrY: folds 
enright3060: folds 
DawsonS64: folds 
garrymdp: folds 
reg83000: folds 
Alameda22: folds 
Uncalled bet ($0.75) returned to Leucetios
Leucetios collected $0.60 from pot
Leucetios: doesn't show hand 
*** SUMMARY ***
Total pot $0.60 | Rake $0 
Seat 1: Alameda22 (big blind) folded before Flop
Seat 2: Leucetios collected ($0.60)
Seat 3: snorlax_zzz folded before Flop (didn't bet)
Seat 4: MEFO1964 folded before Flop (didn't bet)
Seat 5: AtrY folded before Flop (didn't bet)
Seat 6: enright3060 folded before Flop (didn't bet)
Seat 7: DawsonS64 folded before Flop (didn't bet)
Seat 8: garrymdp (button) folded before Flop (didn't bet)
Seat 9: reg83000 (small blind) folded before Flop



PokerStars Game #19828185689:  Hold'em No Limit ($0.10/$0.25) - 2008/08/23 - 02:34:14 (ET)
Table 'Miram' 9-max Seat #9 is the button
Seat 1: Alameda22 ($21.50 in chips) 
Seat 2: Leucetios ($5.35 in chips) 
Seat 3: snorlax_zzz ($56.05 in chips) 
Seat 4: MEFO1964 ($24 in chips) 
Seat 5: AtrY ($25.65 in chips) 
Seat 6: enright3060 ($19.20 in chips) 
Seat 7: DawsonS64 ($25.10 in chips) 
Seat 8: garrymdp ($5.65 in chips) 
Seat 9: reg83000 ($34 in chips) 
Alameda22: posts small blind $0.10
Leucetios: posts big blind $0.25
*** HOLE CARDS ***
Dealt to Alameda22 [8d 9s]
snorlax_zzz: calls $0.25
MEFO1964: folds 
AtrY: folds 
enright3060: calls $0.25
DawsonS64: folds 
garrymdp: folds 
reg83000: folds 
Alameda22: folds 
Leucetios: checks 
*** FLOP *** [Jd Js Ks]
Leucetios: checks 
snorlax_zzz: bets $0.50
enright3060: folds 
Leucetios: raises $1 to $1.50
snorlax_zzz: folds 
Uncalled bet ($1) returned to Leucetios
snorlax_zzz leaves the table
Leucetios collected $1.80 from pot
Leucetios: doesn't show hand 
*** SUMMARY ***
Total pot $1.85 | Rake $0.05 
Board [Jd Js Ks]
Seat 1: Alameda22 (small blind) folded before Flop
Seat 2: Leucetios (big blind) collected ($1.80)
Seat 3: snorlax_zzz folded on the Flop
Seat 4: MEFO1964 folded before Flop (didn't bet)
Seat 5: AtrY folded before Flop (didn't bet)
Seat 6: enright3060 folded on the Flop
Seat 7: DawsonS64 folded before Flop (didn't bet)
Seat 8: garrymdp folded before Flop (didn't bet)
Seat 9: reg83000 (button) folded before Flop (didn't bet)



PokerStars Game #19828207027:  Hold'em No Limit ($0.10/$0.25) - 2008/08/23 - 02:36:12 (ET)
Table 'Miram' 9-max Seat #1 is the button
Seat 1: Alameda22 ($21.40 in chips) 
Seat 2: Leucetios ($6.40 in chips) 
Seat 4: MEFO1964 ($24 in chips) 
Seat 5: AtrY ($25.65 in chips) 
Seat 6: enright3060 ($18.95 in chips) 
Seat 7: DawsonS64 ($25.10 in chips) 
Seat 8: garrymdp ($5.65 in chips) 
Seat 9: reg83000 ($34 in chips) 
Leucetios: posts small blind $0.10
MEFO1964: posts big blind $0.25
*** HOLE CARDS ***
Dealt to Alameda22 [4d As]
AtrY: folds 
enright3060: folds 
DawsonS64: folds 
garrymdp: folds 
reg83000: calls $0.25
Alameda22: folds 
Leucetios: folds 
MEFO1964: checks 
*** FLOP *** [Ts Js 6d]
MEFO1964: checks 
reg83000: checks 
*** TURN *** [Ts Js 6d] [5h]
MEFO1964: checks 
hiddes1984 joins the table at seat #3 
reg83000: bets $0.50
MEFO1964: folds 
Uncalled bet ($0.50) returned to reg83000
reg83000 collected $0.60 from pot
reg83000: doesn't show hand 
*** SUMMARY ***
Total pot $0.60 | Rake $0 
Board [Ts Js 6d 5h]
Seat 1: Alameda22 (button) folded before Flop (didn't bet)
Seat 2: Leucetios (small blind) folded before Flop
Seat 4: MEFO1964 (big blind) folded on the Turn
Seat 5: AtrY folded before Flop (didn't bet)
Seat 6: enright3060 folded before Flop (didn't bet)
Seat 7: DawsonS64 folded before Flop (didn't bet)
Seat 8: garrymdp folded before Flop (didn't bet)
Seat 9: reg83000 collected ($0.60)



PokerStars Game #19828220714:  Hold'em No Limit ($0.10/$0.25) - 2008/08/23 - 02:37:24 (ET)
Table 'Miram' 9-max Seat #2 is the button
Seat 1: Alameda22 ($21.40 in chips) 
Seat 2: Leucetios ($6.30 in chips) 
Seat 4: MEFO1964 ($23.75 in chips) 
Seat 5: AtrY ($25.65 in chips) 
Seat 6: enright3060 ($18.95 in chips) 
Seat 7: DawsonS64 ($25.10 in chips) 
Seat 8: garrymdp ($5.65 in chips) 
Seat 9: reg83000 ($34.35 in chips) 
hiddes1984 will be allowed to play after the button
MEFO1964: posts small blind $0.10
AtrY: posts big blind $0.25
*** HOLE CARDS ***
Dealt to Alameda22 [As 8s]
enright3060: folds 
DawsonS64: folds 
garrymdp: folds 
reg83000: folds 
Alameda22: folds 
Leucetios: folds 
MEFO1964: folds 
Uncalled bet ($0.15) returned to AtrY
AtrY collected $0.20 from pot
AtrY: doesn't show hand 
*** SUMMARY ***
Total pot $0.20 | Rake $0 
Seat 1: Alameda22 folded before Flop (didn't bet)
Seat 2: Leucetios (button) folded before Flop (didn't bet)
Seat 4: MEFO1964 (small blind) folded before Flop
Seat 5: AtrY (big blind) collected ($0.20)
Seat 6: enright3060 folded before Flop (didn't bet)
Seat 7: DawsonS64 folded before Flop (didn't bet)
Seat 8: garrymdp folded before Flop (didn't bet)
Seat 9: reg83000 folded before Flop (didn't bet)



PokerStars Game #19828232884:  Hold'em No Limit ($0.10/$0.25) - 2008/08/23 - 02:38:27 (ET)
Table 'Miram' 9-max Seat #4 is the button
Seat 1: Alameda22 ($21.40 in chips) 
Seat 2: Leucetios ($6.30 in chips) 
Seat 3: hiddes1984 ($5 in chips) 
Seat 4: MEFO1964 ($23.65 in chips) 
Seat 5: AtrY ($25.75 in chips) 
Seat 6: enright3060 ($18.95 in chips) 
Seat 7: DawsonS64 ($25.10 in chips) 
Seat 8: garrymdp ($5.65 in chips) 
Seat 9: reg83000 ($34.35 in chips) 
AtrY: posts small blind $0.10
enright3060: posts big blind $0.25
hiddes1984: posts big blind $0.25
*** HOLE CARDS ***
Dealt to Alameda22 [8d 6h]
DawsonS64: calls $0.25
garrymdp: folds 
reg83000: folds 
Alameda22: folds 
Leucetios: folds 
hiddes1984: checks 
MEFO1964: folds 
AtrY: calls $0.15
enright3060: checks 
*** FLOP *** [6s Jd 9c]
AtrY: checks 
enright3060: checks 
DawsonS64: checks 
hiddes1984: checks 
*** TURN *** [6s Jd 9c] [3c]
AtrY: checks 
enright3060: checks 
DawsonS64: bets $0.75
hiddes1984: folds 
AtrY: folds 
enright3060: folds 
Uncalled bet ($0.75) returned to DawsonS64
DawsonS64 collected $0.95 from pot
*** SUMMARY ***
Total pot $1 | Rake $0.05 
Board [6s Jd 9c 3c]
Seat 1: Alameda22 folded before Flop (didn't bet)
Seat 2: Leucetios folded before Flop (didn't bet)
Seat 3: hiddes1984 folded on the Turn
Seat 4: MEFO1964 (button) folded before Flop (didn't bet)
Seat 5: AtrY (small blind) folded on the Turn
Seat 6: enright3060 (big blind) folded on the Turn
Seat 7: DawsonS64 collected ($0.95)
Seat 8: garrymdp folded before Flop (didn't bet)
Seat 9: reg83000 folded before Flop (didn't bet)



PokerStars Game #19828256414:  Hold'em No Limit ($0.10/$0.25) - 2008/08/23 - 02:40:32 (ET)
Table 'Miram' 9-max Seat #5 is the button
Seat 1: Alameda22 ($21.40 in chips) 
Seat 2: Leucetios ($6.30 in chips) 
Seat 3: hiddes1984 ($4.75 in chips) 
Seat 4: MEFO1964 ($23.65 in chips) 
Seat 5: AtrY ($25.50 in chips) 
Seat 6: enright3060 ($18.70 in chips) 
Seat 7: DawsonS64 ($25.80 in chips) 
Seat 8: garrymdp ($5.65 in chips) 
Seat 9: reg83000 ($34.35 in chips) 
enright3060: posts small blind $0.10
DawsonS64: posts big blind $0.25
*** HOLE CARDS ***
Dealt to Alameda22 [9c Qd]
garrymdp: folds 
reg83000: folds 
Alameda22: folds 
Leucetios: folds 
hiddes1984: folds 
MEFO1964: folds 
AtrY: folds 
enright3060: folds 
Uncalled bet ($0.15) returned to DawsonS64
DawsonS64 collected $0.20 from pot
DawsonS64: doesn't show hand 
*** SUMMARY ***
Total pot $0.20 | Rake $0 
Seat 1: Alameda22 folded before Flop (didn't bet)
Seat 2: Leucetios folded before Flop (didn't bet)
Seat 3: hiddes1984 folded before Flop (didn't bet)
Seat 4: MEFO1964 folded before Flop (didn't bet)
Seat 5: AtrY (button) folded before Flop (didn't bet)
Seat 6: enright3060 (small blind) folded before Flop
Seat 7: DawsonS64 (big blind) collected ($0.20)
Seat 8: garrymdp folded before Flop (didn't bet)
Seat 9: reg83000 folded before Flop (didn't bet)



PokerStars Game #19828263684:  Hold'em No Limit ($0.10/$0.25) - 2008/08/23 - 02:41:10 (ET)
Table 'Miram' 9-max Seat #6 is the button
Seat 1: Alameda22 ($21.40 in chips) 
Seat 2: Leucetios ($6.30 in chips) 
Seat 3: hiddes1984 ($4.75 in chips) 
Seat 4: MEFO1964 ($23.65 in chips) 
Seat 5: AtrY ($25.50 in chips) 
Seat 6: enright3060 ($18.60 in chips) 
Seat 7: DawsonS64 ($25.90 in chips) 
Seat 8: garrymdp ($5.65 in chips) 
Seat 9: reg83000 ($34.35 in chips) 
DawsonS64: posts small blind $0.10
garrymdp: posts big blind $0.25
*** HOLE CARDS ***
Dealt to Alameda22 [5s 2s]
reg83000: calls $0.25
Alameda22: folds 
Leucetios: folds 
hiddes1984: folds 
MEFO1964: folds 
AtrY: raises $1 to $1.25
enright3060: folds 
DawsonS64: folds 
garrymdp: folds 
reg83000: folds 
Uncalled bet ($1) returned to AtrY
AtrY collected $0.85 from pot
AtrY: doesn't show hand 
*** SUMMARY ***
Total pot $0.85 | Rake $0 
Seat 1: Alameda22 folded before Flop (didn't bet)
Seat 2: Leucetios folded before Flop (didn't bet)
Seat 3: hiddes1984 folded before Flop (didn't bet)
Seat 4: MEFO1964 folded before Flop (didn't bet)
Seat 5: AtrY collected ($0.85)
Seat 6: enright3060 (button) folded before Flop (didn't bet)
Seat 7: DawsonS64 (small blind) folded before Flop
Seat 8: garrymdp (big blind) folded before Flop
Seat 9: reg83000 folded before Flop



PokerStars Game #19828276490:  Hold'em No Limit ($0.10/$0.25) - 2008/08/23 - 02:42:17 (ET)
Table 'Miram' 9-max Seat #7 is the button
Seat 1: Alameda22 ($21.40 in chips) 
Seat 2: Leucetios ($6.30 in chips) 
Seat 3: hiddes1984 ($4.75 in chips) 
Seat 4: MEFO1964 ($23.65 in chips) 
Seat 5: AtrY ($26.10 in chips) 
Seat 6: enright3060 ($18.60 in chips) 
Seat 7: DawsonS64 ($25.80 in chips) 
Seat 8: garrymdp ($5.40 in chips) 
Seat 9: reg83000 ($34.10 in chips) 
garrymdp: posts small blind $0.10
reg83000: posts big blind $0.25
*** HOLE CARDS ***
Dealt to Alameda22 [3d 3s]
Alameda22: folds 
Leucetios: folds 
hiddes1984: calls $0.25
MEFO1964: folds 
AtrY: folds 
enright3060: folds 
DawsonS64: calls $0.25
garrymdp: folds 
reg83000: checks 
*** FLOP *** [Jd Td 7d]
reg83000: checks 
hiddes1984: checks 
DawsonS64: checks 
*** TURN *** [Jd Td 7d] [6d]
reg83000: bets $0.50
hiddes1984: folds 
DawsonS64: folds 
Uncalled bet ($0.50) returned to reg83000
reg83000 collected $0.85 from pot
reg83000: doesn't show hand 
*** SUMMARY ***
Total pot $0.85 | Rake $0 
Board [Jd Td 7d 6d]
Seat 1: Alameda22 folded before Flop (didn't bet)
Seat 2: Leucetios folded before Flop (didn't bet)
Seat 3: hiddes1984 folded on the Turn
Seat 4: MEFO1964 folded before Flop (didn't bet)
Seat 5: AtrY folded before Flop (didn't bet)
Seat 6: enright3060 folded before Flop (didn't bet)
Seat 7: DawsonS64 (button) folded on the Turn
Seat 8: garrymdp (small blind) folded before Flop
Seat 9: reg83000 (big blind) collected ($0.85)



PokerStars Game #19828291619:  Hold'em No Limit ($0.10/$0.25) - 2008/08/23 - 02:43:38 (ET)
Table 'Miram' 9-max Seat #8 is the button
Seat 1: Alameda22 ($21.40 in chips) 
Seat 2: Leucetios ($6.30 in chips) 
Seat 3: hiddes1984 ($4.50 in chips) 
Seat 4: MEFO1964 ($23.65 in chips) 
Seat 5: AtrY ($26.10 in chips) 
Seat 6: enright3060 ($18.60 in chips) 
Seat 7: DawsonS64 ($25.55 in chips) 
Seat 8: garrymdp ($5.30 in chips) 
Seat 9: reg83000 ($34.70 in chips) 
reg83000: posts small blind $0.10
Alameda22: posts big blind $0.25
*** HOLE CARDS ***
Dealt to Alameda22 [5d 2s]
Leucetios: folds 
hiddes1984: folds 
MEFO1964: folds 
AtrY: raises $0.75 to $1
enright3060: folds 
DawsonS64: folds 
garrymdp: folds 
reg83000: calls $0.90
Alameda22: folds 
*** FLOP *** [3d 3s As]
reg83000: checks 
AtrY: checks 
*** TURN *** [3d 3s As] [Qh]
reg83000: checks 
AtrY: bets $1.50
reg83000: folds 
Uncalled bet ($1.50) returned to AtrY
AtrY collected $2.15 from pot
AtrY: doesn't show hand 
*** SUMMARY ***
Total pot $2.25 | Rake $0.10 
Board [3d 3s As Qh]
Seat 1: Alameda22 (big blind) folded before Flop
Seat 2: Leucetios folded before Flop (didn't bet)
Seat 3: hiddes1984 folded before Flop (didn't bet)
Seat 4: MEFO1964 folded before Flop (didn't bet)
Seat 5: AtrY collected ($2.15)
Seat 6: enright3060 folded before Flop (didn't bet)
Seat 7: DawsonS64 folded before Flop (didn't bet)
Seat 8: garrymdp (button) folded before Flop (didn't bet)
Seat 9: reg83000 (small blind) folded on the Turn



PokerStars Game #19828307117:  Hold'em No Limit ($0.10/$0.25) - 2008/08/23 - 02:45:01 (ET)
Table 'Miram' 9-max Seat #9 is the button
Seat 1: Alameda22 ($21.15 in chips) 
Seat 2: Leucetios ($6.30 in chips) 
Seat 3: hiddes1984 ($4.50 in chips) 
Seat 4: MEFO1964 ($23.65 in chips) 
Seat 5: AtrY ($27.25 in chips) 
Seat 6: enright3060 ($18.60 in chips) 
Seat 7: DawsonS64 ($25.55 in chips) 
Seat 8: garrymdp ($5.30 in chips) 
Seat 9: reg83000 ($33.70 in chips) 
Alameda22: posts small blind $0.10
Leucetios: posts big blind $0.25
*** HOLE CARDS ***
Dealt to Alameda22 [6c 4c]
hiddes1984: folds 
MEFO1964: calls $0.25
AtrY: folds 
enright3060: folds 
DawsonS64: raises $0.50 to $0.75
garrymdp: folds 
reg83000: folds 
Alameda22: folds 
Leucetios: folds 
MEFO1964: calls $0.50
*** FLOP *** [6d 4d 8d]
MEFO1964: checks 
DawsonS64: checks 
*** TURN *** [6d 4d 8d] [Ts]
MEFO1964: checks 
DawsonS64: checks 
*** RIVER *** [6d 4d 8d Ts] [5d]
MEFO1964: bets $0.75
DawsonS64: folds 
Uncalled bet ($0.75) returned to MEFO1964
MEFO1964 collected $1.80 from pot
MEFO1964: doesn't show hand 
*** SUMMARY ***
Total pot $1.85 | Rake $0.05 
Board [6d 4d 8d Ts 5d]
Seat 1: Alameda22 (small blind) folded before Flop
Seat 2: Leucetios (big blind) folded before Flop
Seat 3: hiddes1984 folded before Flop (didn't bet)
Seat 4: MEFO1964 collected ($1.80)
Seat 5: AtrY folded before Flop (didn't bet)
Seat 6: enright3060 folded before Flop (didn't bet)
Seat 7: DawsonS64 folded on the River
Seat 8: garrymdp folded before Flop (didn't bet)
Seat 9: reg83000 (button) folded before Flop (didn't bet)



PokerStars Game #19828330316:  Hold'em No Limit ($0.10/$0.25) - 2008/08/23 - 02:47:08 (ET)
Table 'Miram' 9-max Seat #1 is the button
Seat 1: Alameda22 ($21.05 in chips) 
Seat 2: Leucetios ($6.05 in chips) 
Seat 3: hiddes1984 ($4.50 in chips) 
Seat 4: MEFO1964 ($24.70 in chips) 
Seat 5: AtrY ($27.25 in chips) 
Seat 6: enright3060 ($18.60 in chips) 
Seat 7: DawsonS64 ($24.80 in chips) 
Seat 8: garrymdp ($5.30 in chips) 
Seat 9: reg83000 ($33.70 in chips) 
Leucetios: posts small blind $0.10
hiddes1984: posts big blind $0.25
*** HOLE CARDS ***
Dealt to Alameda22 [5s 8c]
MEFO1964: folds 
AtrY: folds 
enright3060: folds 
DawsonS64: folds 
garrymdp: folds 
reg83000: calls $0.25
Alameda22: folds 
Leucetios: folds 
hiddes1984: checks 
*** FLOP *** [Tc 8h Kd]
hiddes1984: checks 
reg83000: checks 
*** TURN *** [Tc 8h Kd] [Ks]
hiddes1984: folds 
reg83000 collected $0.60 from pot
reg83000: doesn't show hand 
*** SUMMARY ***
Total pot $0.60 | Rake $0 
Board [Tc 8h Kd Ks]
Seat 1: Alameda22 (button) folded before Flop (didn't bet)
Seat 2: Leucetios (small blind) folded before Flop
Seat 3: hiddes1984 (big blind) folded on the Turn
Seat 4: MEFO1964 folded before Flop (didn't bet)
Seat 5: AtrY folded before Flop (didn't bet)
Seat 6: enright3060 folded before Flop (didn't bet)
Seat 7: DawsonS64 folded before Flop (didn't bet)
Seat 8: garrymdp folded before Flop (didn't bet)
Seat 9: reg83000 collected ($0.60)



PokerStars Game #19828340470:  Hold'em No Limit ($0.10/$0.25) - 2008/08/23 - 02:48:03 (ET)
Table 'Miram' 9-max Seat #2 is the button
Seat 1: Alameda22 ($21.05 in chips) 
Seat 2: Leucetios ($5.95 in chips) 
Seat 3: hiddes1984 ($4.25 in chips) 
Seat 4: MEFO1964 ($24.70 in chips) 
Seat 5: AtrY ($27.25 in chips) 
Seat 6: enright3060 ($18.60 in chips) 
Seat 7: DawsonS64 ($24.80 in chips) 
Seat 8: garrymdp ($5.30 in chips) 
Seat 9: reg83000 ($34.05 in chips) 
hiddes1984: posts small blind $0.10
MEFO1964: posts big blind $0.25
*** HOLE CARDS ***
Dealt to Alameda22 [9d 9h]
AtrY: folds 
enright3060: raises $0.75 to $1
DawsonS64: folds 
garrymdp: folds 
reg83000: folds 
Alameda22: folds 
Leucetios: folds 
hiddes1984: folds 
MEFO1964: folds 
Uncalled bet ($0.75) returned to enright3060
enright3060 collected $0.60 from pot
*** SUMMARY ***
Total pot $0.60 | Rake $0 
Seat 1: Alameda22 folded before Flop (didn't bet)
Seat 2: Leucetios (button) folded before Flop (didn't bet)
Seat 3: hiddes1984 (small blind) folded before Flop
Seat 4: MEFO1964 (big blind) folded before Flop
Seat 5: AtrY folded before Flop (didn't bet)
Seat 6: enright3060 collected ($0.60)
Seat 7: DawsonS64 folded before Flop (didn't bet)
Seat 8: garrymdp folded before Flop (didn't bet)
Seat 9: reg83000 folded before Flop (didn't bet)



PokerStars Game #19828353006:  Hold'em No Limit ($0.10/$0.25) - 2008/08/23 - 02:49:11 (ET)
Table 'Miram' 9-max Seat #3 is the button
Seat 1: Alameda22 ($21.05 in chips) 
Seat 2: Leucetios ($5.95 in chips) 
Seat 3: hiddes1984 ($4.15 in chips) 
Seat 4: MEFO1964 ($24.45 in chips) 
Seat 5: AtrY ($27.25 in chips) 
Seat 6: enright3060 ($18.95 in chips) 
Seat 7: DawsonS64 ($24.80 in chips) 
Seat 8: garrymdp ($5.30 in chips) 
Seat 9: reg83000 ($34.05 in chips) 
MEFO1964: posts small blind $0.10
AtrY: posts big blind $0.25
*** HOLE CARDS ***
Dealt to Alameda22 [9d 7c]
enright3060: calls $0.25
DawsonS64: folds 
garrymdp: calls $0.25
reg83000: folds 
Alameda22: folds 
Leucetios: folds 
hiddes1984: calls $0.25
MEFO1964: calls $0.15
AtrY: raises $1.75 to $2
enright3060: folds 
garrymdp: folds 
hiddes1984: folds 
MEFO1964: folds 
Uncalled bet ($1.75) returned to AtrY
AtrY collected $1.25 from pot
AtrY: doesn't show hand 
*** SUMMARY ***
Total pot $1.25 | Rake $0 
Seat 1: Alameda22 folded before Flop (didn't bet)
Seat 2: Leucetios folded before Flop (didn't bet)
Seat 3: hiddes1984 (button) folded before Flop
Seat 4: MEFO1964 (small blind) folded before Flop
Seat 5: AtrY (big blind) collected ($1.25)
Seat 6: enright3060 folded before Flop
Seat 7: DawsonS64 folded before Flop (didn't bet)
Seat 8: garrymdp folded before Flop
Seat 9: reg83000 folded before Flop (didn't bet)



PokerStars Game #19828362208:  Hold'em No Limit ($0.10/$0.25) - 2008/08/23 - 02:50:00 (ET)
Table 'Miram' 9-max Seat #4 is the button
Seat 1: Alameda22 ($21.05 in chips) 
Seat 2: Leucetios ($5.95 in chips) 
Seat 3: hiddes1984 ($3.90 in chips) 
Seat 4: MEFO1964 ($24.20 in chips) 
Seat 5: AtrY ($28.25 in chips) 
Seat 6: enright3060 ($18.70 in chips) 
Seat 7: DawsonS64 ($24.80 in chips) 
Seat 8: garrymdp ($5.05 in chips) 
Seat 9: reg83000 ($34.05 in chips) 
AtrY: posts small blind $0.10
enright3060: posts big blind $0.25
*** HOLE CARDS ***
Dealt to Alameda22 [8d 4c]
DawsonS64: calls $0.25
garrymdp: folds 
reg83000: folds 
Alameda22: folds 
Leucetios: folds 
hiddes1984: folds 
MEFO1964: calls $0.25
AtrY: calls $0.15
enright3060: checks 
*** FLOP *** [Kh 8s 4s]
AtrY: checks 
enright3060: checks 
DawsonS64: checks 
MEFO1964: checks 
*** TURN *** [Kh 8s 4s] [5d]
AtrY: checks 
enright3060: checks 
DawsonS64: checks 
MEFO1964: checks 
*** RIVER *** [Kh 8s 4s 5d] [Ks]
AtrY: checks 
enright3060: checks 
DawsonS64: checks 
MEFO1964: checks 
*** SHOW DOWN ***
AtrY: shows [5h Ah] (two pair, Kings and Fives)
enright3060: mucks hand 
DawsonS64: mucks hand 
MEFO1964: shows [8h 9c] (two pair, Kings and Eights)
MEFO1964 collected $0.95 from pot
*** SUMMARY ***
Total pot $1 | Rake $0.05 
Board [Kh 8s 4s 5d Ks]
Seat 1: Alameda22 folded before Flop (didn't bet)
Seat 2: Leucetios folded before Flop (didn't bet)
Seat 3: hiddes1984 folded before Flop (didn't bet)
Seat 4: MEFO1964 (button) showed [8h 9c] and won ($0.95) with two pair, Kings and Eights
Seat 5: AtrY (small blind) showed [5h Ah] and lost with two pair, Kings and Fives
Seat 6: enright3060 (big blind) mucked [3c Ts]
Seat 7: DawsonS64 mucked [9d Qd]
Seat 8: garrymdp folded before Flop (didn't bet)
Seat 9: reg83000 folded before Flop (didn't bet)



PokerStars Game #19828389664:  Hold'em No Limit ($0.10/$0.25) - 2008/08/23 - 02:52:35 (ET)
Table 'Miram' 9-max Seat #5 is the button
Seat 1: Alameda22 ($21.05 in chips) 
Seat 2: Leucetios ($5.95 in chips) 
Seat 3: hiddes1984 ($3.90 in chips) 
Seat 4: MEFO1964 ($24.90 in chips) 
Seat 5: AtrY ($28 in chips) 
Seat 6: enright3060 ($18.45 in chips) 
Seat 7: DawsonS64 ($24.55 in chips) 
Seat 8: garrymdp ($5.05 in chips) 
Seat 9: reg83000 ($34.05 in chips) 
enright3060: posts small blind $0.10
DawsonS64: posts big blind $0.25
*** HOLE CARDS ***
Dealt to Alameda22 [3h 3c]
garrymdp: folds 
reg83000: folds 
Alameda22: folds 
Leucetios: folds 
hiddes1984: folds 
MEFO1964: calls $0.25
AtrY: folds 
enright3060: folds 
DawsonS64: checks 
*** FLOP *** [Kc 2d Ts]
DawsonS64: bets $0.75
MEFO1964: folds 
Uncalled bet ($0.75) returned to DawsonS64
DawsonS64 collected $0.60 from pot
*** SUMMARY ***
Total pot $0.60 | Rake $0 
Board [Kc 2d Ts]
Seat 1: Alameda22 folded before Flop (didn't bet)
Seat 2: Leucetios folded before Flop (didn't bet)
Seat 3: hiddes1984 folded before Flop (didn't bet)
Seat 4: MEFO1964 folded on the Flop
Seat 5: AtrY (button) folded before Flop (didn't bet)
Seat 6: enright3060 (small blind) folded before Flop
Seat 7: DawsonS64 (big blind) collected ($0.60)
Seat 8: garrymdp folded before Flop (didn't bet)
Seat 9: reg83000 folded before Flop (didn't bet)



