PokerStars Game #20149100242:  Hold'em No Limit ($0.25/$0.50) - 2008/09/04 18:23:01 ET
Table 'Kollaa III' 9-max Seat #4 is the button
Seat 2: Davidos ($40.35 in chips) 
Seat 3: BradDogg1021 ($49.25 in chips) 
Seat 4: drewbabez ($48.25 in chips) 
Seat 5: TheVinz ($63.05 in chips) 
Seat 6: Alameda22 ($50 in chips) 
Seat 7: HomerrrJay ($55.85 in chips) 
Seat 8: aufgehts007 ($92.85 in chips) 
Seat 9: SARA PEZ ($50.25 in chips) 
TheVinz: posts small blind $0.25
Alameda22: posts big blind $0.50
Faraon777: sits out 
*** HOLE CARDS ***
Dealt to Alameda22 [Jh Js]
HomerrrJay: folds 
aufgehts007: folds 
SARA PEZ: folds 
Davidos: folds 
BradDogg1021: raises $0.50 to $1
drewbabez: folds 
TheVinz: calls $0.75
Alameda22: calls $0.50
*** FLOP *** [4c Kh Jd]
TheVinz: checks 
Alameda22: bets $2
BradDogg1021: raises $3 to $5
TheVinz: folds 
Alameda22: raises $7.50 to $12.50
BradDogg1021: calls $7.50
*** TURN *** [4c Kh Jd] [Qd]
Alameda22: bets $18
BradDogg1021: calls $18
*** RIVER *** [4c Kh Jd Qd] [4d]
Alameda22: bets $18.50 and is all-in
BradDogg1021: calls $17.75 and is all-in
Uncalled bet ($0.75) returned to Alameda22
*** SHOW DOWN ***
Alameda22: shows [Jh Js] (a full house, Jacks full of Fours)
BradDogg1021: mucks hand 
Alameda22 collected $96.50 from pot
BradDogg1021 leaves the table
*** SUMMARY ***
Total pot $99.50 | Rake $3 
Board [4c Kh Jd Qd 4d]
Seat 2: Davidos folded before Flop (didn't bet)
Seat 3: BradDogg1021 mucked [Ac Ah]
Seat 4: drewbabez (button) folded before Flop (didn't bet)
Seat 5: TheVinz (small blind) folded on the Flop
Seat 6: Alameda22 (big blind) showed [Jh Js] and won ($96.50) with a full house, Jacks full of Fours
Seat 7: HomerrrJay folded before Flop (didn't bet)
Seat 8: aufgehts007 folded before Flop (didn't bet)
Seat 9: SARA PEZ folded before Flop (didn't bet)



PokerStars Game #20149147577:  Hold'em No Limit ($0.25/$0.50) - 2008/09/04 18:25:06 ET
Table 'Kollaa III' 9-max Seat #5 is the button
Seat 2: Davidos ($40.35 in chips) 
Seat 4: drewbabez ($48.25 in chips) 
Seat 5: TheVinz ($62.05 in chips) 
Seat 6: Alameda22 ($97.25 in chips) 
Seat 7: HomerrrJay ($55.85 in chips) 
Seat 8: aufgehts007 ($92.85 in chips) 
Seat 9: SARA PEZ ($50.25 in chips) 
Alameda22: posts small blind $0.25
HomerrrJay: posts big blind $0.50
Faraon777: sits out 
*** HOLE CARDS ***
Dealt to Alameda22 [Td Kd]
aufgehts007: folds 
SARA PEZ: folds 
Davidos: folds 
drewbabez: folds 
TheVinz: folds 
JonnyC27 joins the table at seat #3 
Alameda22: calls $0.25
HomerrrJay: checks 
*** FLOP *** [Qd 4s 4c]
Alameda22: checks 
HomerrrJay: bets $1
Alameda22: folds 
Uncalled bet ($1) returned to HomerrrJay
HomerrrJay collected $0.95 from pot
HomerrrJay: doesn't show hand 
*** SUMMARY ***
Total pot $1 | Rake $0.05 
Board [Qd 4s 4c]
Seat 2: Davidos folded before Flop (didn't bet)
Seat 4: drewbabez folded before Flop (didn't bet)
Seat 5: TheVinz (button) folded before Flop (didn't bet)
Seat 6: Alameda22 (small blind) folded on the Flop
Seat 7: HomerrrJay (big blind) collected ($0.95)
Seat 8: aufgehts007 folded before Flop (didn't bet)
Seat 9: SARA PEZ folded before Flop (didn't bet)



PokerStars Game #20149185109:  Hold'em No Limit ($0.25/$0.50) - 2008/09/04 18:26:45 ET
Table 'Kollaa III' 9-max Seat #6 is the button
Seat 2: Davidos ($40.35 in chips) 
Seat 3: JonnyC27 ($25 in chips) 
Seat 4: drewbabez ($48.25 in chips) 
Seat 5: TheVinz ($62.05 in chips) 
Seat 6: Alameda22 ($96.75 in chips) 
Seat 7: HomerrrJay ($56.30 in chips) 
Seat 8: aufgehts007 ($92.85 in chips) 
Seat 9: SARA PEZ ($50.25 in chips) 
HomerrrJay: posts small blind $0.25
aufgehts007: posts big blind $0.50
Faraon777: sits out 
JonnyC27: posts big blind $0.50
*** HOLE CARDS ***
Dealt to Alameda22 [3c 4c]
SARA PEZ: folds 
Davidos: folds 
JonnyC27: checks 
drewbabez: folds 
TheVinz: raises $1.50 to $2
Alameda22: folds 
HomerrrJay: folds 
aufgehts007: folds 
JonnyC27: folds 
Uncalled bet ($1.50) returned to TheVinz
TheVinz collected $1.75 from pot
*** SUMMARY ***
Total pot $1.75 | Rake $0 
Seat 2: Davidos folded before Flop (didn't bet)
Seat 3: JonnyC27 folded before Flop
Seat 4: drewbabez folded before Flop (didn't bet)
Seat 5: TheVinz collected ($1.75)
Seat 6: Alameda22 (button) folded before Flop (didn't bet)
Seat 7: HomerrrJay (small blind) folded before Flop
Seat 8: aufgehts007 (big blind) folded before Flop
Seat 9: SARA PEZ folded before Flop (didn't bet)



PokerStars Game #20149203516:  Hold'em No Limit ($0.25/$0.50) - 2008/09/04 18:27:34 ET
Table 'Kollaa III' 9-max Seat #7 is the button
Seat 2: Davidos ($40.35 in chips) 
Seat 3: JonnyC27 ($24.50 in chips) 
Seat 4: drewbabez ($48.25 in chips) 
Seat 5: TheVinz ($63.30 in chips) 
Seat 6: Alameda22 ($96.75 in chips) 
Seat 7: HomerrrJay ($56.05 in chips) 
Seat 8: aufgehts007 ($92.35 in chips) 
Seat 9: SARA PEZ ($50.25 in chips) 
aufgehts007: posts small blind $0.25
SARA PEZ: posts big blind $0.50
Faraon777: sits out 
*** HOLE CARDS ***
Dealt to Alameda22 [7c 2d]
Davidos has timed out
Davidos: folds 
Davidos is sitting out
JonnyC27: folds 
Davidos has returned
drewbabez: calls $0.50
TheVinz: folds 
Alameda22: folds 
HomerrrJay: folds 
aufgehts007: folds 
SARA PEZ: checks 
*** FLOP *** [4c Kc 2c]
SARA PEZ: checks 
drewbabez: checks 
*** TURN *** [4c Kc 2c] [Jh]
SARA PEZ: bets $0.50
drewbabez: folds 
Uncalled bet ($0.50) returned to SARA PEZ
SARA PEZ collected $1.20 from pot
SARA PEZ: doesn't show hand 
*** SUMMARY ***
Total pot $1.25 | Rake $0.05 
Board [4c Kc 2c Jh]
Seat 2: Davidos folded before Flop (didn't bet)
Seat 3: JonnyC27 folded before Flop (didn't bet)
Seat 4: drewbabez folded on the Turn
Seat 5: TheVinz folded before Flop (didn't bet)
Seat 6: Alameda22 folded before Flop (didn't bet)
Seat 7: HomerrrJay (button) folded before Flop (didn't bet)
Seat 8: aufgehts007 (small blind) folded before Flop
Seat 9: SARA PEZ (big blind) collected ($1.20)



PokerStars Game #20149241658:  Hold'em No Limit ($0.25/$0.50) - 2008/09/04 18:29:15 ET
Table 'Kollaa III' 9-max Seat #8 is the button
Seat 1: Faraon777 ($50 in chips) 
Seat 2: Davidos ($40.35 in chips) 
Seat 3: JonnyC27 ($24.50 in chips) 
Seat 4: drewbabez ($47.75 in chips) 
Seat 5: TheVinz ($63.30 in chips) 
Seat 6: Alameda22 ($96.75 in chips) 
Seat 7: HomerrrJay ($56.05 in chips) 
Seat 8: aufgehts007 ($92.10 in chips) 
Seat 9: SARA PEZ ($50.95 in chips) 
SARA PEZ: posts small blind $0.25
Faraon777: posts big blind $0.50
*** HOLE CARDS ***
Dealt to Alameda22 [3h 7d]
Davidos: folds 
JonnyC27: folds 
drewbabez: folds 
TheVinz: folds 
Alameda22: folds 
HomerrrJay: folds 
aufgehts007: folds 
SARA PEZ: folds 
Uncalled bet ($0.25) returned to Faraon777
Faraon777 collected $0.50 from pot
Faraon777: doesn't show hand 
*** SUMMARY ***
Total pot $0.50 | Rake $0 
Seat 1: Faraon777 (big blind) collected ($0.50)
Seat 2: Davidos folded before Flop (didn't bet)
Seat 3: JonnyC27 folded before Flop (didn't bet)
Seat 4: drewbabez folded before Flop (didn't bet)
Seat 5: TheVinz folded before Flop (didn't bet)
Seat 6: Alameda22 folded before Flop (didn't bet)
Seat 7: HomerrrJay folded before Flop (didn't bet)
Seat 8: aufgehts007 (button) folded before Flop (didn't bet)
Seat 9: SARA PEZ (small blind) folded before Flop



PokerStars Game #20149255843:  Hold'em No Limit ($0.25/$0.50) - 2008/09/04 18:29:53 ET
Table 'Kollaa III' 9-max Seat #9 is the button
Seat 1: Faraon777 ($50.25 in chips) 
Seat 2: Davidos ($40.35 in chips) 
Seat 3: JonnyC27 ($24.50 in chips) 
Seat 4: drewbabez ($47.75 in chips) 
Seat 5: TheVinz ($63.30 in chips) 
Seat 6: Alameda22 ($96.75 in chips) 
Seat 7: HomerrrJay ($56.05 in chips) 
Seat 8: aufgehts007 ($92.10 in chips) 
Seat 9: SARA PEZ ($50.70 in chips) 
Faraon777: posts small blind $0.25
Davidos: posts big blind $0.50
*** HOLE CARDS ***
Dealt to Alameda22 [9s Js]
JonnyC27: folds 
drewbabez: folds 
TheVinz: raises $1 to $1.50
Alameda22: folds 
HomerrrJay: folds 
aufgehts007: calls $1.50
SARA PEZ: calls $1.50
Faraon777: folds 
Davidos: calls $1
*** FLOP *** [Ah 7c Ks]
Davidos: checks 
TheVinz: bets $3
aufgehts007: folds 
SARA PEZ: calls $3
Davidos: calls $3
*** TURN *** [Ah 7c Ks] [Kd]
Davidos: checks 
TheVinz: checks 
SARA PEZ: checks 
*** RIVER *** [Ah 7c Ks Kd] [6s]
Davidos: checks 
TheVinz: bets $8
SARA PEZ: calls $8
Davidos: folds 
*** SHOW DOWN ***
TheVinz: shows [Kh As] (a full house, Kings full of Aces)
SARA PEZ: mucks hand 
TheVinz collected $29.75 from pot
*** SUMMARY ***
Total pot $31.25 | Rake $1.50 
Board [Ah 7c Ks Kd 6s]
Seat 1: Faraon777 (small blind) folded before Flop
Seat 2: Davidos (big blind) folded on the River
Seat 3: JonnyC27 folded before Flop (didn't bet)
Seat 4: drewbabez folded before Flop (didn't bet)
Seat 5: TheVinz showed [Kh As] and won ($29.75) with a full house, Kings full of Aces
Seat 6: Alameda22 folded before Flop (didn't bet)
Seat 7: HomerrrJay folded before Flop (didn't bet)
Seat 8: aufgehts007 folded on the Flop
Seat 9: SARA PEZ (button) mucked [Ad Qh]



PokerStars Game #20149324475:  Hold'em No Limit ($0.25/$0.50) - 2008/09/04 18:32:57 ET
Table 'Kollaa III' 9-max Seat #1 is the button
Seat 1: Faraon777 ($50 in chips) 
Seat 2: Davidos ($35.85 in chips) 
Seat 3: JonnyC27 ($24.50 in chips) 
Seat 4: drewbabez ($47.75 in chips) 
Seat 5: TheVinz ($80.55 in chips) 
Seat 6: Alameda22 ($96.75 in chips) 
Seat 7: HomerrrJay ($56.05 in chips) 
Seat 8: aufgehts007 ($90.60 in chips) 
Seat 9: SARA PEZ ($45.80 in chips) 
Davidos: posts small blind $0.25
JonnyC27: posts big blind $0.50
*** HOLE CARDS ***
Dealt to Alameda22 [4h Kc]
drewbabez: folds 
TheVinz: folds 
Alameda22: folds 
HomerrrJay: folds 
aufgehts007: folds 
SARA PEZ: raises $0.75 to $1.25
Faraon777: folds 
Davidos: folds 
JonnyC27: folds 
Uncalled bet ($0.75) returned to SARA PEZ
SARA PEZ collected $1.25 from pot
SARA PEZ: doesn't show hand 
*** SUMMARY ***
Total pot $1.25 | Rake $0 
Seat 1: Faraon777 (button) folded before Flop (didn't bet)
Seat 2: Davidos (small blind) folded before Flop
Seat 3: JonnyC27 (big blind) folded before Flop
Seat 4: drewbabez folded before Flop (didn't bet)
Seat 5: TheVinz folded before Flop (didn't bet)
Seat 6: Alameda22 folded before Flop (didn't bet)
Seat 7: HomerrrJay folded before Flop (didn't bet)
Seat 8: aufgehts007 folded before Flop (didn't bet)
Seat 9: SARA PEZ collected ($1.25)



PokerStars Game #20149342154:  Hold'em No Limit ($0.25/$0.50) - 2008/09/04 18:33:45 ET
Table 'Kollaa III' 9-max Seat #2 is the button
Seat 1: Faraon777 ($50 in chips) 
Seat 2: Davidos ($35.60 in chips) 
Seat 3: JonnyC27 ($24 in chips) 
Seat 4: drewbabez ($47.75 in chips) 
Seat 5: TheVinz ($80.55 in chips) 
Seat 6: Alameda22 ($96.75 in chips) 
Seat 7: HomerrrJay ($56.05 in chips) 
Seat 8: aufgehts007 ($90.60 in chips) 
Seat 9: SARA PEZ ($50 in chips) 
JonnyC27: posts small blind $0.25
drewbabez: posts big blind $0.50
*** HOLE CARDS ***
Dealt to Alameda22 [9d Td]
TheVinz: folds 
Alameda22: folds 
HomerrrJay: raises $1.50 to $2
aufgehts007: folds 
SARA PEZ: folds 
Faraon777: folds 
Davidos: folds 
JonnyC27: calls $1.75
drewbabez: folds 
*** FLOP *** [4c Qd 7d]
JonnyC27: checks 
HomerrrJay: bets $3
JonnyC27: folds 
Uncalled bet ($3) returned to HomerrrJay
HomerrrJay collected $4.30 from pot
HomerrrJay: doesn't show hand 
*** SUMMARY ***
Total pot $4.50 | Rake $0.20 
Board [4c Qd 7d]
Seat 1: Faraon777 folded before Flop (didn't bet)
Seat 2: Davidos (button) folded before Flop (didn't bet)
Seat 3: JonnyC27 (small blind) folded on the Flop
Seat 4: drewbabez (big blind) folded before Flop
Seat 5: TheVinz folded before Flop (didn't bet)
Seat 6: Alameda22 folded before Flop (didn't bet)
Seat 7: HomerrrJay collected ($4.30)
Seat 8: aufgehts007 folded before Flop (didn't bet)
Seat 9: SARA PEZ folded before Flop (didn't bet)



PokerStars Game #20149365463:  Hold'em No Limit ($0.25/$0.50) - 2008/09/04 18:34:48 ET
Table 'Kollaa III' 9-max Seat #3 is the button
Seat 1: Faraon777 ($50 in chips) 
Seat 2: Davidos ($35.60 in chips) 
Seat 3: JonnyC27 ($22 in chips) 
Seat 4: drewbabez ($50 in chips) 
Seat 5: TheVinz ($80.55 in chips) 
Seat 6: Alameda22 ($96.75 in chips) 
Seat 7: HomerrrJay ($58.35 in chips) 
Seat 8: aufgehts007 ($90.60 in chips) 
Seat 9: SARA PEZ ($50 in chips) 
drewbabez: posts small blind $0.25
TheVinz: posts big blind $0.50
*** HOLE CARDS ***
Dealt to Alameda22 [4c Jd]
Alameda22: folds 
HomerrrJay: folds 
aufgehts007: folds 
SARA PEZ: folds 
Faraon777: folds 
Davidos: calls $0.50
JonnyC27: folds 
drewbabez: calls $0.25
TheVinz: checks 
*** FLOP *** [Ac 7s Qc]
drewbabez: checks 
TheVinz: checks 
Davidos: checks 
*** TURN *** [Ac 7s Qc] [4h]
drewbabez: bets $1
TheVinz: calls $1
Davidos: folds 
*** RIVER *** [Ac 7s Qc 4h] [Kc]
drewbabez: checks 
TheVinz: checks 
*** SHOW DOWN ***
drewbabez: shows [Ah 5s] (a pair of Aces)
TheVinz: mucks hand 
drewbabez collected $3.35 from pot
*** SUMMARY ***
Total pot $3.50 | Rake $0.15 
Board [Ac 7s Qc 4h Kc]
Seat 1: Faraon777 folded before Flop (didn't bet)
Seat 2: Davidos folded on the Turn
Seat 3: JonnyC27 (button) folded before Flop (didn't bet)
Seat 4: drewbabez (small blind) showed [Ah 5s] and won ($3.35) with a pair of Aces
Seat 5: TheVinz (big blind) mucked [7d Th]
Seat 6: Alameda22 folded before Flop (didn't bet)
Seat 7: HomerrrJay folded before Flop (didn't bet)
Seat 8: aufgehts007 folded before Flop (didn't bet)
Seat 9: SARA PEZ folded before Flop (didn't bet)



PokerStars Game #20149401120:  Hold'em No Limit ($0.25/$0.50) - 2008/09/04 18:36:24 ET
Table 'Kollaa III' 9-max Seat #4 is the button
Seat 1: Faraon777 ($50 in chips) 
Seat 2: Davidos ($35.10 in chips) 
Seat 3: JonnyC27 ($22 in chips) 
Seat 4: drewbabez ($51.85 in chips) 
Seat 5: TheVinz ($79.05 in chips) 
Seat 6: Alameda22 ($96.75 in chips) 
Seat 7: HomerrrJay ($58.35 in chips) 
Seat 8: aufgehts007 ($90.60 in chips) 
Seat 9: SARA PEZ ($50 in chips) 
TheVinz: posts small blind $0.25
Alameda22: posts big blind $0.50
*** HOLE CARDS ***
Dealt to Alameda22 [2h 6d]
HomerrrJay: raises $1.50 to $2
aufgehts007: folds 
SARA PEZ: folds 
Faraon777: folds 
Davidos: calls $2
JonnyC27: raises $3 to $5
drewbabez: folds 
TheVinz: folds 
Alameda22: folds 
HomerrrJay: folds 
Davidos: calls $3
*** FLOP *** [4s Ad 8d]
Davidos: checks 
JonnyC27: bets $5
Davidos: folds 
Uncalled bet ($5) returned to JonnyC27
JonnyC27 collected $12.15 from pot
JonnyC27: doesn't show hand 
*** SUMMARY ***
Total pot $12.75 | Rake $0.60 
Board [4s Ad 8d]
Seat 1: Faraon777 folded before Flop (didn't bet)
Seat 2: Davidos folded on the Flop
Seat 3: JonnyC27 collected ($12.15)
Seat 4: drewbabez (button) folded before Flop (didn't bet)
Seat 5: TheVinz (small blind) folded before Flop
Seat 6: Alameda22 (big blind) folded before Flop
Seat 7: HomerrrJay folded before Flop
Seat 8: aufgehts007 folded before Flop (didn't bet)
Seat 9: SARA PEZ folded before Flop (didn't bet)



PokerStars Game #20149436399:  Hold'em No Limit ($0.25/$0.50) - 2008/09/04 18:37:58 ET
Table 'Kollaa III' 9-max Seat #5 is the button
Seat 1: Faraon777 ($50 in chips) 
Seat 2: Davidos ($30.10 in chips) 
Seat 3: JonnyC27 ($29.15 in chips) 
Seat 4: drewbabez ($51.85 in chips) 
Seat 5: TheVinz ($78.80 in chips) 
Seat 6: Alameda22 ($96.25 in chips) 
Seat 7: HomerrrJay ($56.35 in chips) 
Seat 8: aufgehts007 ($90.60 in chips) 
Seat 9: SARA PEZ ($50 in chips) 
Alameda22: posts small blind $0.25
HomerrrJay: posts big blind $0.50
*** HOLE CARDS ***
Dealt to Alameda22 [9h Qs]
aufgehts007: folds 
SARA PEZ: folds 
Faraon777: raises $1.50 to $2
Davidos: folds 
JonnyC27: folds 
drewbabez: folds 
TheVinz: calls $2
Alameda22: folds 
HomerrrJay: folds 
*** FLOP *** [Ah Js 2s]
Faraon777: bets $3
TheVinz: calls $3
*** TURN *** [Ah Js 2s] [9c]
Faraon777: checks 
TheVinz: bets $5.50
Faraon777: folds 
Uncalled bet ($5.50) returned to TheVinz
TheVinz collected $10.25 from pot
*** SUMMARY ***
Total pot $10.75 | Rake $0.50 
Board [Ah Js 2s 9c]
Seat 1: Faraon777 folded on the Turn
Seat 2: Davidos folded before Flop (didn't bet)
Seat 3: JonnyC27 folded before Flop (didn't bet)
Seat 4: drewbabez folded before Flop (didn't bet)
Seat 5: TheVinz (button) collected ($10.25)
Seat 6: Alameda22 (small blind) folded before Flop
Seat 7: HomerrrJay (big blind) folded before Flop
Seat 8: aufgehts007 folded before Flop (didn't bet)
Seat 9: SARA PEZ folded before Flop (didn't bet)



PokerStars Game #20149462881:  Hold'em No Limit ($0.25/$0.50) - 2008/09/04 18:39:09 ET
Table 'Kollaa III' 9-max Seat #6 is the button
Seat 1: Faraon777 ($50 in chips) 
Seat 2: Davidos ($30.10 in chips) 
Seat 3: JonnyC27 ($29.15 in chips) 
Seat 4: drewbabez ($51.85 in chips) 
Seat 5: TheVinz ($84.05 in chips) 
Seat 6: Alameda22 ($96 in chips) 
Seat 7: HomerrrJay ($55.85 in chips) 
Seat 8: aufgehts007 ($90.60 in chips) 
Seat 9: SARA PEZ ($50 in chips) 
HomerrrJay: posts small blind $0.25
aufgehts007: posts big blind $0.50
*** HOLE CARDS ***
Dealt to Alameda22 [4d 8s]
SARA PEZ: folds 
Faraon777: folds 
Davidos: calls $0.50
JonnyC27: raises $1.50 to $2
drewbabez: folds 
TheVinz: folds 
Alameda22: folds 
HomerrrJay: folds 
aufgehts007: folds 
Davidos: folds 
Uncalled bet ($1.50) returned to JonnyC27
JonnyC27 collected $1.75 from pot
JonnyC27: doesn't show hand 
*** SUMMARY ***
Total pot $1.75 | Rake $0 
Seat 1: Faraon777 folded before Flop (didn't bet)
Seat 2: Davidos folded before Flop
Seat 3: JonnyC27 collected ($1.75)
Seat 4: drewbabez folded before Flop (didn't bet)
Seat 5: TheVinz folded before Flop (didn't bet)
Seat 6: Alameda22 (button) folded before Flop (didn't bet)
Seat 7: HomerrrJay (small blind) folded before Flop
Seat 8: aufgehts007 (big blind) folded before Flop
Seat 9: SARA PEZ folded before Flop (didn't bet)



PokerStars Game #20149481356:  Hold'em No Limit ($0.25/$0.50) - 2008/09/04 18:39:58 ET
Table 'Kollaa III' 9-max Seat #7 is the button
Seat 1: Faraon777 ($50 in chips) 
Seat 2: Davidos ($29.60 in chips) 
Seat 3: JonnyC27 ($30.40 in chips) 
Seat 4: drewbabez ($51.85 in chips) 
Seat 5: TheVinz ($84.05 in chips) 
Seat 6: Alameda22 ($96 in chips) 
Seat 7: HomerrrJay ($55.60 in chips) 
Seat 8: aufgehts007 ($90.10 in chips) 
Seat 9: SARA PEZ ($50 in chips) 
aufgehts007: posts small blind $0.25
SARA PEZ: posts big blind $0.50
*** HOLE CARDS ***
Dealt to Alameda22 [7d 2c]
Faraon777: raises $1 to $1.50
Davidos: folds 
JonnyC27: folds 
drewbabez: folds 
TheVinz: folds 
Alameda22: folds 
HomerrrJay: folds 
aufgehts007: folds 
SARA PEZ: folds 
Uncalled bet ($1) returned to Faraon777
Faraon777 collected $1.25 from pot
Faraon777: doesn't show hand 
*** SUMMARY ***
Total pot $1.25 | Rake $0 
Seat 1: Faraon777 collected ($1.25)
Seat 2: Davidos folded before Flop (didn't bet)
Seat 3: JonnyC27 folded before Flop (didn't bet)
Seat 4: drewbabez folded before Flop (didn't bet)
Seat 5: TheVinz folded before Flop (didn't bet)
Seat 6: Alameda22 folded before Flop (didn't bet)
Seat 7: HomerrrJay (button) folded before Flop (didn't bet)
Seat 8: aufgehts007 (small blind) folded before Flop
Seat 9: SARA PEZ (big blind) folded before Flop



PokerStars Game #20149498824:  Hold'em No Limit ($0.25/$0.50) - 2008/09/04 18:40:45 ET
Table 'Kollaa III' 9-max Seat #8 is the button
Seat 1: Faraon777 ($50.75 in chips) 
Seat 2: Davidos ($29.60 in chips) 
Seat 3: JonnyC27 ($30.40 in chips) 
Seat 4: drewbabez ($51.85 in chips) 
Seat 5: TheVinz ($84.05 in chips) 
Seat 6: Alameda22 ($96 in chips) 
Seat 7: HomerrrJay ($55.60 in chips) 
Seat 8: aufgehts007 ($89.85 in chips) 
Seat 9: SARA PEZ ($49.50 in chips) 
SARA PEZ: posts small blind $0.25
Faraon777: posts big blind $0.50
*** HOLE CARDS ***
Dealt to Alameda22 [Kd 8h]
Davidos: raises $1 to $1.50
JonnyC27: folds 
drewbabez: folds 
TheVinz: raises $2.50 to $4
Alameda22: folds 
HomerrrJay: folds 
aufgehts007: folds 
SARA PEZ: folds 
Faraon777: folds 
Davidos: calls $2.50
*** FLOP *** [7s 4h 3c]
Davidos: checks 
TheVinz: bets $5.50
Davidos: folds 
Uncalled bet ($5.50) returned to TheVinz
TheVinz collected $8.35 from pot
*** SUMMARY ***
Total pot $8.75 | Rake $0.40 
Board [7s 4h 3c]
Seat 1: Faraon777 (big blind) folded before Flop
Seat 2: Davidos folded on the Flop
Seat 3: JonnyC27 folded before Flop (didn't bet)
Seat 4: drewbabez folded before Flop (didn't bet)
Seat 5: TheVinz collected ($8.35)
Seat 6: Alameda22 folded before Flop (didn't bet)
Seat 7: HomerrrJay folded before Flop (didn't bet)
Seat 8: aufgehts007 (button) folded before Flop (didn't bet)
Seat 9: SARA PEZ (small blind) folded before Flop



PokerStars Game #20149527315:  Hold'em No Limit ($0.25/$0.50) - 2008/09/04 18:42:02 ET
Table 'Kollaa III' 9-max Seat #9 is the button
Seat 1: Faraon777 ($50.25 in chips) 
Seat 2: Davidos ($25.60 in chips) 
Seat 3: JonnyC27 ($30.40 in chips) 
Seat 4: drewbabez ($51.85 in chips) 
Seat 5: TheVinz ($88.40 in chips) 
Seat 6: Alameda22 ($96 in chips) 
Seat 7: HomerrrJay ($55.60 in chips) 
Seat 8: aufgehts007 ($89.85 in chips) 
Seat 9: SARA PEZ ($49.25 in chips) 
Faraon777: posts small blind $0.25
Davidos: posts big blind $0.50
*** HOLE CARDS ***
Dealt to Alameda22 [Ah 7s]
JonnyC27: folds 
drewbabez: folds 
TheVinz: folds 
Alameda22: folds 
HomerrrJay: folds 
aufgehts007: calls $0.50
SARA PEZ: folds 
Faraon777: folds 
Davidos: raises $1.50 to $2
aufgehts007: folds 
Uncalled bet ($1.50) returned to Davidos
Davidos collected $1.25 from pot
Davidos: doesn't show hand 
*** SUMMARY ***
Total pot $1.25 | Rake $0 
Seat 1: Faraon777 (small blind) folded before Flop
Seat 2: Davidos (big blind) collected ($1.25)
Seat 3: JonnyC27 folded before Flop (didn't bet)
Seat 4: drewbabez folded before Flop (didn't bet)
Seat 5: TheVinz folded before Flop (didn't bet)
Seat 6: Alameda22 folded before Flop (didn't bet)
Seat 7: HomerrrJay folded before Flop (didn't bet)
Seat 8: aufgehts007 folded before Flop
Seat 9: SARA PEZ (button) folded before Flop (didn't bet)



PokerStars Game #20149549866:  Hold'em No Limit ($0.25/$0.50) - 2008/09/04 18:43:04 ET
Table 'Kollaa III' 9-max Seat #1 is the button
Seat 1: Faraon777 ($50 in chips) 
Seat 2: Davidos ($26.35 in chips) 
Seat 3: JonnyC27 ($30.40 in chips) 
Seat 4: drewbabez ($51.85 in chips) 
Seat 5: TheVinz ($88.40 in chips) 
Seat 6: Alameda22 ($96 in chips) 
Seat 7: HomerrrJay ($55.60 in chips) 
Seat 8: aufgehts007 ($89.35 in chips) 
Seat 9: SARA PEZ ($49.25 in chips) 
Davidos: posts small blind $0.25
JonnyC27: posts big blind $0.50
*** HOLE CARDS ***
Dealt to Alameda22 [Kh 6c]
drewbabez: folds 
TheVinz: folds 
Alameda22: folds 
HomerrrJay: raises $1.50 to $2
aufgehts007: folds 
SARA PEZ: folds 
Faraon777: folds 
Davidos: folds 
JonnyC27: folds 
Uncalled bet ($1.50) returned to HomerrrJay
HomerrrJay collected $1.25 from pot
HomerrrJay: doesn't show hand 
*** SUMMARY ***
Total pot $1.25 | Rake $0 
Seat 1: Faraon777 (button) folded before Flop (didn't bet)
Seat 2: Davidos (small blind) folded before Flop
Seat 3: JonnyC27 (big blind) folded before Flop
Seat 4: drewbabez folded before Flop (didn't bet)
Seat 5: TheVinz folded before Flop (didn't bet)
Seat 6: Alameda22 folded before Flop (didn't bet)
Seat 7: HomerrrJay collected ($1.25)
Seat 8: aufgehts007 folded before Flop (didn't bet)
Seat 9: SARA PEZ folded before Flop (didn't bet)



PokerStars Game #20149573152:  Hold'em No Limit ($0.25/$0.50) - 2008/09/04 18:44:07 ET
Table 'Kollaa III' 9-max Seat #2 is the button
Seat 1: Faraon777 ($50 in chips) 
Seat 2: Davidos ($26.10 in chips) 
Seat 3: JonnyC27 ($29.90 in chips) 
Seat 4: drewbabez ($51.85 in chips) 
Seat 5: TheVinz ($88.40 in chips) 
Seat 6: Alameda22 ($96 in chips) 
Seat 7: HomerrrJay ($56.35 in chips) 
Seat 8: aufgehts007 ($89.35 in chips) 
Seat 9: SARA PEZ ($49.25 in chips) 
JonnyC27: posts small blind $0.25
drewbabez: posts big blind $0.50
*** HOLE CARDS ***
Dealt to Alameda22 [7d 4d]
TheVinz: folds 
Alameda22: folds 
HomerrrJay: raises $1.50 to $2
aufgehts007: folds 
SARA PEZ: folds 
Faraon777: folds 
Davidos: folds 
JonnyC27: calls $1.75
drewbabez: folds 
*** FLOP *** [Ah 3h Th]
JonnyC27: checks 
HomerrrJay: bets $3.50
JonnyC27: calls $3.50
*** TURN *** [Ah 3h Th] [3c]
JonnyC27: checks 
HomerrrJay: bets $5.50
JonnyC27: calls $5.50
*** RIVER *** [Ah 3h Th 3c] [Qd]
JonnyC27: checks 
HomerrrJay: bets $9
JonnyC27: folds 
Uncalled bet ($9) returned to HomerrrJay
HomerrrJay collected $21.45 from pot
HomerrrJay: doesn't show hand 
*** SUMMARY ***
Total pot $22.50 | Rake $1.05 
Board [Ah 3h Th 3c Qd]
Seat 1: Faraon777 folded before Flop (didn't bet)
Seat 2: Davidos (button) folded before Flop (didn't bet)
Seat 3: JonnyC27 (small blind) folded on the River
Seat 4: drewbabez (big blind) folded before Flop
Seat 5: TheVinz folded before Flop (didn't bet)
Seat 6: Alameda22 folded before Flop (didn't bet)
Seat 7: HomerrrJay collected ($21.45)
Seat 8: aufgehts007 folded before Flop (didn't bet)
Seat 9: SARA PEZ folded before Flop (didn't bet)



PokerStars Game #20149615063:  Hold'em No Limit ($0.25/$0.50) - 2008/09/04 18:46:01 ET
Table 'Kollaa III' 9-max Seat #3 is the button
Seat 1: Faraon777 ($50 in chips) 
Seat 2: Davidos ($26.10 in chips) 
Seat 3: JonnyC27 ($18.90 in chips) 
Seat 4: drewbabez ($51.35 in chips) 
Seat 6: Alameda22 ($96 in chips) 
Seat 7: HomerrrJay ($66.80 in chips) 
Seat 8: aufgehts007 ($89.35 in chips) 
Seat 9: SARA PEZ ($49.25 in chips) 
drewbabez: posts small blind $0.25
TheVinz: is sitting out 
Alameda22: posts big blind $0.50
*** HOLE CARDS ***
Dealt to Alameda22 [Qs Js]
HomerrrJay: folds 
aufgehts007: folds 
TheVinz leaves the table
HomerrrJay leaves the table
SARA PEZ: folds 
Faraon777: folds 
Davidos: folds 
JonnyC27: raises $0.50 to $1
drewbabez: folds 
Alameda22: calls $0.50
*** FLOP *** [6d 9h Qd]
Alameda22: bets $1.50
JonnyC27: calls $1.50
*** TURN *** [6d 9h Qd] [7s]
Alameda22: checks 
JonnyC27: checks 
*** RIVER *** [6d 9h Qd 7s] [Jd]
Alameda22: bets $3.50
JonnyC27: folds 
Uncalled bet ($3.50) returned to Alameda22
Alameda22 collected $5 from pot
Alameda22: doesn't show hand 
*** SUMMARY ***
Total pot $5.25 | Rake $0.25 
Board [6d 9h Qd 7s Jd]
Seat 1: Faraon777 folded before Flop (didn't bet)
Seat 2: Davidos folded before Flop (didn't bet)
Seat 3: JonnyC27 (button) folded on the River
Seat 4: drewbabez (small blind) folded before Flop
Seat 6: Alameda22 (big blind) collected ($5)
Seat 7: HomerrrJay folded before Flop (didn't bet)
Seat 8: aufgehts007 folded before Flop (didn't bet)
Seat 9: SARA PEZ folded before Flop (didn't bet)



PokerStars Game #20149654419:  Hold'em No Limit ($0.25/$0.50) - 2008/09/04 18:47:48 ET
Table 'Kollaa III' 9-max Seat #4 is the button
Seat 1: Faraon777 ($50 in chips) 
Seat 2: Davidos ($26.10 in chips) 
Seat 3: JonnyC27 ($16.40 in chips) 
Seat 4: drewbabez ($51.10 in chips) 
Seat 6: Alameda22 ($98.50 in chips) 
Seat 8: aufgehts007 ($89.35 in chips) 
Seat 9: SARA PEZ ($49.25 in chips) 
Alameda22: posts small blind $0.25
aufgehts007 is disconnected 
72_loser joins the table at seat #5 
aufgehts007 is connected 
aufgehts007: posts big blind $0.50
*** HOLE CARDS ***
Dealt to Alameda22 [9d Qh]
SARA PEZ: folds 
Mumbles101 joins the table at seat #7 
Faraon777: folds 
Davidos: folds 
JonnyC27: folds 
drewbabez: folds 
Alameda22: folds 
Uncalled bet ($0.25) returned to aufgehts007
aufgehts007 collected $0.50 from pot
aufgehts007: doesn't show hand 
*** SUMMARY ***
Total pot $0.50 | Rake $0 
Seat 1: Faraon777 folded before Flop (didn't bet)
Seat 2: Davidos folded before Flop (didn't bet)
Seat 3: JonnyC27 folded before Flop (didn't bet)
Seat 4: drewbabez (button) folded before Flop (didn't bet)
Seat 6: Alameda22 (small blind) folded before Flop
Seat 8: aufgehts007 (big blind) collected ($0.50)
Seat 9: SARA PEZ folded before Flop (didn't bet)



PokerStars Game #20149677525:  Hold'em No Limit ($0.25/$0.50) - 2008/09/04 18:48:50 ET
Table 'Kollaa III' 9-max Seat #6 is the button
Seat 1: Faraon777 ($50 in chips) 
Seat 2: Davidos ($26.10 in chips) 
Seat 3: JonnyC27 ($16.40 in chips) 
Seat 4: drewbabez ($51.10 in chips) 
Seat 5: 72_loser ($29.70 in chips) 
Seat 6: Alameda22 ($98.25 in chips) 
Seat 8: aufgehts007 ($89.60 in chips) 
Seat 9: SARA PEZ ($49.25 in chips) 
Mumbles101 will be allowed to play after the button
aufgehts007: posts small blind $0.25
SARA PEZ: posts big blind $0.50
72_loser: posts big blind $0.50
*** HOLE CARDS ***
Dealt to Alameda22 [2h Jh]
Faraon777: folds 
Davidos: calls $0.50
JonnyC27: calls $0.50
drewbabez: folds 
72_loser: checks 
Alameda22: folds 
aufgehts007: raises $3.50 to $4
SARA PEZ: folds 
Davidos: calls $3.50
JonnyC27: folds 
72_loser: folds 
*** FLOP *** [8s 9s Kd]
aufgehts007: bets $4.50
Davidos: calls $4.50
*** TURN *** [8s 9s Kd] [5d]
aufgehts007: checks 
Davidos: checks 
*** RIVER *** [8s 9s Kd 5d] [Ks]
aufgehts007: bets $16.50
Davidos: raises $1.10 to $17.60 and is all-in
aufgehts007: calls $1.10
*** SHOW DOWN ***
Davidos: shows [Js Qs] (a flush, King high)
aufgehts007: mucks hand 
Davidos collected $51.10 from pot
*** SUMMARY ***
Total pot $53.70 | Rake $2.60 
Board [8s 9s Kd 5d Ks]
Seat 1: Faraon777 folded before Flop (didn't bet)
Seat 2: Davidos showed [Js Qs] and won ($51.10) with a flush, King high
Seat 3: JonnyC27 folded before Flop
Seat 4: drewbabez folded before Flop (didn't bet)
Seat 5: 72_loser folded before Flop
Seat 6: Alameda22 (button) folded before Flop (didn't bet)
Seat 8: aufgehts007 (small blind) mucked [Ad Kh]
Seat 9: SARA PEZ (big blind) folded before Flop



PokerStars Game #20149708419:  Hold'em No Limit ($0.25/$0.50) - 2008/09/04 18:50:15 ET
Table 'Kollaa III' 9-max Seat #8 is the button
Seat 1: Faraon777 ($50 in chips) 
Seat 2: Davidos ($51.10 in chips) 
Seat 3: JonnyC27 ($15.90 in chips) 
Seat 4: drewbabez ($51.10 in chips) 
Seat 5: 72_loser ($29.20 in chips) 
Seat 6: Alameda22 ($98.25 in chips) 
Seat 7: Mumbles101 ($50 in chips) 
Seat 8: aufgehts007 ($63.50 in chips) 
Seat 9: SARA PEZ ($48.75 in chips) 
SARA PEZ: posts small blind $0.25
Faraon777: posts big blind $0.50
Mumbles101: posts big blind $0.50
*** HOLE CARDS ***
Dealt to Alameda22 [2d Kh]
Davidos: calls $0.50
JonnyC27: calls $0.50
drewbabez: calls $0.50
72_loser: calls $0.50
Alameda22: folds 
Mumbles101: checks 
aufgehts007: raises $5 to $5.50
SARA PEZ: folds 
Faraon777: folds 
Davidos: calls $5
JonnyC27: calls $5
drewbabez: folds 
72_loser: folds 
Mumbles101: folds 
*** FLOP *** [3d 6c As]
Davidos: checks 
JonnyC27: bets $10.40 and is all-in
aufgehts007: calls $10.40
Davidos: folds 
*** TURN *** [3d 6c As] [Tc]
*** RIVER *** [3d 6c As Tc] [4d]
*** SHOW DOWN ***
JonnyC27: shows [8c Ah] (a pair of Aces)
aufgehts007: shows [Kd Ac] (a pair of Aces - King kicker)
aufgehts007 collected $37.65 from pot
*** SUMMARY ***
Total pot $39.55 | Rake $1.90 
Board [3d 6c As Tc 4d]
Seat 1: Faraon777 (big blind) folded before Flop
Seat 2: Davidos folded on the Flop
Seat 3: JonnyC27 showed [8c Ah] and lost with a pair of Aces
Seat 4: drewbabez folded before Flop
Seat 5: 72_loser folded before Flop
Seat 6: Alameda22 folded before Flop (didn't bet)
Seat 7: Mumbles101 folded before Flop
Seat 8: aufgehts007 (button) showed [Kd Ac] and won ($37.65) with a pair of Aces
Seat 9: SARA PEZ (small blind) folded before Flop



PokerStars Game #20149745883:  Hold'em No Limit ($0.25/$0.50) - 2008/09/04 18:51:57 ET
Table 'Kollaa III' 9-max Seat #9 is the button
Seat 1: Faraon777 ($50 in chips) 
Seat 2: Davidos ($45.60 in chips) 
Seat 4: drewbabez ($50.60 in chips) 
Seat 5: 72_loser ($28.70 in chips) 
Seat 6: Alameda22 ($98.25 in chips) 
Seat 7: Mumbles101 ($49.50 in chips) 
Seat 8: aufgehts007 ($85.25 in chips) 
Seat 9: SARA PEZ ($48.50 in chips) 
Faraon777: posts small blind $0.25
Davidos: posts big blind $0.50
*** HOLE CARDS ***
Dealt to Alameda22 [9d 8h]
JonnyC27 leaves the table
drewbabez: folds 
72_loser: calls $0.50
Alameda22: folds 
Mumbles101: calls $0.50
aufgehts007: folds 
SARA PEZ: folds 
Faraon777: folds 
Davidos: checks 
*** FLOP *** [Kd 6h Th]
Davidos: checks 
72_loser: bets $1.50
Mumbles101: folds 
UBISHERE joins the table at seat #3 
Davidos: folds 
Uncalled bet ($1.50) returned to 72_loser
72_loser collected $1.70 from pot
*** SUMMARY ***
Total pot $1.75 | Rake $0.05 
Board [Kd 6h Th]
Seat 1: Faraon777 (small blind) folded before Flop
Seat 2: Davidos (big blind) folded on the Flop
Seat 4: drewbabez folded before Flop (didn't bet)
Seat 5: 72_loser collected ($1.70)
Seat 6: Alameda22 folded before Flop (didn't bet)
Seat 7: Mumbles101 folded on the Flop
Seat 8: aufgehts007 folded before Flop (didn't bet)
Seat 9: SARA PEZ (button) folded before Flop (didn't bet)



PokerStars Game #20149772013:  Hold'em No Limit ($0.25/$0.50) - 2008/09/04 18:53:08 ET
Table 'Kollaa III' 9-max Seat #1 is the button
Seat 1: Faraon777 ($50 in chips) 
Seat 2: Davidos ($45.10 in chips) 
Seat 3: UBISHERE ($50 in chips) 
Seat 4: drewbabez ($50.60 in chips) 
Seat 5: 72_loser ($29.90 in chips) 
Seat 6: Alameda22 ($98.25 in chips) 
Seat 7: Mumbles101 ($49 in chips) 
Seat 8: aufgehts007 ($85.25 in chips) 
Seat 9: SARA PEZ ($48.50 in chips) 
Davidos: posts small blind $0.25
UBISHERE: posts big blind $0.50
*** HOLE CARDS ***
Dealt to Alameda22 [Th Ks]
drewbabez: folds 
72_loser: raises $1 to $1.50
Alameda22: folds 
Mumbles101: folds 
aufgehts007: folds 
SARA PEZ: folds 
Faraon777: folds 
Davidos: folds 
UBISHERE: folds 
Uncalled bet ($1) returned to 72_loser
72_loser collected $1.25 from pot
*** SUMMARY ***
Total pot $1.25 | Rake $0 
Seat 1: Faraon777 (button) folded before Flop (didn't bet)
Seat 2: Davidos (small blind) folded before Flop
Seat 3: UBISHERE (big blind) folded before Flop
Seat 4: drewbabez folded before Flop (didn't bet)
Seat 5: 72_loser collected ($1.25)
Seat 6: Alameda22 folded before Flop (didn't bet)
Seat 7: Mumbles101 folded before Flop (didn't bet)
Seat 8: aufgehts007 folded before Flop (didn't bet)
Seat 9: SARA PEZ folded before Flop (didn't bet)



PokerStars Game #20149798171:  Hold'em No Limit ($0.25/$0.50) - 2008/09/04 18:54:19 ET
Table 'Kollaa III' 9-max Seat #2 is the button
Seat 1: Faraon777 ($50 in chips) 
Seat 2: Davidos ($44.85 in chips) 
Seat 3: UBISHERE ($49.50 in chips) 
Seat 4: drewbabez ($50.60 in chips) 
Seat 5: 72_loser ($30.65 in chips) 
Seat 6: Alameda22 ($98.25 in chips) 
Seat 7: Mumbles101 ($49 in chips) 
Seat 8: aufgehts007 ($85.25 in chips) 
Seat 9: SARA PEZ ($48.50 in chips) 
UBISHERE: posts small blind $0.25
drewbabez: posts big blind $0.50
*** HOLE CARDS ***
Dealt to Alameda22 [7s 8h]
72_loser: folds 
Alameda22: folds 
Mumbles101: folds 
aufgehts007: folds 
SARA PEZ: folds 
Faraon777: folds 
Davidos: raises $1 to $1.50
UBISHERE: folds 
drewbabez: folds 
Uncalled bet ($1) returned to Davidos
Davidos collected $1.25 from pot
Davidos: doesn't show hand 
*** SUMMARY ***
Total pot $1.25 | Rake $0 
Seat 1: Faraon777 folded before Flop (didn't bet)
Seat 2: Davidos (button) collected ($1.25)
Seat 3: UBISHERE (small blind) folded before Flop
Seat 4: drewbabez (big blind) folded before Flop
Seat 5: 72_loser folded before Flop (didn't bet)
Seat 6: Alameda22 folded before Flop (didn't bet)
Seat 7: Mumbles101 folded before Flop (didn't bet)
Seat 8: aufgehts007 folded before Flop (didn't bet)
Seat 9: SARA PEZ folded before Flop (didn't bet)



