PokerStars Game #19922062927:  Hold'em No Limit ($0.10/$0.25) - 2008/08/26 - 18:39:23 (ET)
Table 'Sofala' 9-max Seat #1 is the button
Seat 1: ZMA_sleep ($24.65 in chips) 
Seat 2: rastyrasty ($7.10 in chips) 
Seat 3: Alameda22 ($25 in chips) 
Seat 4: msna ($24.90 in chips) 
Seat 5: allentackett ($37.70 in chips) 
Seat 7: jur7777 ($33.10 in chips) 
Seat 8: sirlarwi ($18.50 in chips) 
Seat 9: Lyugofor ($16.15 in chips) 
rastyrasty: posts small blind $0.10
Alameda22: posts big blind $0.25
*** HOLE CARDS ***
Dealt to Alameda22 [Jc 8s]
msna: folds 
allentackett: calls $0.25
jur7777: folds 
sirlarwi: calls $0.25
Lyugofor: raises $0.75 to $1
ZMA_sleep: folds 
rastyrasty: folds 
Alameda22: folds 
allentackett: calls $0.75
sirlarwi: folds 
*** FLOP *** [4h 2h Kh]
allentackett: checks 
Lyugofor: bets $1.25
allentackett: folds 
Uncalled bet ($1.25) returned to Lyugofor
Lyugofor collected $2.50 from pot
Lyugofor: doesn't show hand 
*** SUMMARY ***
Total pot $2.60 | Rake $0.10 
Board [4h 2h Kh]
Seat 1: ZMA_sleep (button) folded before Flop (didn't bet)
Seat 2: rastyrasty (small blind) folded before Flop
Seat 3: Alameda22 (big blind) folded before Flop
Seat 4: msna folded before Flop (didn't bet)
Seat 5: allentackett folded on the Flop
Seat 7: jur7777 folded before Flop (didn't bet)
Seat 8: sirlarwi folded before Flop
Seat 9: Lyugofor collected ($2.50)



PokerStars Game #19922093162:  Hold'em No Limit ($0.10/$0.25) - 2008/08/26 - 18:40:41 (ET)
Table 'Sofala' 9-max Seat #2 is the button
Seat 1: ZMA_sleep ($24.65 in chips) 
Seat 2: rastyrasty ($7 in chips) 
Seat 3: Alameda22 ($24.75 in chips) 
Seat 4: msna ($24.90 in chips) 
Seat 5: allentackett ($36.70 in chips) 
Seat 7: jur7777 ($33.10 in chips) 
Seat 8: sirlarwi ($18.25 in chips) 
Seat 9: Lyugofor ($17.65 in chips) 
Alameda22: posts small blind $0.10
msna: posts big blind $0.25
*** HOLE CARDS ***
Dealt to Alameda22 [4s 2s]
allentackett: calls $0.25
jur7777: calls $0.25
sirlarwi: folds 
Lyugofor: raises $1 to $1.25
ZMA_sleep: folds 
rastyrasty: folds 
Alameda22: folds 
msna: raises $2.75 to $4
allentackett: folds 
jur7777: folds 
Lyugofor: folds 
Uncalled bet ($2.75) returned to msna
msna collected $3.10 from pot
msna: doesn't show hand 
*** SUMMARY ***
Total pot $3.10 | Rake $0 
Seat 1: ZMA_sleep folded before Flop (didn't bet)
Seat 2: rastyrasty (button) folded before Flop (didn't bet)
Seat 3: Alameda22 (small blind) folded before Flop
Seat 4: msna (big blind) collected ($3.10)
Seat 5: allentackett folded before Flop
Seat 7: jur7777 folded before Flop
Seat 8: sirlarwi folded before Flop (didn't bet)
Seat 9: Lyugofor folded before Flop



PokerStars Game #19922117168:  Hold'em No Limit ($0.10/$0.25) - 2008/08/26 - 18:41:44 (ET)
Table 'Sofala' 9-max Seat #3 is the button
Seat 1: ZMA_sleep ($24.65 in chips) 
Seat 2: rastyrasty ($7 in chips) 
Seat 3: Alameda22 ($24.65 in chips) 
Seat 4: msna ($26.75 in chips) 
Seat 5: allentackett ($36.45 in chips) 
Seat 7: jur7777 ($32.85 in chips) 
Seat 8: sirlarwi ($18.25 in chips) 
Seat 9: Lyugofor ($16.40 in chips) 
msna: posts small blind $0.10
allentackett: posts big blind $0.25
*** HOLE CARDS ***
Dealt to Alameda22 [5c 3s]
jur7777: folds 
sirlarwi: calls $0.25
Lyugofor: folds 
ZMA_sleep: folds 
rastyrasty: folds 
Alameda22: folds 
msna: folds 
allentackett: checks 
*** FLOP *** [Kh 9d Ac]
allentackett: checks 
sirlarwi: bets $0.50
allentackett: folds 
Uncalled bet ($0.50) returned to sirlarwi
sirlarwi collected $0.60 from pot
sirlarwi: doesn't show hand 
*** SUMMARY ***
Total pot $0.60 | Rake $0 
Board [Kh 9d Ac]
Seat 1: ZMA_sleep folded before Flop (didn't bet)
Seat 2: rastyrasty folded before Flop (didn't bet)
Seat 3: Alameda22 (button) folded before Flop (didn't bet)
Seat 4: msna (small blind) folded before Flop
Seat 5: allentackett (big blind) folded on the Flop
Seat 7: jur7777 folded before Flop (didn't bet)
Seat 8: sirlarwi collected ($0.60)
Seat 9: Lyugofor folded before Flop (didn't bet)



PokerStars Game #19922137463:  Hold'em No Limit ($0.10/$0.25) - 2008/08/26 - 18:42:37 (ET)
Table 'Sofala' 9-max Seat #4 is the button
Seat 1: ZMA_sleep ($24.65 in chips) 
Seat 2: rastyrasty ($7 in chips) 
Seat 3: Alameda22 ($24.65 in chips) 
Seat 4: msna ($26.65 in chips) 
Seat 5: allentackett ($36.20 in chips) 
Seat 7: jur7777 ($32.85 in chips) 
Seat 8: sirlarwi ($18.60 in chips) 
Seat 9: Lyugofor ($16.40 in chips) 
allentackett: posts small blind $0.10
jur7777: posts big blind $0.25
*** HOLE CARDS ***
Dealt to Alameda22 [9h 6h]
sirlarwi: folds 
Lyugofor: folds 
ZMA_sleep: folds 
rastyrasty: folds 
Alameda22: folds 
msna: folds 
allentackett: calls $0.15
jur7777: checks 
*** FLOP *** [Th 4d Kc]
allentackett: bets $0.25
jur7777: folds 
Uncalled bet ($0.25) returned to allentackett
allentackett collected $0.50 from pot
allentackett: doesn't show hand 
*** SUMMARY ***
Total pot $0.50 | Rake $0 
Board [Th 4d Kc]
Seat 1: ZMA_sleep folded before Flop (didn't bet)
Seat 2: rastyrasty folded before Flop (didn't bet)
Seat 3: Alameda22 folded before Flop (didn't bet)
Seat 4: msna (button) folded before Flop (didn't bet)
Seat 5: allentackett (small blind) collected ($0.50)
Seat 7: jur7777 (big blind) folded on the Flop
Seat 8: sirlarwi folded before Flop (didn't bet)
Seat 9: Lyugofor folded before Flop (didn't bet)



PokerStars Game #19922152326:  Hold'em No Limit ($0.10/$0.25) - 2008/08/26 - 18:43:15 (ET)
Table 'Sofala' 9-max Seat #5 is the button
Seat 1: ZMA_sleep ($24.65 in chips) 
Seat 2: rastyrasty ($7 in chips) 
Seat 3: Alameda22 ($24.65 in chips) 
Seat 4: msna ($26.65 in chips) 
Seat 5: allentackett ($36.45 in chips) 
Seat 7: jur7777 ($32.60 in chips) 
Seat 8: sirlarwi ($18.60 in chips) 
Seat 9: Lyugofor ($16.40 in chips) 
jur7777: posts small blind $0.10
sirlarwi: posts big blind $0.25
*** HOLE CARDS ***
Dealt to Alameda22 [Ah 5c]
Lyugofor: calls $0.25
ZMA_sleep: folds 
rastyrasty: folds 
Alameda22: folds 
msna: folds 
allentackett: folds 
jur7777: folds 
sirlarwi: checks 
*** FLOP *** [Ts 3s Jd]
sirlarwi: checks 
Lyugofor: bets $0.50
sirlarwi: folds 
Uncalled bet ($0.50) returned to Lyugofor
Lyugofor collected $0.60 from pot
Lyugofor: doesn't show hand 
*** SUMMARY ***
Total pot $0.60 | Rake $0 
Board [Ts 3s Jd]
Seat 1: ZMA_sleep folded before Flop (didn't bet)
Seat 2: rastyrasty folded before Flop (didn't bet)
Seat 3: Alameda22 folded before Flop (didn't bet)
Seat 4: msna folded before Flop (didn't bet)
Seat 5: allentackett (button) folded before Flop (didn't bet)
Seat 7: jur7777 (small blind) folded before Flop
Seat 8: sirlarwi (big blind) folded on the Flop
Seat 9: Lyugofor collected ($0.60)



PokerStars Game #19922165884:  Hold'em No Limit ($0.10/$0.25) - 2008/08/26 - 18:43:51 (ET)
Table 'Sofala' 9-max Seat #7 is the button
Seat 1: ZMA_sleep ($24.65 in chips) 
Seat 2: rastyrasty ($7 in chips) 
Seat 3: Alameda22 ($24.65 in chips) 
Seat 4: msna ($26.65 in chips) 
Seat 5: allentackett ($36.45 in chips) 
Seat 7: jur7777 ($32.50 in chips) 
Seat 8: sirlarwi ($18.35 in chips) 
Seat 9: Lyugofor ($16.75 in chips) 
sirlarwi: posts small blind $0.10
Lyugofor: posts big blind $0.25
*** HOLE CARDS ***
Dealt to Alameda22 [6h 6d]
ZMA_sleep: folds 
eljiji59 has returned
rastyrasty: folds 
Alameda22: folds 
msna: folds 
allentackett: calls $0.25
jur7777: raises $0.75 to $1
sirlarwi: calls $0.90
Lyugofor: folds 
allentackett: calls $0.75
*** FLOP *** [Jh 6s Jd]
sirlarwi: checks 
allentackett: checks 
jur7777: bets $0.55
sirlarwi: folds 
allentackett: folds 
Uncalled bet ($0.55) returned to jur7777
jur7777 collected $3.10 from pot
jur7777: doesn't show hand 
*** SUMMARY ***
Total pot $3.25 | Rake $0.15 
Board [Jh 6s Jd]
Seat 1: ZMA_sleep folded before Flop (didn't bet)
Seat 2: rastyrasty folded before Flop (didn't bet)
Seat 3: Alameda22 folded before Flop (didn't bet)
Seat 4: msna folded before Flop (didn't bet)
Seat 5: allentackett folded on the Flop
Seat 7: jur7777 (button) collected ($3.10)
Seat 8: sirlarwi (small blind) folded on the Flop
Seat 9: Lyugofor (big blind) folded before Flop



PokerStars Game #19922196426:  Hold'em No Limit ($0.10/$0.25) - 2008/08/26 - 18:45:11 (ET)
Table 'Sofala' 9-max Seat #8 is the button
Seat 1: ZMA_sleep ($24.65 in chips) 
Seat 2: rastyrasty ($7 in chips) 
Seat 3: Alameda22 ($24.65 in chips) 
Seat 4: msna ($26.65 in chips) 
Seat 5: allentackett ($35.45 in chips) 
Seat 6: eljiji59 ($25.60 in chips) 
Seat 7: jur7777 ($34.60 in chips) 
Seat 8: sirlarwi ($17.35 in chips) 
Seat 9: Lyugofor ($16.50 in chips) 
Lyugofor: posts small blind $0.10
ZMA_sleep: posts big blind $0.25
eljiji59: posts small & big blinds $0.35
*** HOLE CARDS ***
Dealt to Alameda22 [3s 3d]
rastyrasty: folds 
Alameda22: folds 
msna: folds 
allentackett: folds 
eljiji59: raises $0.75 to $1
jur7777: folds 
sirlarwi: folds 
Lyugofor: folds 
ZMA_sleep: folds 
Uncalled bet ($0.75) returned to eljiji59
eljiji59 collected $0.70 from pot
eljiji59: doesn't show hand 
*** SUMMARY ***
Total pot $0.70 | Rake $0 
Seat 1: ZMA_sleep (big blind) folded before Flop
Seat 2: rastyrasty folded before Flop (didn't bet)
Seat 3: Alameda22 folded before Flop (didn't bet)
Seat 4: msna folded before Flop (didn't bet)
Seat 5: allentackett folded before Flop (didn't bet)
Seat 6: eljiji59 collected ($0.70)
Seat 7: jur7777 folded before Flop (didn't bet)
Seat 8: sirlarwi (button) folded before Flop (didn't bet)
Seat 9: Lyugofor (small blind) folded before Flop



PokerStars Game #19922206389:  Hold'em No Limit ($0.10/$0.25) - 2008/08/26 - 18:45:37 (ET)
Table 'Sofala' 9-max Seat #9 is the button
Seat 1: ZMA_sleep ($24.40 in chips) 
Seat 2: rastyrasty ($7 in chips) 
Seat 3: Alameda22 ($24.65 in chips) 
Seat 4: msna ($26.65 in chips) 
Seat 5: allentackett ($35.45 in chips) 
Seat 6: eljiji59 ($25.95 in chips) 
Seat 7: jur7777 ($34.60 in chips) 
Seat 8: sirlarwi ($17.35 in chips) 
Seat 9: Lyugofor ($16.40 in chips) 
ZMA_sleep: posts small blind $0.10
rastyrasty: posts big blind $0.25
*** HOLE CARDS ***
Dealt to Alameda22 [6c Jd]
Alameda22: folds 
msna: folds 
allentackett: folds 
eljiji59: folds 
jur7777: folds 
sirlarwi: folds 
Lyugofor: folds 
ZMA_sleep: folds 
Uncalled bet ($0.15) returned to rastyrasty
rastyrasty collected $0.20 from pot
*** SUMMARY ***
Total pot $0.20 | Rake $0 
Seat 1: ZMA_sleep (small blind) folded before Flop
Seat 2: rastyrasty (big blind) collected ($0.20)
Seat 3: Alameda22 folded before Flop (didn't bet)
Seat 4: msna folded before Flop (didn't bet)
Seat 5: allentackett folded before Flop (didn't bet)
Seat 6: eljiji59 folded before Flop (didn't bet)
Seat 7: jur7777 folded before Flop (didn't bet)
Seat 8: sirlarwi folded before Flop (didn't bet)
Seat 9: Lyugofor (button) folded before Flop (didn't bet)



PokerStars Game #19922222483:  Hold'em No Limit ($0.10/$0.25) - 2008/08/26 - 18:46:19 (ET)
Table 'Sofala' 9-max Seat #1 is the button
Seat 1: ZMA_sleep ($24.30 in chips) 
Seat 2: rastyrasty ($7.10 in chips) 
Seat 3: Alameda22 ($24.65 in chips) 
Seat 4: msna ($26.65 in chips) 
Seat 5: allentackett ($35.45 in chips) 
Seat 6: eljiji59 ($25.95 in chips) 
Seat 7: jur7777 ($34.60 in chips) 
Seat 8: sirlarwi ($17.35 in chips) 
Seat 9: Lyugofor ($16.40 in chips) 
rastyrasty: posts small blind $0.10
Alameda22: posts big blind $0.25
*** HOLE CARDS ***
Dealt to Alameda22 [2s Js]
msna: folds 
allentackett: folds 
eljiji59: folds 
jur7777: folds 
sirlarwi: folds 
Lyugofor: folds 
ZMA_sleep: folds 
rastyrasty: folds 
Uncalled bet ($0.15) returned to Alameda22
Alameda22 collected $0.20 from pot
Alameda22: doesn't show hand 
*** SUMMARY ***
Total pot $0.20 | Rake $0 
Seat 1: ZMA_sleep (button) folded before Flop (didn't bet)
Seat 2: rastyrasty (small blind) folded before Flop
Seat 3: Alameda22 (big blind) collected ($0.20)
Seat 4: msna folded before Flop (didn't bet)
Seat 5: allentackett folded before Flop (didn't bet)
Seat 6: eljiji59 folded before Flop (didn't bet)
Seat 7: jur7777 folded before Flop (didn't bet)
Seat 8: sirlarwi folded before Flop (didn't bet)
Seat 9: Lyugofor folded before Flop (didn't bet)



PokerStars Game #19922242420:  Hold'em No Limit ($0.10/$0.25) - 2008/08/26 - 18:47:12 (ET)
Table 'Sofala' 9-max Seat #2 is the button
Seat 1: ZMA_sleep ($24.30 in chips) 
Seat 2: rastyrasty ($7 in chips) 
Seat 3: Alameda22 ($24.75 in chips) 
Seat 4: msna ($26.65 in chips) 
Seat 5: allentackett ($35.45 in chips) 
Seat 6: eljiji59 ($25.95 in chips) 
Seat 7: jur7777 ($34.60 in chips) 
Seat 8: sirlarwi ($17.35 in chips) 
Seat 9: Lyugofor ($16.40 in chips) 
Alameda22: posts small blind $0.10
msna: posts big blind $0.25
*** HOLE CARDS ***
Dealt to Alameda22 [7c Jd]
allentackett: folds 
eljiji59: folds 
jur7777: folds 
sirlarwi: folds 
Lyugofor: folds 
ZMA_sleep: folds 
rastyrasty: raises $0.75 to $1
Alameda22: folds 
msna: folds 
Uncalled bet ($0.75) returned to rastyrasty
rastyrasty collected $0.60 from pot
*** SUMMARY ***
Total pot $0.60 | Rake $0 
Seat 1: ZMA_sleep folded before Flop (didn't bet)
Seat 2: rastyrasty (button) collected ($0.60)
Seat 3: Alameda22 (small blind) folded before Flop
Seat 4: msna (big blind) folded before Flop
Seat 5: allentackett folded before Flop (didn't bet)
Seat 6: eljiji59 folded before Flop (didn't bet)
Seat 7: jur7777 folded before Flop (didn't bet)
Seat 8: sirlarwi folded before Flop (didn't bet)
Seat 9: Lyugofor folded before Flop (didn't bet)



PokerStars Game #19922253587:  Hold'em No Limit ($0.10/$0.25) - 2008/08/26 - 18:47:41 (ET)
Table 'Sofala' 9-max Seat #3 is the button
Seat 1: ZMA_sleep ($24.30 in chips) 
Seat 2: rastyrasty ($7.35 in chips) 
Seat 3: Alameda22 ($24.65 in chips) 
Seat 4: msna ($26.40 in chips) 
Seat 5: allentackett ($35.45 in chips) 
Seat 6: eljiji59 ($25.95 in chips) 
Seat 7: jur7777 ($34.60 in chips) 
Seat 8: sirlarwi ($17.35 in chips) 
Seat 9: Lyugofor ($16.40 in chips) 
msna: posts small blind $0.10
allentackett: posts big blind $0.25
*** HOLE CARDS ***
Dealt to Alameda22 [5s Ts]
eljiji59: raises $0.75 to $1
jur7777: folds 
sirlarwi: folds 
Lyugofor: folds 
ZMA_sleep: folds 
rastyrasty: folds 
Alameda22: folds 
msna: folds 
ZMA_sleep leaves the table
allentackett: calls $0.75
*** FLOP *** [8h 5c 2s]
allentackett: bets $0.50
eljiji59: raises $1 to $1.50
allentackett: folds 
Uncalled bet ($1) returned to eljiji59
eljiji59 collected $2.95 from pot
eljiji59: doesn't show hand 
*** SUMMARY ***
Total pot $3.10 | Rake $0.15 
Board [8h 5c 2s]
Seat 1: ZMA_sleep folded before Flop (didn't bet)
Seat 2: rastyrasty folded before Flop (didn't bet)
Seat 3: Alameda22 (button) folded before Flop (didn't bet)
Seat 4: msna (small blind) folded before Flop
Seat 5: allentackett (big blind) folded on the Flop
Seat 6: eljiji59 collected ($2.95)
Seat 7: jur7777 folded before Flop (didn't bet)
Seat 8: sirlarwi folded before Flop (didn't bet)
Seat 9: Lyugofor folded before Flop (didn't bet)



PokerStars Game #19922281921:  Hold'em No Limit ($0.10/$0.25) - 2008/08/26 - 18:48:55 (ET)
Table 'Sofala' 9-max Seat #4 is the button
Seat 2: rastyrasty ($7.35 in chips) 
Seat 3: Alameda22 ($24.65 in chips) 
Seat 4: msna ($26.30 in chips) 
Seat 5: allentackett ($33.95 in chips) 
Seat 6: eljiji59 ($27.40 in chips) 
Seat 7: jur7777 ($34.60 in chips) 
Seat 8: sirlarwi ($17.35 in chips) 
Seat 9: Lyugofor ($16.40 in chips) 
allentackett: posts small blind $0.10
eljiji59: posts big blind $0.25
*** HOLE CARDS ***
Dealt to Alameda22 [4h 8h]
jur7777: folds 
sirlarwi: folds 
Lyugofor: folds 
rastyrasty: folds 
Alameda22: folds 
msna: raises $0.50 to $0.75
allentackett: folds 
eljiji59: folds 
Uncalled bet ($0.50) returned to msna
msna collected $0.60 from pot
msna: doesn't show hand 
*** SUMMARY ***
Total pot $0.60 | Rake $0 
Seat 2: rastyrasty folded before Flop (didn't bet)
Seat 3: Alameda22 folded before Flop (didn't bet)
Seat 4: msna (button) collected ($0.60)
Seat 5: allentackett (small blind) folded before Flop
Seat 6: eljiji59 (big blind) folded before Flop
Seat 7: jur7777 folded before Flop (didn't bet)
Seat 8: sirlarwi folded before Flop (didn't bet)
Seat 9: Lyugofor folded before Flop (didn't bet)



PokerStars Game #19922296925:  Hold'em No Limit ($0.10/$0.25) - 2008/08/26 - 18:49:34 (ET)
Table 'Sofala' 9-max Seat #5 is the button
Seat 2: rastyrasty ($7.35 in chips) 
Seat 3: Alameda22 ($24.65 in chips) 
Seat 4: msna ($26.65 in chips) 
Seat 5: allentackett ($33.85 in chips) 
Seat 6: eljiji59 ($27.15 in chips) 
Seat 7: jur7777 ($34.60 in chips) 
Seat 8: sirlarwi ($17.35 in chips) 
Seat 9: Lyugofor ($16.40 in chips) 
eljiji59: posts small blind $0.10
jur7777: posts big blind $0.25
*** HOLE CARDS ***
Dealt to Alameda22 [Kd 8c]
sirlarwi: folds 
Lyugofor: raises $0.50 to $0.75
sirlarwi leaves the table
rastyrasty: folds 
Alameda22: folds 
msna: calls $0.75
allentackett: calls $0.75
eljiji59: folds 
jur7777: folds 
*** FLOP *** [6d As Ac]
Lyugofor: bets $1
msna: folds 
allentackett: raises $1 to $2
Lyugofor: raises $1 to $3
allentackett: raises $4.25 to $7.25
Lyugofor: raises $8.40 to $15.65 and is all-in
allentackett: calls $8.40
*** TURN *** [6d As Ac] [9h]
*** RIVER *** [6d As Ac 9h] [4d]
*** SHOW DOWN ***
Lyugofor: shows [Kc Ah] (three of a kind, Aces)
allentackett: shows [6c 6h] (a full house, Sixes full of Aces)
allentackett collected $32.25 from pot
*** SUMMARY ***
Total pot $33.90 | Rake $1.65 
Board [6d As Ac 9h 4d]
Seat 2: rastyrasty folded before Flop (didn't bet)
Seat 3: Alameda22 folded before Flop (didn't bet)
Seat 4: msna folded on the Flop
Seat 5: allentackett (button) showed [6c 6h] and won ($32.25) with a full house, Sixes full of Aces
Seat 6: eljiji59 (small blind) folded before Flop
Seat 7: jur7777 (big blind) folded before Flop
Seat 8: sirlarwi folded before Flop (didn't bet)
Seat 9: Lyugofor showed [Kc Ah] and lost with three of a kind, Aces



PokerStars Game #19922331258:  Hold'em No Limit ($0.10/$0.25) - 2008/08/26 - 18:51:05 (ET)
Table 'Sofala' 9-max Seat #6 is the button
Seat 2: rastyrasty ($7.35 in chips) 
Seat 3: Alameda22 ($24.65 in chips) 
Seat 4: msna ($25.90 in chips) 
Seat 5: allentackett ($49.70 in chips) 
Seat 6: eljiji59 ($27.05 in chips) 
Seat 7: jur7777 ($34.35 in chips) 
jur7777: posts small blind $0.10
rastyrasty: posts big blind $0.25
*** HOLE CARDS ***
Dealt to Alameda22 [3s 8d]
Lyugofor leaves the table
Alameda22: folds 
msna: folds 
allentackett: calls $0.25
eljiji59: folds 
jur7777: calls $0.15
boz10790 joins the table at seat #1 
rastyrasty: checks 
*** FLOP *** [9c 5s 9h]
jur7777: checks 
rastyrasty: checks 
allentackett: bets $0.25
jur7777: folds 
rastyrasty: raises $1.50 to $1.75
allentackett: folds 
Uncalled bet ($1.50) returned to rastyrasty
rastyrasty collected $1.20 from pot
rastyrasty: doesn't show hand 
*** SUMMARY ***
Total pot $1.25 | Rake $0.05 
Board [9c 5s 9h]
Seat 2: rastyrasty (big blind) collected ($1.20)
Seat 3: Alameda22 folded before Flop (didn't bet)
Seat 4: msna folded before Flop (didn't bet)
Seat 5: allentackett folded on the Flop
Seat 6: eljiji59 (button) folded before Flop (didn't bet)
Seat 7: jur7777 (small blind) folded on the Flop



PokerStars Game #19922353988:  Hold'em No Limit ($0.10/$0.25) - 2008/08/26 - 18:52:05 (ET)
Table 'Sofala' 9-max Seat #7 is the button
Seat 2: rastyrasty ($8.05 in chips) 
Seat 3: Alameda22 ($24.65 in chips) 
Seat 4: msna ($25.90 in chips) 
Seat 5: allentackett ($49.20 in chips) 
Seat 6: eljiji59 ($27.05 in chips) 
Seat 7: jur7777 ($34.10 in chips) 
boz10790 will be allowed to play after the button
rastyrasty: posts small blind $0.10
Alameda22: posts big blind $0.25
*** HOLE CARDS ***
Dealt to Alameda22 [Ks Ah]
msna: folds 
allentackett: folds 
eljiji59: folds 
jur7777: folds 
rastyrasty: raises $0.75 to $1
Alameda22: raises $23.65 to $24.65 and is all-in
rastyrasty: folds 
Uncalled bet ($23.65) returned to Alameda22
Alameda22 collected $2 from pot
Alameda22: doesn't show hand 
*** SUMMARY ***
Total pot $2 | Rake $0 
Seat 2: rastyrasty (small blind) folded before Flop
Seat 3: Alameda22 (big blind) collected ($2)
Seat 4: msna folded before Flop (didn't bet)
Seat 5: allentackett folded before Flop (didn't bet)
Seat 6: eljiji59 folded before Flop (didn't bet)
Seat 7: jur7777 (button) folded before Flop (didn't bet)



PokerStars Game #19922380950:  Hold'em No Limit ($0.10/$0.25) - 2008/08/26 - 18:53:16 (ET)
Table 'Sofala' 9-max Seat #2 is the button
Seat 1: boz10790 ($7.80 in chips) 
Seat 2: rastyrasty ($7.05 in chips) 
Seat 3: Alameda22 ($25.65 in chips) 
Seat 4: msna ($25.90 in chips) 
Seat 5: allentackett ($49.20 in chips) 
Seat 6: eljiji59 ($27.05 in chips) 
Seat 7: jur7777 ($34.10 in chips) 
Alameda22: posts small blind $0.10
msna: posts big blind $0.25
boz10790: posts big blind $0.25
*** HOLE CARDS ***
Dealt to Alameda22 [Qh 5d]
allentackett: calls $0.25
eljiji59: folds 
jur7777: folds 
boz10790: checks 
rastyrasty: folds 
Alameda22: folds 
msna: checks 
*** FLOP *** [5c Kh 6d]
msna: checks 
allentackett: checks 
boz10790: checks 
*** TURN *** [5c Kh 6d] [9c]
msna: checks 
allentackett: bets $0.25
boz10790: folds 
msna: folds 
Uncalled bet ($0.25) returned to allentackett
allentackett collected $0.85 from pot
allentackett: doesn't show hand 
Brohustle joins the table at seat #8 
*** SUMMARY ***
Total pot $0.85 | Rake $0 
Board [5c Kh 6d 9c]
Seat 1: boz10790 folded on the Turn
Seat 2: rastyrasty (button) folded before Flop (didn't bet)
Seat 3: Alameda22 (small blind) folded before Flop
Seat 4: msna (big blind) folded on the Turn
Seat 5: allentackett collected ($0.85)
Seat 6: eljiji59 folded before Flop (didn't bet)
Seat 7: jur7777 folded before Flop (didn't bet)



PokerStars Game #19922403121:  Hold'em No Limit ($0.10/$0.25) - 2008/08/26 - 18:54:14 (ET)
Table 'Sofala' 9-max Seat #3 is the button
Seat 1: boz10790 ($7.55 in chips) 
Seat 2: rastyrasty ($7.05 in chips) 
Seat 3: Alameda22 ($25.55 in chips) 
Seat 4: msna ($25.65 in chips) 
Seat 5: allentackett ($49.80 in chips) 
Seat 6: eljiji59 ($27.05 in chips) 
Seat 7: jur7777 ($34.10 in chips) 
Seat 8: Brohustle ($5 in chips) 
msna: posts small blind $0.10
allentackett: posts big blind $0.25
Brohustle: posts big blind $0.25
*** HOLE CARDS ***
Dealt to Alameda22 [6d 4c]
Cider666 joins the table at seat #9 
eljiji59: folds 
jur7777: folds 
Brohustle: checks 
boz10790: calls $0.25
rastyrasty: folds 
Alameda22: folds 
msna: folds 
allentackett: checks 
*** FLOP *** [7c 9h 4h]
allentackett: checks 
Brohustle: checks 
boz10790: bets $0.25
allentackett: folds 
Brohustle: calls $0.25
*** TURN *** [7c 9h 4h] [7h]
Brohustle: checks 
boz10790: bets $0.25
Brohustle: folds 
Uncalled bet ($0.25) returned to boz10790
boz10790 collected $1.30 from pot
boz10790: doesn't show hand 
*** SUMMARY ***
Total pot $1.35 | Rake $0.05 
Board [7c 9h 4h 7h]
Seat 1: boz10790 collected ($1.30)
Seat 2: rastyrasty folded before Flop (didn't bet)
Seat 3: Alameda22 (button) folded before Flop (didn't bet)
Seat 4: msna (small blind) folded before Flop
Seat 5: allentackett (big blind) folded on the Flop
Seat 6: eljiji59 folded before Flop (didn't bet)
Seat 7: jur7777 folded before Flop (didn't bet)
Seat 8: Brohustle folded on the Turn



PokerStars Game #19922434907:  Hold'em No Limit ($0.10/$0.25) - 2008/08/26 - 18:55:38 (ET)
Table 'Sofala' 9-max Seat #4 is the button
Seat 1: boz10790 ($8.35 in chips) 
Seat 2: rastyrasty ($7.05 in chips) 
Seat 3: Alameda22 ($25.55 in chips) 
Seat 4: msna ($25.55 in chips) 
Seat 5: allentackett ($49.55 in chips) 
Seat 6: eljiji59 ($27.05 in chips) 
Seat 7: jur7777 ($34.10 in chips) 
Seat 8: Brohustle ($4.50 in chips) 
allentackett: posts small blind $0.10
eljiji59: posts big blind $0.25
Cider666: sits out 
*** HOLE CARDS ***
Dealt to Alameda22 [9s 2d]
jur7777: folds 
Brohustle: folds 
boz10790: calls $0.25
rastyrasty: folds 
Alameda22: folds 
msna: folds 
allentackett: calls $0.15
eljiji59: checks 
*** FLOP *** [5c Kd 8c]
allentackett: bets $1
eljiji59: folds 
boz10790: calls $1
*** TURN *** [5c Kd 8c] [9d]
allentackett: bets $0.75
boz10790: calls $0.75
*** RIVER *** [5c Kd 8c 9d] [As]
allentackett: bets $0.50
boz10790: calls $0.50
*** SHOW DOWN ***
allentackett: shows [Td Kh] (a pair of Kings)
boz10790: shows [Kc 7h] (a pair of Kings - lower kicker)
allentackett collected $5 from pot
*** SUMMARY ***
Total pot $5.25 | Rake $0.25 
Board [5c Kd 8c 9d As]
Seat 1: boz10790 showed [Kc 7h] and lost with a pair of Kings
Seat 2: rastyrasty folded before Flop (didn't bet)
Seat 3: Alameda22 folded before Flop (didn't bet)
Seat 4: msna (button) folded before Flop (didn't bet)
Seat 5: allentackett (small blind) showed [Td Kh] and won ($5) with a pair of Kings
Seat 6: eljiji59 (big blind) folded on the Flop
Seat 7: jur7777 folded before Flop (didn't bet)
Seat 8: Brohustle folded before Flop (didn't bet)



PokerStars Game #19922467219:  Hold'em No Limit ($0.10/$0.25) - 2008/08/26 - 18:57:03 (ET)
Table 'Sofala' 9-max Seat #5 is the button
Seat 1: boz10790 ($5.85 in chips) 
Seat 2: rastyrasty ($7.05 in chips) 
Seat 3: Alameda22 ($25.55 in chips) 
Seat 4: msna ($25.55 in chips) 
Seat 5: allentackett ($52.05 in chips) 
Seat 6: eljiji59 ($26.80 in chips) 
Seat 7: jur7777 ($34.10 in chips) 
Seat 8: Brohustle ($4.50 in chips) 
eljiji59: posts small blind $0.10
jur7777: posts big blind $0.25
Cider666: sits out 
*** HOLE CARDS ***
Dealt to Alameda22 [6h 5d]
Brohustle: folds 
boz10790: calls $0.25
rastyrasty: folds 
Alameda22: folds 
msna: folds 
allentackett: raises $0.25 to $0.50
eljiji59: raises $1 to $1.50
jur7777: folds 
boz10790: folds 
allentackett: calls $1
*** FLOP *** [4d Kd Td]
eljiji59: bets $1
allentackett: calls $1
*** TURN *** [4d Kd Td] [3h]
eljiji59: checks 
allentackett: bets $1
eljiji59: raises $3 to $4
allentackett: folds 
Uncalled bet ($3) returned to eljiji59
eljiji59 collected $7.15 from pot
eljiji59: doesn't show hand 
*** SUMMARY ***
Total pot $7.50 | Rake $0.35 
Board [4d Kd Td 3h]
Seat 1: boz10790 folded before Flop
Seat 2: rastyrasty folded before Flop (didn't bet)
Seat 3: Alameda22 folded before Flop (didn't bet)
Seat 4: msna folded before Flop (didn't bet)
Seat 5: allentackett (button) folded on the Turn
Seat 6: eljiji59 (small blind) collected ($7.15)
Seat 7: jur7777 (big blind) folded before Flop
Seat 8: Brohustle folded before Flop (didn't bet)



PokerStars Game #19922494442:  Hold'em No Limit ($0.10/$0.25) - 2008/08/26 - 18:58:15 (ET)
Table 'Sofala' 9-max Seat #6 is the button
Seat 1: boz10790 ($5.60 in chips) 
Seat 2: rastyrasty ($7.05 in chips) 
Seat 3: Alameda22 ($25.55 in chips) 
Seat 4: msna ($25.55 in chips) 
Seat 5: allentackett ($48.55 in chips) 
Seat 6: eljiji59 ($30.45 in chips) 
Seat 7: jur7777 ($33.85 in chips) 
Seat 8: Brohustle ($4.50 in chips) 
jur7777: posts small blind $0.10
Brohustle: posts big blind $0.25
Cider666: sits out 
*** HOLE CARDS ***
Dealt to Alameda22 [9h 7d]
boz10790: calls $0.25
rastyrasty: folds 
Alameda22: folds 
msna: folds 
allentackett: calls $0.25
eljiji59: folds 
jur7777: calls $0.15
Brohustle: checks 
*** FLOP *** [8s 4h 3s]
jur7777: checks 
Brohustle: checks 
boz10790: checks 
allentackett: checks 
*** TURN *** [8s 4h 3s] [2d]
jur7777: bets $0.65
Brohustle: folds 
boz10790: calls $0.65
allentackett: raises $0.65 to $1.30
jur7777: calls $0.65
boz10790: calls $0.65
*** RIVER *** [8s 4h 3s 2d] [6c]
jur7777: checks 
boz10790: checks 
allentackett: bets $1
jur7777: calls $1
boz10790: folds 
*** SHOW DOWN ***
allentackett: shows [5c 5d] (a straight, Deuce to Six)
jur7777: mucks hand 
allentackett collected $6.60 from pot
*** SUMMARY ***
Total pot $6.90 | Rake $0.30 
Board [8s 4h 3s 2d 6c]
Seat 1: boz10790 folded on the River
Seat 2: rastyrasty folded before Flop (didn't bet)
Seat 3: Alameda22 folded before Flop (didn't bet)
Seat 4: msna folded before Flop (didn't bet)
Seat 5: allentackett showed [5c 5d] and won ($6.60) with a straight, Deuce to Six
Seat 6: eljiji59 (button) folded before Flop (didn't bet)
Seat 7: jur7777 (small blind) mucked [8h 8d]
Seat 8: Brohustle (big blind) folded on the Turn



PokerStars Game #19922533787:  Hold'em No Limit ($0.10/$0.25) - 2008/08/26 - 19:00:00 (ET)
Table 'Sofala' 9-max Seat #7 is the button
Seat 1: boz10790 ($4.05 in chips) 
Seat 2: rastyrasty ($7.05 in chips) 
Seat 3: Alameda22 ($25.55 in chips) 
Seat 4: msna ($25.55 in chips) 
Seat 5: allentackett ($52.60 in chips) 
Seat 6: eljiji59 ($30.45 in chips) 
Seat 7: jur7777 ($31.30 in chips) 
Seat 8: Brohustle ($4.25 in chips) 
Seat 9: Cider666 ($25 in chips) 
Brohustle: posts small blind $0.10
Cider666: posts big blind $0.25
*** HOLE CARDS ***
Dealt to Alameda22 [Kd Js]
boz10790: folds 
rastyrasty: folds 
Alameda22: folds 
msna: folds 
allentackett: calls $0.25
eljiji59: folds 
jur7777: folds 
Brohustle: calls $0.15
Cider666: checks 
*** FLOP *** [7d Jh 6d]
Brohustle: checks 
Cider666: checks 
allentackett: checks 
*** TURN *** [7d Jh 6d] [8s]
Brohustle: bets $0.25
Cider666: folds 
allentackett: calls $0.25
*** RIVER *** [7d Jh 6d 8s] [Qc]
Brohustle: checks 
allentackett: checks 
*** SHOW DOWN ***
Brohustle: shows [8h Th] (a pair of Eights)
allentackett: mucks hand 
Brohustle collected $1.20 from pot
*** SUMMARY ***
Total pot $1.25 | Rake $0.05 
Board [7d Jh 6d 8s Qc]
Seat 1: boz10790 folded before Flop (didn't bet)
Seat 2: rastyrasty folded before Flop (didn't bet)
Seat 3: Alameda22 folded before Flop (didn't bet)
Seat 4: msna folded before Flop (didn't bet)
Seat 5: allentackett mucked [Tc Ah]
Seat 6: eljiji59 folded before Flop (didn't bet)
Seat 7: jur7777 (button) folded before Flop (didn't bet)
Seat 8: Brohustle (small blind) showed [8h Th] and won ($1.20) with a pair of Eights
Seat 9: Cider666 (big blind) folded on the Turn



PokerStars Game #19922561118:  Hold'em No Limit ($0.10/$0.25) - 2008/08/26 - 19:01:12 (ET)
Table 'Sofala' 9-max Seat #8 is the button
Seat 1: boz10790 ($4.05 in chips) 
Seat 2: rastyrasty ($7.05 in chips) 
Seat 3: Alameda22 ($25.55 in chips) 
Seat 4: msna ($25.55 in chips) 
Seat 5: allentackett ($52.10 in chips) 
Seat 6: eljiji59 ($30.45 in chips) 
Seat 7: jur7777 ($31.30 in chips) 
Seat 8: Brohustle ($4.95 in chips) 
Seat 9: Cider666 ($24.75 in chips) 
Cider666: posts small blind $0.10
boz10790: posts big blind $0.25
*** HOLE CARDS ***
Dealt to Alameda22 [Kd 5c]
rastyrasty: folds 
Alameda22: folds 
msna: folds 
allentackett: calls $0.25
eljiji59: folds 
jur7777: folds 
Brohustle: calls $0.25
Cider666: folds 
boz10790: checks 
*** FLOP *** [As 3s Qd]
boz10790: checks 
allentackett: bets $0.25
Brohustle: raises $0.25 to $0.50
boz10790: folds 
allentackett: calls $0.25
*** TURN *** [As 3s Qd] [Qc]
allentackett: bets $0.25
Brohustle: calls $0.25
*** RIVER *** [As 3s Qd Qc] [3d]
allentackett: bets $0.25
Brohustle: calls $0.25
*** SHOW DOWN ***
allentackett: shows [Ts Kc] (two pair, Queens and Threes)
Brohustle: shows [Kh Ad] (two pair, Aces and Queens)
Brohustle collected $2.75 from pot
*** SUMMARY ***
Total pot $2.85 | Rake $0.10 
Board [As 3s Qd Qc 3d]
Seat 1: boz10790 (big blind) folded on the Flop
Seat 2: rastyrasty folded before Flop (didn't bet)
Seat 3: Alameda22 folded before Flop (didn't bet)
Seat 4: msna folded before Flop (didn't bet)
Seat 5: allentackett showed [Ts Kc] and lost with two pair, Queens and Threes
Seat 6: eljiji59 folded before Flop (didn't bet)
Seat 7: jur7777 folded before Flop (didn't bet)
Seat 8: Brohustle (button) showed [Kh Ad] and won ($2.75) with two pair, Aces and Queens
Seat 9: Cider666 (small blind) folded before Flop



PokerStars Game #19922580261:  Hold'em No Limit ($0.10/$0.25) - 2008/08/26 - 19:02:02 (ET)
Table 'Sofala' 9-max Seat #9 is the button
Seat 1: boz10790 ($3.80 in chips) 
Seat 2: rastyrasty ($7.05 in chips) 
Seat 3: Alameda22 ($25.55 in chips) 
Seat 4: msna ($25.55 in chips) 
Seat 5: allentackett ($50.85 in chips) 
Seat 6: eljiji59 ($30.45 in chips) 
Seat 7: jur7777 ($31.30 in chips) 
Seat 8: Brohustle ($6.45 in chips) 
Seat 9: Cider666 ($24.65 in chips) 
boz10790: posts small blind $0.10
rastyrasty: posts big blind $0.25
*** HOLE CARDS ***
Dealt to Alameda22 [9s 7c]
Alameda22: folds 
msna: folds 
allentackett: calls $0.25
eljiji59: raises $1 to $1.25
jur7777: calls $1.25
Brohustle: folds 
Cider666: folds 
boz10790: calls $1.15
rastyrasty: calls $1
allentackett: folds 
*** FLOP *** [4s Jh 8d]
boz10790: checks 
rastyrasty: bets $1
eljiji59: raises $3 to $4
jur7777: folds 
boz10790: folds 
rastyrasty: folds 
Uncalled bet ($3) returned to eljiji59
eljiji59 collected $6.90 from pot
eljiji59: doesn't show hand 
*** SUMMARY ***
Total pot $7.25 | Rake $0.35 
Board [4s Jh 8d]
Seat 1: boz10790 (small blind) folded on the Flop
Seat 2: rastyrasty (big blind) folded on the Flop
Seat 3: Alameda22 folded before Flop (didn't bet)
Seat 4: msna folded before Flop (didn't bet)
Seat 5: allentackett folded before Flop
Seat 6: eljiji59 collected ($6.90)
Seat 7: jur7777 folded on the Flop
Seat 8: Brohustle folded before Flop (didn't bet)
Seat 9: Cider666 (button) folded before Flop (didn't bet)



PokerStars Game #19922606850:  Hold'em No Limit ($0.10/$0.25) - 2008/08/26 - 19:03:12 (ET)
Table 'Sofala' 9-max Seat #1 is the button
Seat 1: boz10790 ($2.55 in chips) 
Seat 2: rastyrasty ($4.80 in chips) 
Seat 3: Alameda22 ($25.55 in chips) 
Seat 4: msna ($25.55 in chips) 
Seat 5: allentackett ($50.60 in chips) 
Seat 6: eljiji59 ($35.10 in chips) 
Seat 7: jur7777 ($30.05 in chips) 
Seat 8: Brohustle ($6.45 in chips) 
Seat 9: Cider666 ($24.65 in chips) 
rastyrasty: posts small blind $0.10
Alameda22: posts big blind $0.25
*** HOLE CARDS ***
Dealt to Alameda22 [3s 9c]
msna: folds 
allentackett: calls $0.25
eljiji59: folds 
jur7777: folds 
Brohustle: folds 
Cider666: raises $0.75 to $1
boz10790: calls $1
rastyrasty: folds 
Alameda22: folds 
allentackett: calls $0.75
*** FLOP *** [5h Kd 2d]
allentackett: checks 
Cider666: bets $1.75
boz10790: folds 
allentackett: folds 
Uncalled bet ($1.75) returned to Cider666
Cider666 collected $3.20 from pot
*** SUMMARY ***
Total pot $3.35 | Rake $0.15 
Board [5h Kd 2d]
Seat 1: boz10790 (button) folded on the Flop
Seat 2: rastyrasty (small blind) folded before Flop
Seat 3: Alameda22 (big blind) folded before Flop
Seat 4: msna folded before Flop (didn't bet)
Seat 5: allentackett folded on the Flop
Seat 6: eljiji59 folded before Flop (didn't bet)
Seat 7: jur7777 folded before Flop (didn't bet)
Seat 8: Brohustle folded before Flop (didn't bet)
Seat 9: Cider666 collected ($3.20)



PokerStars Game #19922631159:  Hold'em No Limit ($0.10/$0.25) - 2008/08/26 - 19:04:16 (ET)
Table 'Sofala' 9-max Seat #2 is the button
Seat 1: boz10790 ($1.55 in chips) 
Seat 2: rastyrasty ($4.70 in chips) 
Seat 3: Alameda22 ($25.30 in chips) 
Seat 4: msna ($25.55 in chips) 
Seat 5: allentackett ($49.60 in chips) 
Seat 6: eljiji59 ($35.10 in chips) 
Seat 7: jur7777 ($30.05 in chips) 
Seat 8: Brohustle ($6.45 in chips) 
Seat 9: Cider666 ($26.85 in chips) 
Alameda22: posts small blind $0.10
msna: posts big blind $0.25
*** HOLE CARDS ***
Dealt to Alameda22 [Ac 3s]
allentackett: calls $0.25
eljiji59: folds 
jur7777: folds 
Brohustle: folds 
Cider666: folds 
boz10790: folds 
boz10790 is sitting out
rastyrasty: folds 
Alameda22: folds 
msna: checks 
*** FLOP *** [Kh 2c 4h]
msna: checks 
allentackett: bets $0.25
msna: folds 
Uncalled bet ($0.25) returned to allentackett
allentackett collected $0.60 from pot
allentackett: doesn't show hand 
*** SUMMARY ***
Total pot $0.60 | Rake $0 
Board [Kh 2c 4h]
Seat 1: boz10790 folded before Flop (didn't bet)
Seat 2: rastyrasty (button) folded before Flop (didn't bet)
Seat 3: Alameda22 (small blind) folded before Flop
Seat 4: msna (big blind) folded on the Flop
Seat 5: allentackett collected ($0.60)
Seat 6: eljiji59 folded before Flop (didn't bet)
Seat 7: jur7777 folded before Flop (didn't bet)
Seat 8: Brohustle folded before Flop (didn't bet)
Seat 9: Cider666 folded before Flop (didn't bet)



PokerStars Game #19922647455:  Hold'em No Limit ($0.10/$0.25) - 2008/08/26 - 19:04:59 (ET)
Table 'Sofala' 9-max Seat #3 is the button
Seat 2: rastyrasty ($4.70 in chips) 
Seat 3: Alameda22 ($25.20 in chips) 
Seat 4: msna ($25.30 in chips) 
Seat 5: allentackett ($49.95 in chips) 
Seat 6: eljiji59 ($35.10 in chips) 
Seat 7: jur7777 ($30.05 in chips) 
Seat 8: Brohustle ($6.45 in chips) 
Seat 9: Cider666 ($26.85 in chips) 
msna: posts small blind $0.10
allentackett: posts big blind $0.25
*** HOLE CARDS ***
Dealt to Alameda22 [2h 5c]
eljiji59: folds 
jur7777: folds 
Brohustle: calls $0.25
Cider666: folds 
rastyrasty: folds 
Alameda22: folds 
msna: folds 
allentackett: checks 
*** FLOP *** [5h 8s Ah]
allentackett: bets $0.25
Brohustle: calls $0.25
*** TURN *** [5h 8s Ah] [Ks]
allentackett: bets $0.25
Brohustle: calls $0.25
*** RIVER *** [5h 8s Ah Ks] [4d]
allentackett: bets $0.75
Brohustle: calls $0.75
*** SHOW DOWN ***
allentackett: shows [As 9h] (a pair of Aces)
Brohustle: mucks hand 
allentackett collected $2.95 from pot
*** SUMMARY ***
Total pot $3.10 | Rake $0.15 
Board [5h 8s Ah Ks 4d]
Seat 2: rastyrasty folded before Flop (didn't bet)
Seat 3: Alameda22 (button) folded before Flop (didn't bet)
Seat 4: msna (small blind) folded before Flop
Seat 5: allentackett (big blind) showed [As 9h] and won ($2.95) with a pair of Aces
Seat 6: eljiji59 folded before Flop (didn't bet)
Seat 7: jur7777 folded before Flop (didn't bet)
Seat 8: Brohustle mucked [Qd Kd]
Seat 9: Cider666 folded before Flop (didn't bet)



PokerStars Game #19922665441:  Hold'em No Limit ($0.10/$0.25) - 2008/08/26 - 19:05:47 (ET)
Table 'Sofala' 9-max Seat #4 is the button
Seat 2: rastyrasty ($4.70 in chips) 
Seat 3: Alameda22 ($25.20 in chips) 
Seat 4: msna ($25.20 in chips) 
Seat 5: allentackett ($51.40 in chips) 
Seat 6: eljiji59 ($35.10 in chips) 
Seat 7: jur7777 ($30.05 in chips) 
Seat 8: Brohustle ($4.95 in chips) 
Seat 9: Cider666 ($26.85 in chips) 
allentackett: posts small blind $0.10
eljiji59: posts big blind $0.25
*** HOLE CARDS ***
Dealt to Alameda22 [Kc Qs]
jur7777: folds 
boz10790 has returned
Brohustle: folds 
Cider666: folds 
rastyrasty: calls $0.25
Alameda22: folds 
msna: folds 
allentackett: calls $0.15
eljiji59: checks 
*** FLOP *** [Qc Ah Th]
allentackett: bets $0.25
eljiji59: folds 
rastyrasty: raises $2.50 to $2.75
allentackett: folds 
Uncalled bet ($2.50) returned to rastyrasty
rastyrasty collected $1.20 from pot
rastyrasty: doesn't show hand 
*** SUMMARY ***
Total pot $1.25 | Rake $0.05 
Board [Qc Ah Th]
Seat 2: rastyrasty collected ($1.20)
Seat 3: Alameda22 folded before Flop (didn't bet)
Seat 4: msna (button) folded before Flop (didn't bet)
Seat 5: allentackett (small blind) folded on the Flop
Seat 6: eljiji59 (big blind) folded on the Flop
Seat 7: jur7777 folded before Flop (didn't bet)
Seat 8: Brohustle folded before Flop (didn't bet)
Seat 9: Cider666 folded before Flop (didn't bet)



PokerStars Game #19922689845:  Hold'em No Limit ($0.10/$0.25) - 2008/08/26 - 19:06:52 (ET)
Table 'Sofala' 9-max Seat #5 is the button
Seat 1: boz10790 ($1.55 in chips) 
Seat 2: rastyrasty ($5.40 in chips) 
Seat 3: Alameda22 ($25.20 in chips) 
Seat 4: msna ($25.20 in chips) 
Seat 5: allentackett ($50.90 in chips) 
Seat 6: eljiji59 ($34.85 in chips) 
Seat 7: jur7777 ($30.05 in chips) 
Seat 8: Brohustle ($4.95 in chips) 
Seat 9: Cider666 ($26.85 in chips) 
eljiji59: posts small blind $0.10
jur7777: posts big blind $0.25
*** HOLE CARDS ***
Dealt to Alameda22 [Tc Qd]
Brohustle: calls $0.25
Cider666: folds 
boz10790: folds 
rastyrasty: folds 
Alameda22: folds 
msna: folds 
allentackett: folds 
eljiji59: folds 
jur7777: checks 
*** FLOP *** [3d 6s 7h]
jur7777: checks 
Brohustle: checks 
*** TURN *** [3d 6s 7h] [2d]
jur7777: checks 
Brohustle: bets $0.50
jur7777: folds 
Uncalled bet ($0.50) returned to Brohustle
Brohustle collected $0.60 from pot
Brohustle: doesn't show hand 
*** SUMMARY ***
Total pot $0.60 | Rake $0 
Board [3d 6s 7h 2d]
Seat 1: boz10790 folded before Flop (didn't bet)
Seat 2: rastyrasty folded before Flop (didn't bet)
Seat 3: Alameda22 folded before Flop (didn't bet)
Seat 4: msna folded before Flop (didn't bet)
Seat 5: allentackett (button) folded before Flop (didn't bet)
Seat 6: eljiji59 (small blind) folded before Flop
Seat 7: jur7777 (big blind) folded on the Turn
Seat 8: Brohustle collected ($0.60)
Seat 9: Cider666 folded before Flop (didn't bet)



PokerStars Game #19922711523:  Hold'em No Limit ($0.10/$0.25) - 2008/08/26 - 19:07:49 (ET)
Table 'Sofala' 9-max Seat #6 is the button
Seat 1: boz10790 ($1.55 in chips) 
Seat 2: rastyrasty ($9.40 in chips) 
Seat 3: Alameda22 ($25.20 in chips) 
Seat 4: msna ($25.20 in chips) 
Seat 5: allentackett ($50.90 in chips) 
Seat 6: eljiji59 ($34.75 in chips) 
Seat 7: jur7777 ($29.80 in chips) 
Seat 8: Brohustle ($5.30 in chips) 
Seat 9: Cider666 ($26.85 in chips) 
jur7777: posts small blind $0.10
Brohustle: posts big blind $0.25
*** HOLE CARDS ***
Dealt to Alameda22 [Kc 2s]
Cider666: folds 
boz10790: calls $0.25
rastyrasty: folds 
Alameda22: folds 
msna: folds 
allentackett: calls $0.25
eljiji59: raises $1 to $1.25
jur7777: folds 
Brohustle: folds 
boz10790: calls $1
allentackett: folds 
*** FLOP *** [4h Js Ah]
boz10790: bets $0.30 and is all-in
eljiji59: calls $0.30
*** TURN *** [4h Js Ah] [3h]
*** RIVER *** [4h Js Ah 3h] [Qh]
*** SHOW DOWN ***
boz10790: shows [Ad 2d] (a pair of Aces)
eljiji59: shows [Jh As] (a flush, Ace high)
eljiji59 collected $3.55 from pot
*** SUMMARY ***
Total pot $3.70 | Rake $0.15 
Board [4h Js Ah 3h Qh]
Seat 1: boz10790 showed [Ad 2d] and lost with a pair of Aces
Seat 2: rastyrasty folded before Flop (didn't bet)
Seat 3: Alameda22 folded before Flop (didn't bet)
Seat 4: msna folded before Flop (didn't bet)
Seat 5: allentackett folded before Flop
Seat 6: eljiji59 (button) showed [Jh As] and won ($3.55) with a flush, Ace high
Seat 7: jur7777 (small blind) folded before Flop
Seat 8: Brohustle (big blind) folded before Flop
Seat 9: Cider666 folded before Flop (didn't bet)



PokerStars Game #19922734418:  Hold'em No Limit ($0.10/$0.25) - 2008/08/26 - 19:08:49 (ET)
Table 'Sofala' 9-max Seat #7 is the button
Seat 2: rastyrasty ($9.40 in chips) 
Seat 3: Alameda22 ($25.20 in chips) 
Seat 4: msna ($25.20 in chips) 
Seat 5: allentackett ($50.65 in chips) 
Seat 6: eljiji59 ($36.75 in chips) 
Seat 7: jur7777 ($29.70 in chips) 
Seat 8: Brohustle ($5.05 in chips) 
Seat 9: Cider666 ($26.85 in chips) 
Brohustle: posts small blind $0.10
Cider666: posts big blind $0.25
*** HOLE CARDS ***
Dealt to Alameda22 [4d Jd]
rastyrasty: folds 
Alameda22: folds 
msna: folds 
allentackett: folds 
eljiji59: raises $0.75 to $1
jur7777: folds 
Brohustle: calls $0.90
Cider666: raises $2 to $3
boz10790 has returned
eljiji59: folds 
Brohustle: calls $2
*** FLOP *** [2h Ks Ah]
Brohustle: bets $2.05 and is all-in
Cider666: calls $2.05
*** TURN *** [2h Ks Ah] [4c]
*** RIVER *** [2h Ks Ah 4c] [3d]
*** SHOW DOWN ***
Brohustle: shows [Jc Qc] (high card Ace)
Cider666: shows [Kd Kc] (three of a kind, Kings)
Cider666 collected $10.60 from pot
*** SUMMARY ***
Total pot $11.10 | Rake $0.50 
Board [2h Ks Ah 4c 3d]
Seat 2: rastyrasty folded before Flop (didn't bet)
Seat 3: Alameda22 folded before Flop (didn't bet)
Seat 4: msna folded before Flop (didn't bet)
Seat 5: allentackett folded before Flop (didn't bet)
Seat 6: eljiji59 folded before Flop
Seat 7: jur7777 (button) folded before Flop (didn't bet)
Seat 8: Brohustle (small blind) showed [Jc Qc] and lost with high card Ace
Seat 9: Cider666 (big blind) showed [Kd Kc] and won ($10.60) with three of a kind, Kings



PokerStars Game #19922753669:  Hold'em No Limit ($0.10/$0.25) - 2008/08/26 - 19:09:40 (ET)
Table 'Sofala' 9-max Seat #9 is the button
Seat 1: boz10790 ($10 in chips) 
Seat 2: rastyrasty ($9.40 in chips) 
Seat 3: Alameda22 ($25.20 in chips) 
Seat 4: msna ($25.20 in chips) 
Seat 5: allentackett ($50.65 in chips) 
Seat 6: eljiji59 ($35.75 in chips) 
Seat 7: jur7777 ($29.70 in chips) 
Seat 9: Cider666 ($32.40 in chips) 
boz10790: posts small blind $0.10
Brohustle has returned
rastyrasty: posts big blind $0.25
*** HOLE CARDS ***
Dealt to Alameda22 [6d 7s]
Alameda22: folds 
msna: folds 
allentackett: folds 
eljiji59: folds 
jur7777: folds 
Cider666: raises $0.50 to $0.75
boz10790: folds 
rastyrasty: folds 
Uncalled bet ($0.50) returned to Cider666
Cider666 collected $0.60 from pot
*** SUMMARY ***
Total pot $0.60 | Rake $0 
Seat 1: boz10790 (small blind) folded before Flop
Seat 2: rastyrasty (big blind) folded before Flop
Seat 3: Alameda22 folded before Flop (didn't bet)
Seat 4: msna folded before Flop (didn't bet)
Seat 5: allentackett folded before Flop (didn't bet)
Seat 6: eljiji59 folded before Flop (didn't bet)
Seat 7: jur7777 folded before Flop (didn't bet)
Seat 9: Cider666 (button) collected ($0.60)



PokerStars Game #19922771743:  Hold'em No Limit ($0.10/$0.25) - 2008/08/26 - 19:10:28 (ET)
Table 'Sofala' 9-max Seat #1 is the button
Seat 1: boz10790 ($9.90 in chips) 
Seat 2: rastyrasty ($9.15 in chips) 
Seat 3: Alameda22 ($25.20 in chips) 
Seat 4: msna ($25.20 in chips) 
Seat 5: allentackett ($50.65 in chips) 
Seat 6: eljiji59 ($35.75 in chips) 
Seat 7: jur7777 ($29.70 in chips) 
Seat 8: Brohustle ($9.55 in chips) 
Seat 9: Cider666 ($32.75 in chips) 
rastyrasty: posts small blind $0.10
Alameda22: posts big blind $0.25
*** HOLE CARDS ***
Dealt to Alameda22 [Qc Jd]
msna: folds 
allentackett: folds 
eljiji59: folds 
jur7777: calls $0.25
Brohustle: folds 
Cider666: folds 
boz10790: calls $0.25
rastyrasty: calls $0.15
Alameda22: checks 
*** FLOP *** [5s Kd Tc]
rastyrasty: checks 
Alameda22: bets $0.50
jur7777: folds 
boz10790: calls $0.50
rastyrasty: folds 
*** TURN *** [5s Kd Tc] [3h]
Alameda22: checks 
boz10790: checks 
*** RIVER *** [5s Kd Tc 3h] [7h]
Alameda22: bets $1.25
boz10790: folds 
Uncalled bet ($1.25) returned to Alameda22
Alameda22 collected $1.95 from pot
Alameda22: doesn't show hand 
*** SUMMARY ***
Total pot $2 | Rake $0.05 
Board [5s Kd Tc 3h 7h]
Seat 1: boz10790 (button) folded on the River
Seat 2: rastyrasty (small blind) folded on the Flop
Seat 3: Alameda22 (big blind) collected ($1.95)
Seat 4: msna folded before Flop (didn't bet)
Seat 5: allentackett folded before Flop (didn't bet)
Seat 6: eljiji59 folded before Flop (didn't bet)
Seat 7: jur7777 folded on the Flop
Seat 8: Brohustle folded before Flop (didn't bet)
Seat 9: Cider666 folded before Flop (didn't bet)



PokerStars Game #19922807472:  Hold'em No Limit ($0.10/$0.25) - 2008/08/26 - 19:12:03 (ET)
Table 'Sofala' 9-max Seat #2 is the button
Seat 1: boz10790 ($9.15 in chips) 
Seat 2: rastyrasty ($8.90 in chips) 
Seat 3: Alameda22 ($26.40 in chips) 
Seat 4: msna ($25.20 in chips) 
Seat 5: allentackett ($50.65 in chips) 
Seat 6: eljiji59 ($35.75 in chips) 
Seat 7: jur7777 ($29.45 in chips) 
Seat 8: Brohustle ($9.55 in chips) 
Seat 9: Cider666 ($32.75 in chips) 
Alameda22: posts small blind $0.10
msna: posts big blind $0.25
*** HOLE CARDS ***
Dealt to Alameda22 [9s 9h]
allentackett: raises $0.25 to $0.50
eljiji59: raises $1 to $1.50
jur7777: folds 
Brohustle: calls $1.50
Cider666: folds 
boz10790: folds 
rastyrasty: folds 
Alameda22: calls $1.40
msna: folds 
allentackett: calls $1
*** FLOP *** [Kh 2h Qd]
Alameda22: checks 
allentackett: bets $4
eljiji59: calls $4
Brohustle: folds 
Alameda22: folds 
*** TURN *** [Kh 2h Qd] [7c]
allentackett: bets $5
eljiji59: calls $5
*** RIVER *** [Kh 2h Qd 7c] [2d]
allentackett: bets $5
eljiji59: calls $5
*** SHOW DOWN ***
allentackett: shows [Kc Ks] (a full house, Kings full of Deuces)
eljiji59: mucks hand 
allentackett collected $32.60 from pot
*** SUMMARY ***
Total pot $34.25 | Rake $1.65 
Board [Kh 2h Qd 7c 2d]
Seat 1: boz10790 folded before Flop (didn't bet)
Seat 2: rastyrasty (button) folded before Flop (didn't bet)
Seat 3: Alameda22 (small blind) folded on the Flop
Seat 4: msna (big blind) folded before Flop
Seat 5: allentackett showed [Kc Ks] and won ($32.60) with a full house, Kings full of Deuces
Seat 6: eljiji59 mucked [Kd Ac]
Seat 7: jur7777 folded before Flop (didn't bet)
Seat 8: Brohustle folded on the Flop
Seat 9: Cider666 folded before Flop (didn't bet)



PokerStars Game #19922849797:  Hold'em No Limit ($0.10/$0.25) - 2008/08/26 - 19:13:56 (ET)
Table 'Sofala' 9-max Seat #3 is the button
Seat 1: boz10790 ($9.15 in chips) 
Seat 2: rastyrasty ($8.90 in chips) 
Seat 3: Alameda22 ($24.90 in chips) 
Seat 4: msna ($25 in chips) 
Seat 5: allentackett ($67.75 in chips) 
Seat 6: eljiji59 ($20.25 in chips) 
Seat 7: jur7777 ($29.45 in chips) 
Seat 8: Brohustle ($8.05 in chips) 
Seat 9: Cider666 ($32.75 in chips) 
msna: posts small blind $0.10
allentackett: posts big blind $0.25
*** HOLE CARDS ***
Dealt to Alameda22 [7c 9c]
eljiji59 said, "nh"
allentackett said, "thx"
eljiji59: folds 
jur7777: folds 
Brohustle: folds 
Cider666: folds 
boz10790: calls $0.25
rastyrasty: folds 
Alameda22: folds 
msna: folds 
allentackett: checks 
*** FLOP *** [Kc 3d 8d]
allentackett: checks 
boz10790: checks 
*** TURN *** [Kc 3d 8d] [2d]
allentackett: checks 
boz10790: bets $0.25
allentackett: calls $0.25
*** RIVER *** [Kc 3d 8d 2d] [2h]
allentackett: checks 
boz10790: bets $0.75
allentackett: folds 
Uncalled bet ($0.75) returned to boz10790
boz10790 collected $1.05 from pot
boz10790: doesn't show hand 
*** SUMMARY ***
Total pot $1.10 | Rake $0.05 
Board [Kc 3d 8d 2d 2h]
Seat 1: boz10790 collected ($1.05)
Seat 2: rastyrasty folded before Flop (didn't bet)
Seat 3: Alameda22 (button) folded before Flop (didn't bet)
Seat 4: msna (small blind) folded before Flop
Seat 5: allentackett (big blind) folded on the River
Seat 6: eljiji59 folded before Flop (didn't bet)
Seat 7: jur7777 folded before Flop (didn't bet)
Seat 8: Brohustle folded before Flop (didn't bet)
Seat 9: Cider666 folded before Flop (didn't bet)



PokerStars Game #19922874878:  Hold'em No Limit ($0.10/$0.25) - 2008/08/26 - 19:15:03 (ET)
Table 'Sofala' 9-max Seat #4 is the button
Seat 1: boz10790 ($9.70 in chips) 
Seat 2: rastyrasty ($8.90 in chips) 
Seat 3: Alameda22 ($24.90 in chips) 
Seat 4: msna ($24.90 in chips) 
Seat 5: allentackett ($67.25 in chips) 
Seat 6: eljiji59 ($20.25 in chips) 
Seat 7: jur7777 ($29.45 in chips) 
Seat 8: Brohustle ($8.05 in chips) 
Seat 9: Cider666 ($32.75 in chips) 
allentackett: posts small blind $0.10
eljiji59: posts big blind $0.25
*** HOLE CARDS ***
Dealt to Alameda22 [Tc 7d]
jur7777: folds 
Brohustle: folds 
Cider666: folds 
boz10790: folds 
rastyrasty: folds 
Alameda22: folds 
msna: folds 
allentackett: calls $0.15
eljiji59: checks 
*** FLOP *** [5c Ts Kd]
boz10790 is sitting out
allentackett: checks 
eljiji59: checks 
*** TURN *** [5c Ts Kd] [Kh]
allentackett: checks 
eljiji59: checks 
*** RIVER *** [5c Ts Kd Kh] [Ac]
allentackett: bets $0.25
eljiji59: folds 
Uncalled bet ($0.25) returned to allentackett
allentackett collected $0.50 from pot
allentackett: doesn't show hand 
*** SUMMARY ***
Total pot $0.50 | Rake $0 
Board [5c Ts Kd Kh Ac]
Seat 1: boz10790 folded before Flop (didn't bet)
Seat 2: rastyrasty folded before Flop (didn't bet)
Seat 3: Alameda22 folded before Flop (didn't bet)
Seat 4: msna (button) folded before Flop (didn't bet)
Seat 5: allentackett (small blind) collected ($0.50)
Seat 6: eljiji59 (big blind) folded on the River
Seat 7: jur7777 folded before Flop (didn't bet)
Seat 8: Brohustle folded before Flop (didn't bet)
Seat 9: Cider666 folded before Flop (didn't bet)



PokerStars Game #19922894532:  Hold'em No Limit ($0.10/$0.25) - 2008/08/26 - 19:15:57 (ET)
Table 'Sofala' 9-max Seat #5 is the button
Seat 2: rastyrasty ($8.90 in chips) 
Seat 3: Alameda22 ($24.90 in chips) 
Seat 4: msna ($24.90 in chips) 
Seat 5: allentackett ($67.50 in chips) 
Seat 6: eljiji59 ($20 in chips) 
Seat 7: jur7777 ($29.45 in chips) 
Seat 8: Brohustle ($8.05 in chips) 
Seat 9: Cider666 ($32.75 in chips) 
eljiji59: posts small blind $0.10
jur7777: posts big blind $0.25
*** HOLE CARDS ***
Dealt to Alameda22 [6d Ts]
Brohustle: calls $0.25
Cider666: folds 
rastyrasty: folds 
Alameda22: folds 
msna: folds 
allentackett: folds 
eljiji59: folds 
jur7777: checks 
*** FLOP *** [6s Kh 2c]
jur7777: checks 
Brohustle: checks 
*** TURN *** [6s Kh 2c] [Ad]
jur7777: bets $0.25
Brohustle: folds 
Uncalled bet ($0.25) returned to jur7777
jur7777 collected $0.60 from pot
jur7777: doesn't show hand 
*** SUMMARY ***
Total pot $0.60 | Rake $0 
Board [6s Kh 2c Ad]
Seat 2: rastyrasty folded before Flop (didn't bet)
Seat 3: Alameda22 folded before Flop (didn't bet)
Seat 4: msna folded before Flop (didn't bet)
Seat 5: allentackett (button) folded before Flop (didn't bet)
Seat 6: eljiji59 (small blind) folded before Flop
Seat 7: jur7777 (big blind) collected ($0.60)
Seat 8: Brohustle folded on the Turn
Seat 9: Cider666 folded before Flop (didn't bet)



PokerStars Game #19922912356:  Hold'em No Limit ($0.10/$0.25) - 2008/08/26 - 19:16:45 (ET)
Table 'Sofala' 9-max Seat #6 is the button
Seat 2: rastyrasty ($8.90 in chips) 
Seat 3: Alameda22 ($24.90 in chips) 
Seat 4: msna ($24.90 in chips) 
Seat 5: allentackett ($67.50 in chips) 
Seat 6: eljiji59 ($19.90 in chips) 
Seat 7: jur7777 ($29.80 in chips) 
Seat 8: Brohustle ($7.80 in chips) 
Seat 9: Cider666 ($32.75 in chips) 
jur7777: posts small blind $0.10
Brohustle: posts big blind $0.25
*** HOLE CARDS ***
Dealt to Alameda22 [Jh Jc]
Cider666: folds 
rastyrasty: folds 
Alameda22: raises $0.50 to $0.75
msna: folds 
allentackett: folds 
eljiji59: folds 
jur7777: folds 
Brohustle: calls $0.50
*** FLOP *** [9h Kd 9d]
Brohustle: checks 
Alameda22: bets $1
Brohustle: folds 
Uncalled bet ($1) returned to Alameda22
Alameda22 collected $1.55 from pot
Alameda22: doesn't show hand 
*** SUMMARY ***
Total pot $1.60 | Rake $0.05 
Board [9h Kd 9d]
Seat 2: rastyrasty folded before Flop (didn't bet)
Seat 3: Alameda22 collected ($1.55)
Seat 4: msna folded before Flop (didn't bet)
Seat 5: allentackett folded before Flop (didn't bet)
Seat 6: eljiji59 (button) folded before Flop (didn't bet)
Seat 7: jur7777 (small blind) folded before Flop
Seat 8: Brohustle (big blind) folded on the Flop
Seat 9: Cider666 folded before Flop (didn't bet)



PokerStars Game #19922931315:  Hold'em No Limit ($0.10/$0.25) - 2008/08/26 - 19:17:37 (ET)
Table 'Sofala' 9-max Seat #7 is the button
Seat 2: rastyrasty ($8.90 in chips) 
Seat 3: Alameda22 ($25.70 in chips) 
Seat 4: msna ($24.90 in chips) 
Seat 5: allentackett ($67.50 in chips) 
Seat 6: eljiji59 ($19.90 in chips) 
Seat 7: jur7777 ($29.70 in chips) 
Seat 8: Brohustle ($7.05 in chips) 
Seat 9: Cider666 ($32.75 in chips) 
Brohustle: posts small blind $0.10
Cider666: posts big blind $0.25
*** HOLE CARDS ***
Dealt to Alameda22 [5d Kd]
rastyrasty: folds 
Alameda22: folds 
msna: folds 
allentackett: calls $0.25
eljiji59: folds 
jur7777: folds 
Brohustle: raises $0.25 to $0.50
Cider666: calls $0.25
allentackett: calls $0.25
*** FLOP *** [7s Kh 2c]
Brohustle: checks 
Cider666: checks 
allentackett: bets $1
Brohustle: folds 
Cider666: folds 
Uncalled bet ($1) returned to allentackett
allentackett collected $1.45 from pot
allentackett: doesn't show hand 
*** SUMMARY ***
Total pot $1.50 | Rake $0.05 
Board [7s Kh 2c]
Seat 2: rastyrasty folded before Flop (didn't bet)
Seat 3: Alameda22 folded before Flop (didn't bet)
Seat 4: msna folded before Flop (didn't bet)
Seat 5: allentackett collected ($1.45)
Seat 6: eljiji59 folded before Flop (didn't bet)
Seat 7: jur7777 (button) folded before Flop (didn't bet)
Seat 8: Brohustle (small blind) folded on the Flop
Seat 9: Cider666 (big blind) folded on the Flop



PokerStars Game #19922954072:  Hold'em No Limit ($0.10/$0.25) - 2008/08/26 - 19:18:39 (ET)
Table 'Sofala' 9-max Seat #8 is the button
Seat 2: rastyrasty ($8.90 in chips) 
Seat 3: Alameda22 ($25.70 in chips) 
Seat 4: msna ($24.90 in chips) 
Seat 5: allentackett ($68.45 in chips) 
Seat 6: eljiji59 ($19.90 in chips) 
Seat 7: jur7777 ($29.70 in chips) 
Seat 8: Brohustle ($6.55 in chips) 
Seat 9: Cider666 ($32.25 in chips) 
Cider666: posts small blind $0.10
rastyrasty: posts big blind $0.25
*** HOLE CARDS ***
Dealt to Alameda22 [4h 8s]
Alameda22: folds 
msna: folds 
allentackett: calls $0.25
eljiji59: folds 
jur7777: folds 
Brohustle: calls $0.25
Cider666: raises $1 to $1.25
rastyrasty: folds 
allentackett: calls $1
Brohustle: folds 
*** FLOP *** [Jh Ad 2h]
Cider666: bets $1.25
allentackett: calls $1.25
*** TURN *** [Jh Ad 2h] [4c]
Cider666: checks 
allentackett: bets $1
Cider666: calls $1
*** RIVER *** [Jh Ad 2h 4c] [6s]
Cider666: checks 
allentackett: bets $1.25
Cider666: calls $1.25
*** SHOW DOWN ***
allentackett: shows [2c Ah] (two pair, Aces and Deuces)
Cider666: shows [Kd Ks] (a pair of Kings)
allentackett collected $9.55 from pot
boz10790 has returned
*** SUMMARY ***
Total pot $10 | Rake $0.45 
Board [Jh Ad 2h 4c 6s]
Seat 2: rastyrasty (big blind) folded before Flop
Seat 3: Alameda22 folded before Flop (didn't bet)
Seat 4: msna folded before Flop (didn't bet)
Seat 5: allentackett showed [2c Ah] and won ($9.55) with two pair, Aces and Deuces
Seat 6: eljiji59 folded before Flop (didn't bet)
Seat 7: jur7777 folded before Flop (didn't bet)
Seat 8: Brohustle (button) folded before Flop
Seat 9: Cider666 (small blind) showed [Kd Ks] and lost with a pair of Kings



PokerStars Game #19922980421:  Hold'em No Limit ($0.10/$0.25) - 2008/08/26 - 19:19:51 (ET)
Table 'Sofala' 9-max Seat #9 is the button
Seat 3: Alameda22 ($25.70 in chips) 
Seat 4: msna ($24.90 in chips) 
Seat 5: allentackett ($73.25 in chips) 
Seat 6: eljiji59 ($19.90 in chips) 
Seat 7: jur7777 ($29.70 in chips) 
Seat 8: Brohustle ($6.30 in chips) 
Seat 9: Cider666 ($27.50 in chips) 
boz10790 will be allowed to play after the button
boz10790 leaves the table
rastyrasty has timed out
rastyrasty: is sitting out 
Alameda22: posts small blind $0.10
msna: posts big blind $0.25
*** HOLE CARDS ***
Dealt to Alameda22 [9h Kc]
allentackett: folds 
eljiji59: calls $0.25
rastyrasty has returned
jur7777: calls $0.25
Smoli1202 joins the table at seat #1 
Brohustle: calls $0.25
Cider666: folds 
Alameda22: folds 
msna: checks 
*** FLOP *** [4s Ad 7s]
msna: checks 
eljiji59: checks 
jur7777: bets $0.75
Brohustle: folds 
msna: folds 
eljiji59: folds 
Uncalled bet ($0.75) returned to jur7777
jur7777 collected $1.05 from pot
jur7777: doesn't show hand 
*** SUMMARY ***
Total pot $1.10 | Rake $0.05 
Board [4s Ad 7s]
Seat 3: Alameda22 (small blind) folded before Flop
Seat 4: msna (big blind) folded on the Flop
Seat 5: allentackett folded before Flop (didn't bet)
Seat 6: eljiji59 folded on the Flop
Seat 7: jur7777 collected ($1.05)
Seat 8: Brohustle folded on the Flop
Seat 9: Cider666 (button) folded before Flop (didn't bet)



PokerStars Game #19923012993:  Hold'em No Limit ($0.10/$0.25) - 2008/08/26 - 19:21:20 (ET)
Table 'Sofala' 9-max Seat #3 is the button
Seat 1: Smoli1202 ($5 in chips) 
Seat 3: Alameda22 ($25.60 in chips) 
Seat 4: msna ($24.65 in chips) 
Seat 5: allentackett ($73.25 in chips) 
Seat 6: eljiji59 ($19.65 in chips) 
Seat 7: jur7777 ($30.50 in chips) 
Seat 8: Brohustle ($6.05 in chips) 
Seat 9: Cider666 ($27.50 in chips) 
msna: posts small blind $0.10
allentackett: posts big blind $0.25
Smoli1202: posts big blind $0.25
rastyrasty: sits out 
*** HOLE CARDS ***
Dealt to Alameda22 [Tc 4c]
eljiji59: folds 
jur7777: folds 
Brohustle: folds 
Cider666: folds 
Smoli1202: checks 
Alameda22: folds 
msna: folds 
allentackett: checks 
*** FLOP *** [6s Kd Qh]
allentackett: checks 
Smoli1202: bets $0.25
allentackett: folds 
Uncalled bet ($0.25) returned to Smoli1202
Smoli1202 collected $0.60 from pot
Smoli1202: doesn't show hand 
*** SUMMARY ***
Total pot $0.60 | Rake $0 
Board [6s Kd Qh]
Seat 1: Smoli1202 collected ($0.60)
Seat 3: Alameda22 (button) folded before Flop (didn't bet)
Seat 4: msna (small blind) folded before Flop
Seat 5: allentackett (big blind) folded on the Flop
Seat 6: eljiji59 folded before Flop (didn't bet)
Seat 7: jur7777 folded before Flop (didn't bet)
Seat 8: Brohustle folded before Flop (didn't bet)
Seat 9: Cider666 folded before Flop (didn't bet)



PokerStars Game #19923033180:  Hold'em No Limit ($0.10/$0.25) - 2008/08/26 - 19:22:15 (ET)
Table 'Sofala' 9-max Seat #4 is the button
Seat 1: Smoli1202 ($5.35 in chips) 
Seat 3: Alameda22 ($25.60 in chips) 
Seat 4: msna ($24.55 in chips) 
Seat 5: allentackett ($73 in chips) 
Seat 6: eljiji59 ($19.65 in chips) 
Seat 7: jur7777 ($30.50 in chips) 
Seat 8: Brohustle ($6.05 in chips) 
Seat 9: Cider666 ($27.50 in chips) 
allentackett: posts small blind $0.10
eljiji59: posts big blind $0.25
rastyrasty: sits out 
*** HOLE CARDS ***
Dealt to Alameda22 [6h 8c]
jur7777: folds 
Brohustle: calls $0.25
Cider666: raises $0.75 to $1
Smoli1202: folds 
Alameda22: folds 
msna: folds 
allentackett: calls $0.90
eljiji59: folds 
Brohustle: folds 
*** FLOP *** [5s 6c 2d]
allentackett: bets $1
Cider666: raises $2.50 to $3.50
allentackett: calls $2.50
*** TURN *** [5s 6c 2d] [4d]
allentackett: bets $1
Cider666: calls $1
*** RIVER *** [5s 6c 2d 4d] [Jc]
allentackett: bets $1
Cider666: raises $8 to $9
allentackett: folds 
Uncalled bet ($8) returned to Cider666
Cider666 collected $12.90 from pot
Cider666: shows [Ad Td] (high card Ace)
*** SUMMARY ***
Total pot $13.50 | Rake $0.60 
Board [5s 6c 2d 4d Jc]
Seat 1: Smoli1202 folded before Flop (didn't bet)
Seat 3: Alameda22 folded before Flop (didn't bet)
Seat 4: msna (button) folded before Flop (didn't bet)
Seat 5: allentackett (small blind) folded on the River
Seat 6: eljiji59 (big blind) folded before Flop
Seat 7: jur7777 folded before Flop (didn't bet)
Seat 8: Brohustle folded before Flop
Seat 9: Cider666 collected ($12.90)



PokerStars Game #19923069837:  Hold'em No Limit ($0.10/$0.25) - 2008/08/26 - 19:23:55 (ET)
Table 'Sofala' 9-max Seat #5 is the button
Seat 1: Smoli1202 ($5.35 in chips) 
Seat 3: Alameda22 ($25.60 in chips) 
Seat 4: msna ($24.55 in chips) 
Seat 5: allentackett ($66.50 in chips) 
Seat 6: eljiji59 ($19.40 in chips) 
Seat 7: jur7777 ($30.50 in chips) 
Seat 8: Brohustle ($5.80 in chips) 
Seat 9: Cider666 ($33.90 in chips) 
eljiji59: posts small blind $0.10
jur7777: posts big blind $0.25
rastyrasty: sits out 
*** HOLE CARDS ***
Dealt to Alameda22 [2d 9c]
allentackett said, "dang"
Brohustle: raises $0.50 to $0.75
Cider666: folds 
Smoli1202: folds 
allentackett said, "nice bluff"
Alameda22: folds 
msna: folds 
allentackett: folds 
eljiji59: folds 
jur7777: calls $0.50
*** FLOP *** [5c Js 8h]
jur7777: checks 
Brohustle: checks 
*** TURN *** [5c Js 8h] [Qc]
jur7777: bets $1
Brohustle: folds 
Uncalled bet ($1) returned to jur7777
jur7777 collected $1.55 from pot
jur7777: doesn't show hand 
*** SUMMARY ***
Total pot $1.60 | Rake $0.05 
Board [5c Js 8h Qc]
Seat 1: Smoli1202 folded before Flop (didn't bet)
Seat 3: Alameda22 folded before Flop (didn't bet)
Seat 4: msna folded before Flop (didn't bet)
Seat 5: allentackett (button) folded before Flop (didn't bet)
Seat 6: eljiji59 (small blind) folded before Flop
Seat 7: jur7777 (big blind) collected ($1.55)
Seat 8: Brohustle folded on the Turn
Seat 9: Cider666 folded before Flop (didn't bet)



PokerStars Game #19923091378:  Hold'em No Limit ($0.10/$0.25) - 2008/08/26 - 19:24:54 (ET)
Table 'Sofala' 9-max Seat #6 is the button
Seat 1: Smoli1202 ($5.35 in chips) 
Seat 3: Alameda22 ($25.60 in chips) 
Seat 4: msna ($24.55 in chips) 
Seat 5: allentackett ($66.50 in chips) 
Seat 6: eljiji59 ($19.30 in chips) 
Seat 7: jur7777 ($31.30 in chips) 
Seat 8: Brohustle ($5.05 in chips) 
Seat 9: Cider666 ($33.90 in chips) 
jur7777: posts small blind $0.10
Brohustle: posts big blind $0.25
rastyrasty: sits out 
*** HOLE CARDS ***
Dealt to Alameda22 [Ks Ts]
Cider666: folds 
Smoli1202: folds 
Alameda22: folds 
msna: folds 
allentackett: folds 
eljiji59: folds 
jur7777: calls $0.15
Brohustle: checks 
*** FLOP *** [Td 2c 7c]
jur7777: checks 
Brohustle: bets $0.50
jur7777: folds 
Uncalled bet ($0.50) returned to Brohustle
Brohustle collected $0.50 from pot
Brohustle: doesn't show hand 
*** SUMMARY ***
Total pot $0.50 | Rake $0 
Board [Td 2c 7c]
Seat 1: Smoli1202 folded before Flop (didn't bet)
Seat 3: Alameda22 folded before Flop (didn't bet)
Seat 4: msna folded before Flop (didn't bet)
Seat 5: allentackett folded before Flop (didn't bet)
Seat 6: eljiji59 (button) folded before Flop (didn't bet)
Seat 7: jur7777 (small blind) folded on the Flop
Seat 8: Brohustle (big blind) collected ($0.50)
Seat 9: Cider666 folded before Flop (didn't bet)



PokerStars Game #19923111583:  Hold'em No Limit ($0.10/$0.25) - 2008/08/26 - 19:25:50 (ET)
Table 'Sofala' 9-max Seat #7 is the button
Seat 1: Smoli1202 ($5.35 in chips) 
Seat 3: Alameda22 ($25.60 in chips) 
Seat 4: msna ($24.55 in chips) 
Seat 5: allentackett ($66.50 in chips) 
Seat 6: eljiji59 ($19.30 in chips) 
Seat 7: jur7777 ($31.05 in chips) 
Seat 8: Brohustle ($5.30 in chips) 
Seat 9: Cider666 ($33.90 in chips) 
Brohustle: posts small blind $0.10
Cider666: posts big blind $0.25
rastyrasty: sits out 
*** HOLE CARDS ***
Dealt to Alameda22 [3s 2s]
Smoli1202: calls $0.25
Alameda22: folds 
msna: folds 
allentackett: folds 
eljiji59: folds 
jur7777: folds 
Brohustle: folds 
Cider666: checks 
*** FLOP *** [7h 6d 4s]
Cider666: bets $0.25
Smoli1202: calls $0.25
*** TURN *** [7h 6d 4s] [Ts]
Cider666: bets $0.25
Smoli1202: calls $0.25
*** RIVER *** [7h 6d 4s Ts] [Jd]
Cider666: checks 
Smoli1202: bets $0.75
Cider666: folds 
Uncalled bet ($0.75) returned to Smoli1202
Smoli1202 collected $1.55 from pot
Smoli1202: doesn't show hand 
*** SUMMARY ***
Total pot $1.60 | Rake $0.05 
Board [7h 6d 4s Ts Jd]
Seat 1: Smoli1202 collected ($1.55)
Seat 3: Alameda22 folded before Flop (didn't bet)
Seat 4: msna folded before Flop (didn't bet)
Seat 5: allentackett folded before Flop (didn't bet)
Seat 6: eljiji59 folded before Flop (didn't bet)
Seat 7: jur7777 (button) folded before Flop (didn't bet)
Seat 8: Brohustle (small blind) folded before Flop
Seat 9: Cider666 (big blind) folded on the River



PokerStars Game #19923145787:  Hold'em No Limit ($0.10/$0.25) - 2008/08/26 - 19:27:24 (ET)
Table 'Sofala' 9-max Seat #8 is the button
Seat 1: Smoli1202 ($6.15 in chips) 
Seat 3: Alameda22 ($25.60 in chips) 
Seat 4: msna ($24.55 in chips) 
Seat 5: allentackett ($66.50 in chips) 
Seat 6: eljiji59 ($19.30 in chips) 
Seat 7: jur7777 ($31.05 in chips) 
Seat 8: Brohustle ($5.20 in chips) 
Seat 9: Cider666 ($33.15 in chips) 
Cider666: posts small blind $0.10
Smoli1202: posts big blind $0.25
rastyrasty: sits out 
*** HOLE CARDS ***
Dealt to Alameda22 [4s 3c]
Alameda22: folds 
msna: folds 
allentackett: folds 
eljiji59: folds 
jur7777: folds 
Brohustle: folds 
Cider666: folds 
Uncalled bet ($0.15) returned to Smoli1202
Smoli1202 collected $0.20 from pot
Smoli1202: doesn't show hand 
*** SUMMARY ***
Total pot $0.20 | Rake $0 
Seat 1: Smoli1202 (big blind) collected ($0.20)
Seat 3: Alameda22 folded before Flop (didn't bet)
Seat 4: msna folded before Flop (didn't bet)
Seat 5: allentackett folded before Flop (didn't bet)
Seat 6: eljiji59 folded before Flop (didn't bet)
Seat 7: jur7777 folded before Flop (didn't bet)
Seat 8: Brohustle (button) folded before Flop (didn't bet)
Seat 9: Cider666 (small blind) folded before Flop



PokerStars Game #19923154367:  Hold'em No Limit ($0.10/$0.25) - 2008/08/26 - 19:27:47 (ET)
Table 'Sofala' 9-max Seat #9 is the button
Seat 1: Smoli1202 ($6.25 in chips) 
Seat 2: rastyrasty ($8.65 in chips) 
Seat 3: Alameda22 ($25.60 in chips) 
Seat 4: msna ($25 in chips) 
Seat 5: allentackett ($66.50 in chips) 
Seat 6: eljiji59 ($19.30 in chips) 
Seat 7: jur7777 ($31.05 in chips) 
Seat 8: Brohustle ($5.20 in chips) 
Seat 9: Cider666 ($33.05 in chips) 
Smoli1202: posts small blind $0.10
rastyrasty: posts big blind $0.25
*** HOLE CARDS ***
Dealt to Alameda22 [6h 6s]
Alameda22: folds 
msna: folds 
allentackett: calls $0.25
eljiji59: folds 
jur7777: calls $0.25
Brohustle: folds 
Cider666: folds 
Smoli1202: calls $0.15
rastyrasty: checks 
*** FLOP *** [Kc 3c 2s]
Smoli1202: checks 
rastyrasty: checks 
allentackett: checks 
jur7777: bets $0.65
Smoli1202: folds 
rastyrasty: folds 
allentackett: folds 
Uncalled bet ($0.65) returned to jur7777
jur7777 collected $0.95 from pot
jur7777: doesn't show hand 
*** SUMMARY ***
Total pot $1 | Rake $0.05 
Board [Kc 3c 2s]
Seat 1: Smoli1202 (small blind) folded on the Flop
Seat 2: rastyrasty (big blind) folded on the Flop
Seat 3: Alameda22 folded before Flop (didn't bet)
Seat 4: msna folded before Flop (didn't bet)
Seat 5: allentackett folded on the Flop
Seat 6: eljiji59 folded before Flop (didn't bet)
Seat 7: jur7777 collected ($0.95)
Seat 8: Brohustle folded before Flop (didn't bet)
Seat 9: Cider666 (button) folded before Flop (didn't bet)



PokerStars Game #19923175073:  Hold'em No Limit ($0.10/$0.25) - 2008/08/26 - 19:28:44 (ET)
Table 'Sofala' 9-max Seat #1 is the button
Seat 1: Smoli1202 ($6 in chips) 
Seat 2: rastyrasty ($8.40 in chips) 
Seat 3: Alameda22 ($25.60 in chips) 
Seat 4: msna ($25 in chips) 
Seat 5: allentackett ($66.25 in chips) 
Seat 6: eljiji59 ($19.30 in chips) 
Seat 7: jur7777 ($31.75 in chips) 
Seat 8: Brohustle ($5.20 in chips) 
Seat 9: Cider666 ($33.05 in chips) 
rastyrasty: posts small blind $0.10
Alameda22: posts big blind $0.25
*** HOLE CARDS ***
Dealt to Alameda22 [7c Qh]
msna: folds 
allentackett: folds 
eljiji59: folds 
jur7777: folds 
Brohustle: folds 
Cider666: raises $0.50 to $0.75
Smoli1202: folds 
rastyrasty: folds 
Alameda22: folds 
Uncalled bet ($0.50) returned to Cider666
Cider666 collected $0.60 from pot
*** SUMMARY ***
Total pot $0.60 | Rake $0 
Seat 1: Smoli1202 (button) folded before Flop (didn't bet)
Seat 2: rastyrasty (small blind) folded before Flop
Seat 3: Alameda22 (big blind) folded before Flop
Seat 4: msna folded before Flop (didn't bet)
Seat 5: allentackett folded before Flop (didn't bet)
Seat 6: eljiji59 folded before Flop (didn't bet)
Seat 7: jur7777 folded before Flop (didn't bet)
Seat 8: Brohustle folded before Flop (didn't bet)
Seat 9: Cider666 collected ($0.60)



PokerStars Game #19923186490:  Hold'em No Limit ($0.10/$0.25) - 2008/08/26 - 19:29:15 (ET)
Table 'Sofala' 9-max Seat #2 is the button
Seat 1: Smoli1202 ($6 in chips) 
Seat 2: rastyrasty ($8.30 in chips) 
Seat 3: Alameda22 ($25.35 in chips) 
Seat 4: msna ($25 in chips) 
Seat 5: allentackett ($66.25 in chips) 
Seat 6: eljiji59 ($19.30 in chips) 
Seat 7: jur7777 ($31.75 in chips) 
Seat 8: Brohustle ($5.20 in chips) 
Seat 9: Cider666 ($33.40 in chips) 
Alameda22: posts small blind $0.10
msna: posts big blind $0.25
*** HOLE CARDS ***
Dealt to Alameda22 [8c 4d]
allentackett: folds 
eljiji59: folds 
jur7777: folds 
Brohustle: calls $0.25
Cider666: folds 
Smoli1202: folds 
rastyrasty: folds 
Alameda22: folds 
msna: checks 
*** FLOP *** [9d 5h Qc]
msna: checks 
Brohustle: checks 
*** TURN *** [9d 5h Qc] [Ts]
msna: bets $0.50
Brohustle: calls $0.50
*** RIVER *** [9d 5h Qc Ts] [As]
msna: bets $1.50
Brohustle: calls $1.50
*** SHOW DOWN ***
msna: shows [9h 5d] (two pair, Nines and Fives)
Brohustle: mucks hand 
msna collected $4.40 from pot
*** SUMMARY ***
Total pot $4.60 | Rake $0.20 
Board [9d 5h Qc Ts As]
Seat 1: Smoli1202 folded before Flop (didn't bet)
Seat 2: rastyrasty (button) folded before Flop (didn't bet)
Seat 3: Alameda22 (small blind) folded before Flop
Seat 4: msna (big blind) showed [9h 5d] and won ($4.40) with two pair, Nines and Fives
Seat 5: allentackett folded before Flop (didn't bet)
Seat 6: eljiji59 folded before Flop (didn't bet)
Seat 7: jur7777 folded before Flop (didn't bet)
Seat 8: Brohustle mucked [Kd Qd]
Seat 9: Cider666 folded before Flop (didn't bet)



PokerStars Game #19923208681:  Hold'em No Limit ($0.10/$0.25) - 2008/08/26 - 19:30:16 (ET)
Table 'Sofala' 9-max Seat #3 is the button
Seat 1: Smoli1202 ($6 in chips) 
Seat 2: rastyrasty ($8.30 in chips) 
Seat 3: Alameda22 ($25.25 in chips) 
Seat 4: msna ($27.15 in chips) 
Seat 5: allentackett ($66.25 in chips) 
Seat 6: eljiji59 ($19.30 in chips) 
Seat 7: jur7777 ($31.75 in chips) 
Seat 8: Brohustle ($2.95 in chips) 
Seat 9: Cider666 ($33.40 in chips) 
msna: posts small blind $0.10
allentackett: posts big blind $0.25
*** HOLE CARDS ***
Dealt to Alameda22 [Ad 2d]
eljiji59: folds 
jur7777: folds 
Brohustle: calls $0.25
Cider666: folds 
Smoli1202: folds 
rastyrasty: raises $0.75 to $1
Alameda22: folds 
msna: folds 
allentackett: folds 
Brohustle: folds 
Uncalled bet ($0.75) returned to rastyrasty
rastyrasty collected $0.85 from pot
*** SUMMARY ***
Total pot $0.85 | Rake $0 
Seat 1: Smoli1202 folded before Flop (didn't bet)
Seat 2: rastyrasty collected ($0.85)
Seat 3: Alameda22 (button) folded before Flop (didn't bet)
Seat 4: msna (small blind) folded before Flop
Seat 5: allentackett (big blind) folded before Flop
Seat 6: eljiji59 folded before Flop (didn't bet)
Seat 7: jur7777 folded before Flop (didn't bet)
Seat 8: Brohustle folded before Flop
Seat 9: Cider666 folded before Flop (didn't bet)



PokerStars Game #19923227210:  Hold'em No Limit ($0.10/$0.25) - 2008/08/26 - 19:31:07 (ET)
Table 'Sofala' 9-max Seat #4 is the button
Seat 1: Smoli1202 ($6 in chips) 
Seat 2: rastyrasty ($8.90 in chips) 
Seat 3: Alameda22 ($25.25 in chips) 
Seat 4: msna ($27.05 in chips) 
Seat 5: allentackett ($66 in chips) 
Seat 6: eljiji59 ($19.30 in chips) 
Seat 7: jur7777 ($31.75 in chips) 
Seat 8: Brohustle ($2.70 in chips) 
Seat 9: Cider666 ($33.40 in chips) 
allentackett: posts small blind $0.10
eljiji59: posts big blind $0.25
*** HOLE CARDS ***
Dealt to Alameda22 [7s 4c]
jur7777: folds 
Brohustle: folds 
Cider666: folds 
Smoli1202: folds 
rastyrasty: calls $0.25
Alameda22: folds 
msna: folds 
allentackett: calls $0.15
eljiji59: raises $1 to $1.25
rastyrasty: calls $1
allentackett: folds 
*** FLOP *** [8h 4h Tc]
eljiji59: bets $1.50
rastyrasty: folds 
Uncalled bet ($1.50) returned to eljiji59
eljiji59 collected $2.65 from pot
eljiji59: doesn't show hand 
*** SUMMARY ***
Total pot $2.75 | Rake $0.10 
Board [8h 4h Tc]
Seat 1: Smoli1202 folded before Flop (didn't bet)
Seat 2: rastyrasty folded on the Flop
Seat 3: Alameda22 folded before Flop (didn't bet)
Seat 4: msna (button) folded before Flop (didn't bet)
Seat 5: allentackett (small blind) folded before Flop
Seat 6: eljiji59 (big blind) collected ($2.65)
Seat 7: jur7777 folded before Flop (didn't bet)
Seat 8: Brohustle folded before Flop (didn't bet)
Seat 9: Cider666 folded before Flop (didn't bet)



PokerStars Game #19923246253:  Hold'em No Limit ($0.10/$0.25) - 2008/08/26 - 19:31:57 (ET)
Table 'Sofala' 9-max Seat #5 is the button
Seat 1: Smoli1202 ($6 in chips) 
Seat 2: rastyrasty ($7.65 in chips) 
Seat 3: Alameda22 ($25.25 in chips) 
Seat 4: msna ($27.05 in chips) 
Seat 5: allentackett ($65.75 in chips) 
Seat 6: eljiji59 ($20.70 in chips) 
Seat 7: jur7777 ($31.75 in chips) 
Seat 8: Brohustle ($2.70 in chips) 
Seat 9: Cider666 ($33.40 in chips) 
eljiji59: posts small blind $0.10
jur7777: posts big blind $0.25
*** HOLE CARDS ***
Dealt to Alameda22 [5h 3h]
Brohustle: raises $0.25 to $0.50
Cider666: folds 
Smoli1202: folds 
rastyrasty: folds 
Alameda22: folds 
msna: folds 
allentackett: folds 
eljiji59: folds 
jur7777: folds 
Uncalled bet ($0.25) returned to Brohustle
Brohustle collected $0.60 from pot
Brohustle: doesn't show hand 
*** SUMMARY ***
Total pot $0.60 | Rake $0 
Seat 1: Smoli1202 folded before Flop (didn't bet)
Seat 2: rastyrasty folded before Flop (didn't bet)
Seat 3: Alameda22 folded before Flop (didn't bet)
Seat 4: msna folded before Flop (didn't bet)
Seat 5: allentackett (button) folded before Flop (didn't bet)
Seat 6: eljiji59 (small blind) folded before Flop
Seat 7: jur7777 (big blind) folded before Flop
Seat 8: Brohustle collected ($0.60)
Seat 9: Cider666 folded before Flop (didn't bet)



PokerStars Game #19923257963:  Hold'em No Limit ($0.10/$0.25) - 2008/08/26 - 19:32:29 (ET)
Table 'Sofala' 9-max Seat #6 is the button
Seat 1: Smoli1202 ($6 in chips) 
Seat 2: rastyrasty ($7.65 in chips) 
Seat 3: Alameda22 ($25.25 in chips) 
Seat 4: msna ($27.05 in chips) 
Seat 5: allentackett ($65.75 in chips) 
Seat 6: eljiji59 ($20.60 in chips) 
Seat 7: jur7777 ($31.50 in chips) 
Seat 8: Brohustle ($3.05 in chips) 
Seat 9: Cider666 ($33.40 in chips) 
jur7777: posts small blind $0.10
Brohustle: posts big blind $0.25
*** HOLE CARDS ***
Dealt to Alameda22 [Tc Td]
Cider666: folds 
Smoli1202: calls $0.25
rastyrasty: folds 
Alameda22: raises $0.50 to $0.75
msna: folds 
allentackett: folds 
eljiji59: folds 
jur7777: folds 
Brohustle: calls $0.50
Smoli1202: folds 
*** FLOP *** [Kh Jd 3s]
Brohustle: checks 
Alameda22: bets $1.25
Brohustle: raises $1.05 to $2.30 and is all-in
Alameda22: calls $1.05
*** TURN *** [Kh Jd 3s] [6h]
*** RIVER *** [Kh Jd 3s 6h] [7d]
*** SHOW DOWN ***
Brohustle: shows [Qd Js] (a pair of Jacks)
Alameda22: mucks hand 
Brohustle collected $6.15 from pot
*** SUMMARY ***
Total pot $6.45 | Rake $0.30 
Board [Kh Jd 3s 6h 7d]
Seat 1: Smoli1202 folded before Flop
Seat 2: rastyrasty folded before Flop (didn't bet)
Seat 3: Alameda22 mucked [Tc Td]
Seat 4: msna folded before Flop (didn't bet)
Seat 5: allentackett folded before Flop (didn't bet)
Seat 6: eljiji59 (button) folded before Flop (didn't bet)
Seat 7: jur7777 (small blind) folded before Flop
Seat 8: Brohustle (big blind) showed [Qd Js] and won ($6.15) with a pair of Jacks
Seat 9: Cider666 folded before Flop (didn't bet)



PokerStars Game #19923298512:  Hold'em No Limit ($0.10/$0.25) - 2008/08/26 - 19:34:18 (ET)
Table 'Sofala' 9-max Seat #7 is the button
Seat 1: Smoli1202 ($5.75 in chips) 
Seat 2: rastyrasty ($7.65 in chips) 
Seat 3: Alameda22 ($22.20 in chips) 
Seat 4: msna ($27.05 in chips) 
Seat 5: allentackett ($65.75 in chips) 
Seat 6: eljiji59 ($20.60 in chips) 
Seat 7: jur7777 ($31.40 in chips) 
Seat 8: Brohustle ($6.15 in chips) 
Seat 9: Cider666 ($33.40 in chips) 
Brohustle: posts small blind $0.10
Cider666: posts big blind $0.25
*** HOLE CARDS ***
Dealt to Alameda22 [8h 4h]
Smoli1202: folds 
rastyrasty: folds 
Alameda22: folds 
msna: folds 
allentackett: calls $0.25
eljiji59: folds 
jur7777: folds 
Brohustle: folds 
Cider666: checks 
*** FLOP *** [8c 2c 3h]
Cider666: checks 
allentackett: bets $0.25
Cider666: folds 
Uncalled bet ($0.25) returned to allentackett
allentackett collected $0.60 from pot
allentackett: doesn't show hand 
*** SUMMARY ***
Total pot $0.60 | Rake $0 
Board [8c 2c 3h]
Seat 1: Smoli1202 folded before Flop (didn't bet)
Seat 2: rastyrasty folded before Flop (didn't bet)
Seat 3: Alameda22 folded before Flop (didn't bet)
Seat 4: msna folded before Flop (didn't bet)
Seat 5: allentackett collected ($0.60)
Seat 6: eljiji59 folded before Flop (didn't bet)
Seat 7: jur7777 (button) folded before Flop (didn't bet)
Seat 8: Brohustle (small blind) folded before Flop
Seat 9: Cider666 (big blind) folded on the Flop



PokerStars Game #19923313447:  Hold'em No Limit ($0.10/$0.25) - 2008/08/26 - 19:34:59 (ET)
Table 'Sofala' 9-max Seat #8 is the button
Seat 1: Smoli1202 ($5.75 in chips) 
Seat 2: rastyrasty ($7.65 in chips) 
Seat 3: Alameda22 ($22.20 in chips) 
Seat 4: msna ($27.05 in chips) 
Seat 5: allentackett ($66.10 in chips) 
Seat 6: eljiji59 ($20.60 in chips) 
Seat 7: jur7777 ($31.40 in chips) 
Seat 8: Brohustle ($6.05 in chips) 
Seat 9: Cider666 ($33.15 in chips) 
Cider666: posts small blind $0.10
Smoli1202: posts big blind $0.25
*** HOLE CARDS ***
Dealt to Alameda22 [8c Ac]
rastyrasty: folds 
Alameda22: folds 
msna: folds 
allentackett: folds 
eljiji59: folds 
jur7777: folds 
Brohustle: folds 
Cider666: folds 
Uncalled bet ($0.15) returned to Smoli1202
Smoli1202 collected $0.20 from pot
Smoli1202: doesn't show hand 
*** SUMMARY ***
Total pot $0.20 | Rake $0 
Seat 1: Smoli1202 (big blind) collected ($0.20)
Seat 2: rastyrasty folded before Flop (didn't bet)
Seat 3: Alameda22 folded before Flop (didn't bet)
Seat 4: msna folded before Flop (didn't bet)
Seat 5: allentackett folded before Flop (didn't bet)
Seat 6: eljiji59 folded before Flop (didn't bet)
Seat 7: jur7777 folded before Flop (didn't bet)
Seat 8: Brohustle (button) folded before Flop (didn't bet)
Seat 9: Cider666 (small blind) folded before Flop



PokerStars Game #19923321624:  Hold'em No Limit ($0.10/$0.25) - 2008/08/26 - 19:35:21 (ET)
Table 'Sofala' 9-max Seat #9 is the button
Seat 1: Smoli1202 ($5.85 in chips) 
Seat 2: rastyrasty ($7.65 in chips) 
Seat 3: Alameda22 ($22.20 in chips) 
Seat 4: msna ($27.05 in chips) 
Seat 5: allentackett ($66.10 in chips) 
Seat 6: eljiji59 ($20.60 in chips) 
Seat 7: jur7777 ($31.40 in chips) 
Seat 8: Brohustle ($6.05 in chips) 
Seat 9: Cider666 ($33.05 in chips) 
Smoli1202: posts small blind $0.10
rastyrasty: posts big blind $0.25
*** HOLE CARDS ***
Dealt to Alameda22 [Ks 7s]
Alameda22: folds 
msna: folds 
allentackett: folds 
eljiji59: raises $0.75 to $1
jur7777: folds 
Brohustle: folds 
Cider666: folds 
Smoli1202: folds 
rastyrasty: folds 
Uncalled bet ($0.75) returned to eljiji59
eljiji59 collected $0.60 from pot
eljiji59: doesn't show hand 
*** SUMMARY ***
Total pot $0.60 | Rake $0 
Seat 1: Smoli1202 (small blind) folded before Flop
Seat 2: rastyrasty (big blind) folded before Flop
Seat 3: Alameda22 folded before Flop (didn't bet)
Seat 4: msna folded before Flop (didn't bet)
Seat 5: allentackett folded before Flop (didn't bet)
Seat 6: eljiji59 collected ($0.60)
Seat 7: jur7777 folded before Flop (didn't bet)
Seat 8: Brohustle folded before Flop (didn't bet)
Seat 9: Cider666 (button) folded before Flop (didn't bet)



PokerStars Game #19923335412:  Hold'em No Limit ($0.10/$0.25) - 2008/08/26 - 19:35:58 (ET)
Table 'Sofala' 9-max Seat #1 is the button
Seat 1: Smoli1202 ($5.75 in chips) 
Seat 2: rastyrasty ($7.40 in chips) 
Seat 3: Alameda22 ($22.20 in chips) 
Seat 4: msna ($27.05 in chips) 
Seat 5: allentackett ($66.10 in chips) 
Seat 6: eljiji59 ($20.95 in chips) 
Seat 7: jur7777 ($31.40 in chips) 
Seat 8: Brohustle ($6.05 in chips) 
Seat 9: Cider666 ($33.05 in chips) 
rastyrasty: posts small blind $0.10
Alameda22: posts big blind $0.25
*** HOLE CARDS ***
Dealt to Alameda22 [3h 4h]
msna: folds 
allentackett: calls $0.25
eljiji59: calls $0.25
jur7777: folds 
Brohustle: folds 
Cider666: folds 
Smoli1202: calls $0.25
rastyrasty: folds 
Alameda22: checks 
*** FLOP *** [9d 8c 6s]
Alameda22: checks 
allentackett: bets $0.25
eljiji59: raises $0.50 to $0.75
Smoli1202: folds 
Alameda22: folds 
allentackett: calls $0.50
*** TURN *** [9d 8c 6s] [6h]
allentackett: bets $0.25
eljiji59: calls $0.25
*** RIVER *** [9d 8c 6s 6h] [4d]
allentackett: bets $0.25
eljiji59: folds 
Uncalled bet ($0.25) returned to allentackett
msna is sitting out
allentackett collected $2.95 from pot
allentackett: doesn't show hand 
*** SUMMARY ***
Total pot $3.10 | Rake $0.15 
Board [9d 8c 6s 6h 4d]
Seat 1: Smoli1202 (button) folded on the Flop
Seat 2: rastyrasty (small blind) folded before Flop
Seat 3: Alameda22 (big blind) folded on the Flop
Seat 4: msna folded before Flop (didn't bet)
Seat 5: allentackett collected ($2.95)
Seat 6: eljiji59 folded on the River
Seat 7: jur7777 folded before Flop (didn't bet)
Seat 8: Brohustle folded before Flop (didn't bet)
Seat 9: Cider666 folded before Flop (didn't bet)



PokerStars Game #19923359047:  Hold'em No Limit ($0.10/$0.25) - 2008/08/26 - 19:37:03 (ET)
Table 'Sofala' 9-max Seat #2 is the button
Seat 1: Smoli1202 ($5.50 in chips) 
Seat 2: rastyrasty ($7.30 in chips) 
Seat 3: Alameda22 ($21.95 in chips) 
Seat 5: allentackett ($67.80 in chips) 
Seat 6: eljiji59 ($19.70 in chips) 
Seat 7: jur7777 ($31.40 in chips) 
Seat 8: Brohustle ($6.05 in chips) 
Seat 9: Cider666 ($33.05 in chips) 
Alameda22: posts small blind $0.10
allentackett: posts big blind $0.25
*** HOLE CARDS ***
Dealt to Alameda22 [7h 5h]
eljiji59: folds 
jur7777: folds 
Brohustle: calls $0.25
Cider666: folds 
Smoli1202: calls $0.25
rastyrasty: folds 
Alameda22: calls $0.15
allentackett: raises $0.25 to $0.50
Brohustle: calls $0.25
Smoli1202: calls $0.25
Alameda22: calls $0.25
*** FLOP *** [Jh Kd 6h]
Alameda22: bets $1.25
allentackett: folds 
Brohustle: folds 
msna leaves the table
Smoli1202: calls $1.25
*** TURN *** [Jh Kd 6h] [Js]
kiku001 joins the table at seat #4 
Alameda22: bets $4
Smoli1202: folds 
Uncalled bet ($4) returned to Alameda22
Alameda22 collected $4.30 from pot
Alameda22: doesn't show hand 
*** SUMMARY ***
Total pot $4.50 | Rake $0.20 
Board [Jh Kd 6h Js]
Seat 1: Smoli1202 folded on the Turn
Seat 2: rastyrasty (button) folded before Flop (didn't bet)
Seat 3: Alameda22 (small blind) collected ($4.30)
Seat 5: allentackett (big blind) folded on the Flop
Seat 6: eljiji59 folded before Flop (didn't bet)
Seat 7: jur7777 folded before Flop (didn't bet)
Seat 8: Brohustle folded on the Flop
Seat 9: Cider666 folded before Flop (didn't bet)



PokerStars Game #19923394040:  Hold'em No Limit ($0.10/$0.25) - 2008/08/26 - 19:38:39 (ET)
Table 'Sofala' 9-max Seat #3 is the button
Seat 1: Smoli1202 ($3.75 in chips) 
Seat 2: rastyrasty ($7.30 in chips) 
Seat 3: Alameda22 ($24.50 in chips) 
Seat 5: allentackett ($67.30 in chips) 
Seat 6: eljiji59 ($19.70 in chips) 
Seat 7: jur7777 ($31.40 in chips) 
Seat 8: Brohustle ($5.55 in chips) 
Seat 9: Cider666 ($33.05 in chips) 
kiku001 will be allowed to play after the button
allentackett: posts small blind $0.10
eljiji59: posts big blind $0.25
*** HOLE CARDS ***
Dealt to Alameda22 [2d Js]
jur7777: folds 
Brohustle: folds 
Cider666: folds 
Smoli1202: calls $0.25
rastyrasty: folds 
Alameda22: folds 
allentackett: calls $0.15
eljiji59: raises $1 to $1.25
Smoli1202: folds 
allentackett: folds 
Uncalled bet ($1) returned to eljiji59
eljiji59 collected $0.75 from pot
eljiji59: doesn't show hand 
*** SUMMARY ***
Total pot $0.75 | Rake $0 
Seat 1: Smoli1202 folded before Flop
Seat 2: rastyrasty folded before Flop (didn't bet)
Seat 3: Alameda22 (button) folded before Flop (didn't bet)
Seat 5: allentackett (small blind) folded before Flop
Seat 6: eljiji59 (big blind) collected ($0.75)
Seat 7: jur7777 folded before Flop (didn't bet)
Seat 8: Brohustle folded before Flop (didn't bet)
Seat 9: Cider666 folded before Flop (didn't bet)



PokerStars Game #19923409586:  Hold'em No Limit ($0.10/$0.25) - 2008/08/26 - 19:39:21 (ET)
Table 'Sofala' 9-max Seat #5 is the button
Seat 1: Smoli1202 ($3.50 in chips) 
Seat 2: rastyrasty ($7.30 in chips) 
Seat 3: Alameda22 ($24.50 in chips) 
Seat 5: allentackett ($67.05 in chips) 
Seat 6: eljiji59 ($20.20 in chips) 
Seat 7: jur7777 ($31.40 in chips) 
Seat 8: Brohustle ($5.55 in chips) 
Seat 9: Cider666 ($33.05 in chips) 
eljiji59: posts small blind $0.10
jur7777: posts big blind $0.25
kiku001: sits out 
*** HOLE CARDS ***
Dealt to Alameda22 [7s 9d]
Brohustle: folds 
Cider666: folds 
Smoli1202: raises $0.50 to $0.75
Brohustle leaves the table
rastyrasty: folds 
Alameda22: folds 
allentackett: folds 
eljiji59: folds 
jur7777: folds 
Uncalled bet ($0.50) returned to Smoli1202
Smoli1202 collected $0.60 from pot
Smoli1202: doesn't show hand 
*** SUMMARY ***
Total pot $0.60 | Rake $0 
Seat 1: Smoli1202 collected ($0.60)
Seat 2: rastyrasty folded before Flop (didn't bet)
Seat 3: Alameda22 folded before Flop (didn't bet)
Seat 5: allentackett (button) folded before Flop (didn't bet)
Seat 6: eljiji59 (small blind) folded before Flop
Seat 7: jur7777 (big blind) folded before Flop
Seat 8: Brohustle folded before Flop (didn't bet)
Seat 9: Cider666 folded before Flop (didn't bet)



PokerStars Game #19923420291:  Hold'em No Limit ($0.10/$0.25) - 2008/08/26 - 19:39:50 (ET)
Table 'Sofala' 9-max Seat #6 is the button
Seat 1: Smoli1202 ($3.85 in chips) 
Seat 2: rastyrasty ($7.30 in chips) 
Seat 3: Alameda22 ($24.50 in chips) 
Seat 5: allentackett ($67.05 in chips) 
Seat 6: eljiji59 ($20.10 in chips) 
Seat 7: jur7777 ($31.15 in chips) 
Seat 9: Cider666 ($33.05 in chips) 
jur7777: posts small blind $0.10
Cider666: posts big blind $0.25
kiku001: sits out 
*** HOLE CARDS ***
Dealt to Alameda22 [5h 5s]
Smoli1202: calls $0.25
rastyrasty: folds 
Alameda22: folds 
allentackett: calls $0.25
eljiji59: calls $0.25
jur7777: folds 
Cider666: checks 
*** FLOP *** [Qc 3h Ts]
Cider666: checks 
Smoli1202: checks 
allentackett: checks 
eljiji59: bets $0.50
Cider666: folds 
Smoli1202: folds 
allentackett: folds 
Uncalled bet ($0.50) returned to eljiji59
eljiji59 collected $1.05 from pot
eljiji59: doesn't show hand 
*** SUMMARY ***
Total pot $1.10 | Rake $0.05 
Board [Qc 3h Ts]
Seat 1: Smoli1202 folded on the Flop
Seat 2: rastyrasty folded before Flop (didn't bet)
Seat 3: Alameda22 folded before Flop (didn't bet)
Seat 5: allentackett folded on the Flop
Seat 6: eljiji59 (button) collected ($1.05)
Seat 7: jur7777 (small blind) folded before Flop
Seat 9: Cider666 (big blind) folded on the Flop



PokerStars Game #19923444985:  Hold'em No Limit ($0.10/$0.25) - 2008/08/26 - 19:40:56 (ET)
Table 'Sofala' 9-max Seat #7 is the button
Seat 1: Smoli1202 ($3.60 in chips) 
Seat 2: rastyrasty ($7.30 in chips) 
Seat 3: Alameda22 ($24.50 in chips) 
Seat 5: allentackett ($66.80 in chips) 
Seat 6: eljiji59 ($20.90 in chips) 
Seat 7: jur7777 ($31.05 in chips) 
Seat 9: Cider666 ($32.80 in chips) 
Cider666: posts small blind $0.10
Smoli1202: posts big blind $0.25
kiku001: sits out 
*** HOLE CARDS ***
Dealt to Alameda22 [4s 5c]
rastyrasty: raises $0.75 to $1
Alameda22: folds 
allentackett: folds 
eljiji59: folds 
jur7777: folds 
Cider666: folds 
Smoli1202: folds 
Uncalled bet ($0.75) returned to rastyrasty
rastyrasty collected $0.60 from pot
rastyrasty: doesn't show hand 
*** SUMMARY ***
Total pot $0.60 | Rake $0 
Seat 1: Smoli1202 (big blind) folded before Flop
Seat 2: rastyrasty collected ($0.60)
Seat 3: Alameda22 folded before Flop (didn't bet)
Seat 5: allentackett folded before Flop (didn't bet)
Seat 6: eljiji59 folded before Flop (didn't bet)
Seat 7: jur7777 (button) folded before Flop (didn't bet)
Seat 9: Cider666 (small blind) folded before Flop



PokerStars Game #19923454799:  Hold'em No Limit ($0.10/$0.25) - 2008/08/26 - 19:41:22 (ET)
Table 'Sofala' 9-max Seat #9 is the button
Seat 1: Smoli1202 ($3.35 in chips) 
Seat 2: rastyrasty ($7.65 in chips) 
Seat 3: Alameda22 ($24.50 in chips) 
Seat 5: allentackett ($66.80 in chips) 
Seat 6: eljiji59 ($20.90 in chips) 
Seat 7: jur7777 ($31.05 in chips) 
Seat 9: Cider666 ($32.70 in chips) 
Smoli1202: posts small blind $0.10
rastyrasty: posts big blind $0.25
kiku001: sits out 
*** HOLE CARDS ***
Dealt to Alameda22 [8d 4c]
Alameda22: folds 
allentackett: raises $0.25 to $0.50
eljiji59: folds 
jur7777: folds 
Cider666: folds 
Smoli1202: folds 
rastyrasty: folds 
Uncalled bet ($0.25) returned to allentackett
allentackett collected $0.60 from pot
allentackett: doesn't show hand 
*** SUMMARY ***
Total pot $0.60 | Rake $0 
Seat 1: Smoli1202 (small blind) folded before Flop
Seat 2: rastyrasty (big blind) folded before Flop
Seat 3: Alameda22 folded before Flop (didn't bet)
Seat 5: allentackett collected ($0.60)
Seat 6: eljiji59 folded before Flop (didn't bet)
Seat 7: jur7777 folded before Flop (didn't bet)
Seat 9: Cider666 (button) folded before Flop (didn't bet)



PokerStars Game #19923463651:  Hold'em No Limit ($0.10/$0.25) - 2008/08/26 - 19:41:46 (ET)
Table 'Sofala' 9-max Seat #1 is the button
Seat 1: Smoli1202 ($3.25 in chips) 
Seat 2: rastyrasty ($7.40 in chips) 
Seat 3: Alameda22 ($24.50 in chips) 
Seat 5: allentackett ($67.15 in chips) 
Seat 6: eljiji59 ($20.90 in chips) 
Seat 7: jur7777 ($31.05 in chips) 
Seat 9: Cider666 ($32.70 in chips) 
rastyrasty: posts small blind $0.10
Alameda22: posts big blind $0.25
kiku001: sits out 
*** HOLE CARDS ***
Dealt to Alameda22 [6s Ad]
allentackett: folds 
eljiji59: folds 
jur7777: folds 
Cider666: folds 
Smoli1202: folds 
rastyrasty: calls $0.15
Alameda22: checks 
*** FLOP *** [Tc 5s 7d]
rastyrasty: checks 
Alameda22: checks 
*** TURN *** [Tc 5s 7d] [Qc]
rastyrasty: checks 
Alameda22: checks 
*** RIVER *** [Tc 5s 7d Qc] [Kd]
rastyrasty: checks 
Alameda22: checks 
*** SHOW DOWN ***
rastyrasty: shows [8h 8c] (a pair of Eights)
Alameda22: mucks hand 
rastyrasty collected $0.50 from pot
*** SUMMARY ***
Total pot $0.50 | Rake $0 
Board [Tc 5s 7d Qc Kd]
Seat 1: Smoli1202 (button) folded before Flop (didn't bet)
Seat 2: rastyrasty (small blind) showed [8h 8c] and won ($0.50) with a pair of Eights
Seat 3: Alameda22 (big blind) mucked [6s Ad]
Seat 5: allentackett folded before Flop (didn't bet)
Seat 6: eljiji59 folded before Flop (didn't bet)
Seat 7: jur7777 folded before Flop (didn't bet)
Seat 9: Cider666 folded before Flop (didn't bet)



PokerStars Game #19923491750:  Hold'em No Limit ($0.10/$0.25) - 2008/08/26 - 19:43:01 (ET)
Table 'Sofala' 9-max Seat #2 is the button
Seat 1: Smoli1202 ($3.25 in chips) 
Seat 2: rastyrasty ($7.65 in chips) 
Seat 3: Alameda22 ($24.25 in chips) 
Seat 4: kiku001 ($25 in chips) 
Seat 5: allentackett ($67.15 in chips) 
Seat 6: eljiji59 ($20.90 in chips) 
Seat 7: jur7777 ($31.05 in chips) 
Seat 9: Cider666 ($32.70 in chips) 
Alameda22: posts small blind $0.10
Arsenik2007 joins the table at seat #8 
kiku001: posts big blind $0.25
*** HOLE CARDS ***
Dealt to Alameda22 [7c 8d]
allentackett: calls $0.25
eljiji59: folds 
jur7777: calls $0.25
Cider666: folds 
Smoli1202: folds 
rastyrasty: calls $0.25
Alameda22: folds 
kiku001: checks 
*** FLOP *** [4s 7d 2d]
kiku001: checks 
allentackett: checks 
jur7777: checks 
rastyrasty: bets $1.75
kiku001: folds 
allentackett: folds 
jur7777: folds 
Uncalled bet ($1.75) returned to rastyrasty
rastyrasty collected $1.05 from pot
*** SUMMARY ***
Total pot $1.10 | Rake $0.05 
Board [4s 7d 2d]
Seat 1: Smoli1202 folded before Flop (didn't bet)
Seat 2: rastyrasty (button) collected ($1.05)
Seat 3: Alameda22 (small blind) folded before Flop
Seat 4: kiku001 (big blind) folded on the Flop
Seat 5: allentackett folded on the Flop
Seat 6: eljiji59 folded before Flop (didn't bet)
Seat 7: jur7777 folded on the Flop
Seat 9: Cider666 folded before Flop (didn't bet)



PokerStars Game #19923513647:  Hold'em No Limit ($0.10/$0.25) - 2008/08/26 - 19:44:00 (ET)
Table 'Sofala' 9-max Seat #3 is the button
Seat 1: Smoli1202 ($3.25 in chips) 
Seat 2: rastyrasty ($8.45 in chips) 
Seat 3: Alameda22 ($24.15 in chips) 
Seat 4: kiku001 ($24.75 in chips) 
Seat 5: allentackett ($66.90 in chips) 
Seat 6: eljiji59 ($20.90 in chips) 
Seat 7: jur7777 ($30.80 in chips) 
Seat 8: Arsenik2007 ($14.45 in chips) 
Seat 9: Cider666 ($32.70 in chips) 
kiku001: posts small blind $0.10
allentackett: posts big blind $0.25
Arsenik2007: posts big blind $0.25
*** HOLE CARDS ***
Dealt to Alameda22 [8c 8d]
eljiji59: folds 
jur7777: folds 
Arsenik2007: raises $0.75 to $1
Cider666: folds 
Smoli1202: folds 
rastyrasty: folds 
Alameda22: folds 
kiku001: folds 
allentackett: calls $0.75
*** FLOP *** [Ah 4s 3c]
allentackett: bets $0.25
Arsenik2007: calls $0.25
*** TURN *** [Ah 4s 3c] [3h]
allentackett: bets $0.50
Arsenik2007: raises $2 to $2.50
allentackett: calls $2
*** RIVER *** [Ah 4s 3c 3h] [Qs]
allentackett: bets $0.25
Arsenik2007: raises $3.25 to $3.50
allentackett: calls $3.25
*** SHOW DOWN ***
Arsenik2007: shows [7h Jh] (a pair of Threes)
allentackett: shows [Ad 9s] (two pair, Aces and Threes)
allentackett collected $13.90 from pot
*** SUMMARY ***
Total pot $14.60 | Rake $0.70 
Board [Ah 4s 3c 3h Qs]
Seat 1: Smoli1202 folded before Flop (didn't bet)
Seat 2: rastyrasty folded before Flop (didn't bet)
Seat 3: Alameda22 (button) folded before Flop (didn't bet)
Seat 4: kiku001 (small blind) folded before Flop
Seat 5: allentackett (big blind) showed [Ad 9s] and won ($13.90) with two pair, Aces and Threes
Seat 6: eljiji59 folded before Flop (didn't bet)
Seat 7: jur7777 folded before Flop (didn't bet)
Seat 8: Arsenik2007 showed [7h Jh] and lost with a pair of Threes
Seat 9: Cider666 folded before Flop (didn't bet)



PokerStars Game #19923533658:  Hold'em No Limit ($0.10/$0.25) - 2008/08/26 - 19:44:54 (ET)
Table 'Sofala' 9-max Seat #4 is the button
Seat 1: Smoli1202 ($3.25 in chips) 
Seat 2: rastyrasty ($8.45 in chips) 
Seat 3: Alameda22 ($24.15 in chips) 
Seat 4: kiku001 ($24.65 in chips) 
Seat 5: allentackett ($73.55 in chips) 
Seat 6: eljiji59 ($20.90 in chips) 
Seat 7: jur7777 ($30.80 in chips) 
Seat 8: Arsenik2007 ($7.20 in chips) 
Seat 9: Cider666 ($32.70 in chips) 
allentackett: posts small blind $0.10
eljiji59: posts big blind $0.25
*** HOLE CARDS ***
Dealt to Alameda22 [6s 2h]
jur7777: folds 
Arsenik2007: raises $0.75 to $1
Cider666: folds 
Smoli1202: raises $2.25 to $3.25 and is all-in
rastyrasty: folds 
Alameda22: folds 
kiku001: folds 
allentackett: folds 
kiku001 leaves the table
eljiji59: folds 
Arsenik2007: calls $2.25
*** FLOP *** [9c Th Jh]
*** TURN *** [9c Th Jh] [Qs]
*** RIVER *** [9c Th Jh Qs] [8c]
*** SHOW DOWN ***
Arsenik2007: shows [8d 7h] (a straight, Eight to Queen)
Smoli1202: shows [Ks Kc] (a straight, Nine to King)
Smoli1202 collected $6.55 from pot
*** SUMMARY ***
Total pot $6.85 | Rake $0.30 
Board [9c Th Jh Qs 8c]
Seat 1: Smoli1202 showed [Ks Kc] and won ($6.55) with a straight, Nine to King
Seat 2: rastyrasty folded before Flop (didn't bet)
Seat 3: Alameda22 folded before Flop (didn't bet)
Seat 4: kiku001 (button) folded before Flop (didn't bet)
Seat 5: allentackett (small blind) folded before Flop
Seat 6: eljiji59 (big blind) folded before Flop
Seat 7: jur7777 folded before Flop (didn't bet)
Seat 8: Arsenik2007 showed [8d 7h] and lost with a straight, Eight to Queen
Seat 9: Cider666 folded before Flop (didn't bet)



PokerStars Game #19923552230:  Hold'em No Limit ($0.10/$0.25) - 2008/08/26 - 19:45:44 (ET)
Table 'Sofala' 9-max Seat #5 is the button
Seat 1: Smoli1202 ($6.55 in chips) 
Seat 2: rastyrasty ($8.45 in chips) 
Seat 3: Alameda22 ($24.15 in chips) 
Seat 5: allentackett ($73.45 in chips) 
Seat 6: eljiji59 ($20.65 in chips) 
Seat 7: jur7777 ($30.80 in chips) 
Seat 8: Arsenik2007 ($3.95 in chips) 
Seat 9: Cider666 ($32.70 in chips) 
eljiji59: posts small blind $0.10
jur7777: posts big blind $0.25
*** HOLE CARDS ***
Dealt to Alameda22 [7h 2d]
Arsenik2007: raises $3.70 to $3.95 and is all-in
Cider666: folds 
Smoli1202: calls $3.95
rastyrasty: folds 
Alameda22: folds 
allentackett: calls $3.95
eljiji59: folds 
jur7777: folds 
*** FLOP *** [5h 8h Jc]
Smoli1202: checks 
allentackett: checks 
*** TURN *** [5h 8h Jc] [6s]
Smoli1202: checks 
allentackett: checks 
*** RIVER *** [5h 8h Jc 6s] [4s]
Smoli1202: checks 
allentackett: checks 
*** SHOW DOWN ***
Arsenik2007: shows [Qh 9c] (high card Queen)
Smoli1202: shows [9h Ad] (high card Ace)
allentackett: mucks hand 
Smoli1202 collected $11.60 from pot
*** SUMMARY ***
Total pot $12.20 | Rake $0.60 
Board [5h 8h Jc 6s 4s]
Seat 1: Smoli1202 showed [9h Ad] and won ($11.60) with high card Ace
Seat 2: rastyrasty folded before Flop (didn't bet)
Seat 3: Alameda22 folded before Flop (didn't bet)
Seat 5: allentackett (button) mucked [Th Kh]
Seat 6: eljiji59 (small blind) folded before Flop
Seat 7: jur7777 (big blind) folded before Flop
Seat 8: Arsenik2007 showed [Qh 9c] and lost with high card Queen
Seat 9: Cider666 folded before Flop (didn't bet)



PokerStars Game #19923581054:  Hold'em No Limit ($0.10/$0.25) - 2008/08/26 - 19:47:01 (ET)
Table 'Sofala' 9-max Seat #6 is the button
Seat 1: Smoli1202 ($14.20 in chips) 
Seat 2: rastyrasty ($8.45 in chips) 
Seat 3: Alameda22 ($24.15 in chips) 
Seat 5: allentackett ($69.50 in chips) 
Seat 6: eljiji59 ($20.55 in chips) 
Seat 7: jur7777 ($30.55 in chips) 
Seat 9: Cider666 ($32.70 in chips) 
jur7777: posts small blind $0.10
Cider666: posts big blind $0.25
*** HOLE CARDS ***
Dealt to Alameda22 [2h 5d]
Smoli1202: calls $0.25
Arsenik2007 leaves the table
rastyrasty: folds 
Alameda22: folds 
allentackett: folds 
eljiji59: folds 
jur7777: calls $0.15
Cider666: checks 
*** FLOP *** [Jd 3d 4h]
jur7777: checks 
Cider666: bets $0.50
Smoli1202: calls $0.50
jur7777: folds 
*** TURN *** [Jd 3d 4h] [7c]
Cider666: checks 
Smoli1202: bets $1
Cider666: folds 
Uncalled bet ($1) returned to Smoli1202
Smoli1202 collected $1.70 from pot
Smoli1202: doesn't show hand 
*** SUMMARY ***
Total pot $1.75 | Rake $0.05 
Board [Jd 3d 4h 7c]
Seat 1: Smoli1202 collected ($1.70)
Seat 2: rastyrasty folded before Flop (didn't bet)
Seat 3: Alameda22 folded before Flop (didn't bet)
Seat 5: allentackett folded before Flop (didn't bet)
Seat 6: eljiji59 (button) folded before Flop (didn't bet)
Seat 7: jur7777 (small blind) folded on the Flop
Seat 9: Cider666 (big blind) folded on the Turn



PokerStars Game #19923607536:  Hold'em No Limit ($0.10/$0.25) - 2008/08/26 - 19:48:11 (ET)
Table 'Sofala' 9-max Seat #7 is the button
Seat 1: Smoli1202 ($15.15 in chips) 
Seat 2: rastyrasty ($8.45 in chips) 
Seat 3: Alameda22 ($24.15 in chips) 
Seat 5: allentackett ($69.50 in chips) 
Seat 6: eljiji59 ($20.55 in chips) 
Seat 7: jur7777 ($30.30 in chips) 
Seat 9: Cider666 ($31.95 in chips) 
Cider666: posts small blind $0.10
Smoli1202: posts big blind $0.25
*** HOLE CARDS ***
Dealt to Alameda22 [Ac Qd]
rastyrasty: folds 
Alameda22: raises $0.50 to $0.75
allentackett: folds 
eljiji59: folds 
jur7777: folds 
Cider666: folds 
Smoli1202: calls $0.50
*** FLOP *** [Jc Qc Ad]
Smoli1202: checks 
Alameda22: bets $1
Smoli1202: folds 
Uncalled bet ($1) returned to Alameda22
Alameda22 collected $1.55 from pot
Alameda22: doesn't show hand 
*** SUMMARY ***
Total pot $1.60 | Rake $0.05 
Board [Jc Qc Ad]
Seat 1: Smoli1202 (big blind) folded on the Flop
Seat 2: rastyrasty folded before Flop (didn't bet)
Seat 3: Alameda22 collected ($1.55)
Seat 5: allentackett folded before Flop (didn't bet)
Seat 6: eljiji59 folded before Flop (didn't bet)
Seat 7: jur7777 (button) folded before Flop (didn't bet)
Seat 9: Cider666 (small blind) folded before Flop



PokerStars Game #19923620427:  Hold'em No Limit ($0.10/$0.25) - 2008/08/26 - 19:48:45 (ET)
Table 'Sofala' 9-max Seat #9 is the button
Seat 1: Smoli1202 ($14.40 in chips) 
Seat 2: rastyrasty ($8.45 in chips) 
Seat 3: Alameda22 ($24.95 in chips) 
Seat 5: allentackett ($69.50 in chips) 
Seat 6: eljiji59 ($20.55 in chips) 
Seat 7: jur7777 ($30.30 in chips) 
Seat 9: Cider666 ($31.85 in chips) 
Smoli1202: posts small blind $0.10
rastyrasty: posts big blind $0.25
*** HOLE CARDS ***
Dealt to Alameda22 [Qs 7h]
Alameda22: folds 
allentackett: folds 
eljiji59: calls $0.25
jur7777: folds 
Cider666: folds 
Smoli1202: calls $0.15
rastyrasty: checks 
*** FLOP *** [Th Js 7s]
Smoli1202: checks 
rastyrasty: bets $0.75
eljiji59: raises $0.75 to $1.50
Smoli1202: folds 
rastyrasty: calls $0.75
*** TURN *** [Th Js 7s] [9d]
rastyrasty: checks 
eljiji59: bets $2
rastyrasty: folds 
Uncalled bet ($2) returned to eljiji59
eljiji59 collected $3.60 from pot
eljiji59: doesn't show hand 
*** SUMMARY ***
Total pot $3.75 | Rake $0.15 
Board [Th Js 7s 9d]
Seat 1: Smoli1202 (small blind) folded on the Flop
Seat 2: rastyrasty (big blind) folded on the Turn
Seat 3: Alameda22 folded before Flop (didn't bet)
Seat 5: allentackett folded before Flop (didn't bet)
Seat 6: eljiji59 collected ($3.60)
Seat 7: jur7777 folded before Flop (didn't bet)
Seat 9: Cider666 (button) folded before Flop (didn't bet)



PokerStars Game #19923641130:  Hold'em No Limit ($0.10/$0.25) - 2008/08/26 - 19:49:41 (ET)
Table 'Sofala' 9-max Seat #1 is the button
Seat 1: Smoli1202 ($14.15 in chips) 
Seat 2: rastyrasty ($6.70 in chips) 
Seat 3: Alameda22 ($24.95 in chips) 
Seat 5: allentackett ($69.50 in chips) 
Seat 6: eljiji59 ($22.40 in chips) 
Seat 7: jur7777 ($30.30 in chips) 
Seat 9: Cider666 ($31.85 in chips) 
rastyrasty: posts small blind $0.10
Alameda22: posts big blind $0.25
*** HOLE CARDS ***
Dealt to Alameda22 [9c Kc]
allentackett: calls $0.25
eljiji59: folds 
jur7777: folds 
Cider666: folds 
Smoli1202: folds 
rastyrasty: folds 
Alameda22: checks 
*** FLOP *** [4c 8d Qc]
Alameda22: bets $0.50
allentackett: calls $0.50
*** TURN *** [4c 8d Qc] [Qh]
Alameda22: checks 
allentackett: bets $0.25
Alameda22: calls $0.25
*** RIVER *** [4c 8d Qc Qh] [Ts]
Alameda22: checks 
allentackett: bets $0.50
Alameda22: folds 
Uncalled bet ($0.50) returned to allentackett
allentackett collected $2 from pot
allentackett: doesn't show hand 
*** SUMMARY ***
Total pot $2.10 | Rake $0.10 
Board [4c 8d Qc Qh Ts]
Seat 1: Smoli1202 (button) folded before Flop (didn't bet)
Seat 2: rastyrasty (small blind) folded before Flop
Seat 3: Alameda22 (big blind) folded on the River
Seat 5: allentackett collected ($2)
Seat 6: eljiji59 folded before Flop (didn't bet)
Seat 7: jur7777 folded before Flop (didn't bet)
Seat 9: Cider666 folded before Flop (didn't bet)



PokerStars Game #19923666807:  Hold'em No Limit ($0.10/$0.25) - 2008/08/26 - 19:50:50 (ET)
Table 'Sofala' 9-max Seat #2 is the button
Seat 1: Smoli1202 ($14.15 in chips) 
Seat 2: rastyrasty ($6.60 in chips) 
Seat 3: Alameda22 ($23.95 in chips) 
Seat 5: allentackett ($70.50 in chips) 
Seat 6: eljiji59 ($22.40 in chips) 
Seat 7: jur7777 ($30.30 in chips) 
Seat 9: Cider666 ($31.85 in chips) 
Alameda22: posts small blind $0.10
allentackett: posts big blind $0.25
*** HOLE CARDS ***
Dealt to Alameda22 [9s 2h]
eljiji59: folds 
jur7777: folds 
Cider666: folds 
Smoli1202: folds 
rastyrasty: folds 
Alameda22: folds 
Uncalled bet ($0.15) returned to allentackett
allentackett collected $0.20 from pot
allentackett: doesn't show hand 
*** SUMMARY ***
Total pot $0.20 | Rake $0 
Seat 1: Smoli1202 folded before Flop (didn't bet)
Seat 2: rastyrasty (button) folded before Flop (didn't bet)
Seat 3: Alameda22 (small blind) folded before Flop
Seat 5: allentackett (big blind) collected ($0.20)
Seat 6: eljiji59 folded before Flop (didn't bet)
Seat 7: jur7777 folded before Flop (didn't bet)
Seat 9: Cider666 folded before Flop (didn't bet)



PokerStars Game #19923681769:  Hold'em No Limit ($0.10/$0.25) - 2008/08/26 - 19:51:30 (ET)
Table 'Sofala' 9-max Seat #3 is the button
Seat 1: Smoli1202 ($14.15 in chips) 
Seat 2: rastyrasty ($6.60 in chips) 
Seat 3: Alameda22 ($23.85 in chips) 
Seat 5: allentackett ($70.60 in chips) 
Seat 7: jur7777 ($30.30 in chips) 
Seat 9: Cider666 ($31.85 in chips) 
allentackett: posts small blind $0.10
eljiji59: is sitting out 
jur7777: posts big blind $0.25
*** HOLE CARDS ***
Dealt to Alameda22 [8d 5s]
Cider666: folds 
Smoli1202: folds 
rastyrasty: folds 
Alameda22: folds 
allentackett: calls $0.15
jur7777: checks 
*** FLOP *** [9d 7d 2d]
allentackett: checks 
eljiji59 leaves the table
jur7777: checks 
*** TURN *** [9d 7d 2d] [3d]
allentackett: checks 
jur7777: checks 
*** RIVER *** [9d 7d 2d 3d] [6d]
allentackett: bets $10.25
jur7777: folds 
Uncalled bet ($10.25) returned to allentackett
allentackett collected $0.50 from pot
allentackett: doesn't show hand 
*** SUMMARY ***
Total pot $0.50 | Rake $0 
Board [9d 7d 2d 3d 6d]
Seat 1: Smoli1202 folded before Flop (didn't bet)
Seat 2: rastyrasty folded before Flop (didn't bet)
Seat 3: Alameda22 (button) folded before Flop (didn't bet)
Seat 5: allentackett (small blind) collected ($0.50)
Seat 7: jur7777 (big blind) folded on the River
Seat 9: Cider666 folded before Flop (didn't bet)



PokerStars Game #19923702014:  Hold'em No Limit ($0.10/$0.25) - 2008/08/26 - 19:52:24 (ET)
Table 'Sofala' 9-max Seat #5 is the button
Seat 1: Smoli1202 ($14.15 in chips) 
Seat 2: rastyrasty ($6.60 in chips) 
Seat 3: Alameda22 ($23.85 in chips) 
Seat 5: allentackett ($70.85 in chips) 
Seat 7: jur7777 ($30.05 in chips) 
Seat 9: Cider666 ($31.85 in chips) 
jur7777: posts small blind $0.10
Cider666: posts big blind $0.25
*** HOLE CARDS ***
Dealt to Alameda22 [Jc 8d]
Smoli1202: folds 
rastyrasty: folds 
Alameda22: folds 
allentackett: folds 
jur7777: calls $0.15
allentackett leaves the table
Cider666: checks 
*** FLOP *** [2c 6s 5d]
jur7777: checks 
Cider666: bets $0.25
jur7777: calls $0.25
*** TURN *** [2c 6s 5d] [Jh]
jur7777: checks 
Cider666: bets $0.50
jur7777: folds 
Uncalled bet ($0.50) returned to Cider666
Cider666 collected $0.95 from pot
Cider666 is sitting out
*** SUMMARY ***
Total pot $1 | Rake $0.05 
Board [2c 6s 5d Jh]
Seat 1: Smoli1202 folded before Flop (didn't bet)
Seat 2: rastyrasty folded before Flop (didn't bet)
Seat 3: Alameda22 folded before Flop (didn't bet)
Seat 5: allentackett (button) folded before Flop (didn't bet)
Seat 7: jur7777 (small blind) folded on the Turn
Seat 9: Cider666 (big blind) collected ($0.95)



PokerStars Game #19923720310:  Hold'em No Limit ($0.10/$0.25) - 2008/08/26 - 19:53:13 (ET)
Table 'Sofala' 9-max Seat #7 is the button
Seat 1: Smoli1202 ($14.15 in chips) 
Seat 2: rastyrasty ($6.60 in chips) 
Seat 3: Alameda22 ($23.85 in chips) 
Seat 7: jur7777 ($29.55 in chips) 
Smoli1202: posts small blind $0.10
Cider666 leaves the table
rastyrasty: posts big blind $0.25
*** HOLE CARDS ***
Dealt to Alameda22 [4d Qs]
Alameda22: folds 
jur7777: raises $0.50 to $0.75
Smoli1202: folds 
rastyrasty: calls $0.50
*** FLOP *** [As 6s 6c]
rastyrasty: checks 
jur7777: bets $1
rastyrasty: folds 
Uncalled bet ($1) returned to jur7777
jur7777 collected $1.55 from pot
jur7777: doesn't show hand 
*** SUMMARY ***
Total pot $1.60 | Rake $0.05 
Board [As 6s 6c]
Seat 1: Smoli1202 (small blind) folded before Flop
Seat 2: rastyrasty (big blind) folded on the Flop
Seat 3: Alameda22 folded before Flop (didn't bet)
Seat 7: jur7777 (button) collected ($1.55)



PokerStars Game #19923735216:  Hold'em No Limit ($0.10/$0.25) - 2008/08/26 - 19:53:54 (ET)
Table 'Sofala' 9-max Seat #1 is the button
Seat 1: Smoli1202 ($14.05 in chips) 
Seat 2: rastyrasty ($5.85 in chips) 
Seat 3: Alameda22 ($23.85 in chips) 
Seat 7: jur7777 ($30.35 in chips) 
rastyrasty: posts small blind $0.10
Alameda22: posts big blind $0.25
*** HOLE CARDS ***
Dealt to Alameda22 [7h 4h]
jur7777: folds 
Smoli1202: folds 
superbike600 joins the table at seat #4 
rastyrasty: folds 
Uncalled bet ($0.15) returned to Alameda22
Alameda22 collected $0.20 from pot
Alameda22: doesn't show hand 
*** SUMMARY ***
Total pot $0.20 | Rake $0 
Seat 1: Smoli1202 (button) folded before Flop (didn't bet)
Seat 2: rastyrasty (small blind) folded before Flop
Seat 3: Alameda22 (big blind) collected ($0.20)
Seat 7: jur7777 folded before Flop (didn't bet)



PokerStars Game #19923741680:  Hold'em No Limit ($0.10/$0.25) - 2008/08/26 - 19:54:11 (ET)
Table 'Sofala' 9-max Seat #2 is the button
Seat 1: Smoli1202 ($14.05 in chips) 
Seat 2: rastyrasty ($5.75 in chips) 
Seat 3: Alameda22 ($23.95 in chips) 
Seat 4: superbike600 ($12.65 in chips) 
Seat 7: jur7777 ($30.35 in chips) 
Alameda22: posts small blind $0.10
superbike600: posts big blind $0.25
*** HOLE CARDS ***
Dealt to Alameda22 [Js Jc]
jur7777: folds 
Smoli1202: folds 
rastyrasty: raises $0.75 to $1
Alameda22: raises $2 to $3
superbike600: folds 
rastyrasty: calls $2
*** FLOP *** [2h 2c 6s]
Alameda22: bets $20.95 and is all-in
rastyrasty: calls $2.75 and is all-in
Uncalled bet ($18.20) returned to Alameda22
*** TURN *** [2h 2c 6s] [Ah]
*** RIVER *** [2h 2c 6s Ah] [8s]
*** SHOW DOWN ***
Alameda22: shows [Js Jc] (two pair, Jacks and Deuces)
rastyrasty: shows [Qs Ac] (two pair, Aces and Deuces)
rastyrasty collected $11.20 from pot
*** SUMMARY ***
Total pot $11.75 | Rake $0.55 
Board [2h 2c 6s Ah 8s]
Seat 1: Smoli1202 folded before Flop (didn't bet)
Seat 2: rastyrasty (button) showed [Qs Ac] and won ($11.20) with two pair, Aces and Deuces
Seat 3: Alameda22 (small blind) showed [Js Jc] and lost with two pair, Jacks and Deuces
Seat 4: superbike600 (big blind) folded before Flop
Seat 7: jur7777 folded before Flop (didn't bet)



PokerStars Game #19923765656:  Hold'em No Limit ($0.10/$0.25) - 2008/08/26 - 19:55:16 (ET)
Table 'Sofala' 9-max Seat #3 is the button
Seat 1: Smoli1202 ($14.05 in chips) 
Seat 2: rastyrasty ($11.20 in chips) 
Seat 3: Alameda22 ($18.20 in chips) 
Seat 4: superbike600 ($12.40 in chips) 
Seat 7: jur7777 ($30.35 in chips) 
superbike600: posts small blind $0.10
jur7777: posts big blind $0.25
*** HOLE CARDS ***
Dealt to Alameda22 [6s 2d]
Smoli1202: folds 
rastyrasty: folds 
Alameda22: folds 
superbike600: calls $0.15
jur7777: checks 
*** FLOP *** [Ad Jd 8s]
superbike600: checks 
jur7777: bets $0.25
superbike600: folds 
Uncalled bet ($0.25) returned to jur7777
jur7777 collected $0.50 from pot
jur7777: doesn't show hand 
*** SUMMARY ***
Total pot $0.50 | Rake $0 
Board [Ad Jd 8s]
Seat 1: Smoli1202 folded before Flop (didn't bet)
Seat 2: rastyrasty folded before Flop (didn't bet)
Seat 3: Alameda22 (button) folded before Flop (didn't bet)
Seat 4: superbike600 (small blind) folded on the Flop
Seat 7: jur7777 (big blind) collected ($0.50)



PokerStars Game #19923774680:  Hold'em No Limit ($0.10/$0.25) - 2008/08/26 - 19:55:40 (ET)
Table 'Sofala' 9-max Seat #4 is the button
Seat 1: Smoli1202 ($14.05 in chips) 
Seat 2: rastyrasty ($11.20 in chips) 
Seat 3: Alameda22 ($18.20 in chips) 
Seat 4: superbike600 ($12.15 in chips) 
Seat 7: jur7777 ($30.60 in chips) 
jur7777: posts small blind $0.10
Smoli1202: posts big blind $0.25
*** HOLE CARDS ***
Dealt to Alameda22 [As Qs]
rastyrasty: folds 
Alameda22: raises $0.50 to $0.75
superbike600: calls $0.75
jur7777: folds 
Smoli1202: calls $0.50
*** FLOP *** [3c Ad Ks]
Smoli1202: checks 
Alameda22: bets $1.50
superbike600: folds 
Smoli1202: folds 
Uncalled bet ($1.50) returned to Alameda22
Alameda22 collected $2.25 from pot
Alameda22: doesn't show hand 
*** SUMMARY ***
Total pot $2.35 | Rake $0.10 
Board [3c Ad Ks]
Seat 1: Smoli1202 (big blind) folded on the Flop
Seat 2: rastyrasty folded before Flop (didn't bet)
Seat 3: Alameda22 collected ($2.25)
Seat 4: superbike600 (button) folded on the Flop
Seat 7: jur7777 (small blind) folded before Flop



