PokerStars Game #19825654191:  Hold'em No Limit ($0.10/$0.25) - 2008/08/22 - 23:48:43 (ET)
Table 'Leukothea III' 9-max Seat #1 is the button
Seat 1: johnydeuces ($6.60 in chips) 
Seat 2: Kfuse ($26.85 in chips) 
Seat 3: wildman11a ($18.30 in chips) 
Seat 4: richgray5 ($15.75 in chips) 
Seat 5: Pot_Goblin ($2.95 in chips) 
Seat 6: iTsTheGrind ($16.15 in chips) 
Seat 7: laxmi16 ($24.55 in chips) 
Seat 8: Alameda22 ($25 in chips) 
Seat 9: StlouiestL ($25.35 in chips) 
Kfuse: posts small blind $0.10
wildman11a: posts big blind $0.25
Alameda22: posts big blind $0.25
*** HOLE CARDS ***
Dealt to Alameda22 [As Tc]
richgray5: folds 
Pot_Goblin: calls $0.25
iTsTheGrind: raises $0.50 to $0.75
laxmi16: folds 
Alameda22: calls $0.50
StlouiestL: folds 
johnydeuces: folds 
Kfuse: folds 
wildman11a: folds 
Pot_Goblin: calls $0.50
*** FLOP *** [8s 7d 7h]
Pot_Goblin: bets $1
iTsTheGrind said, "lol"
iTsTheGrind: folds 
Alameda22: raises $1.50 to $2.50
Pot_Goblin: calls $1.20 and is all-in
Uncalled bet ($0.30) returned to Alameda22
*** TURN *** [8s 7d 7h] [5h]
*** RIVER *** [8s 7d 7h 5h] [7c]
*** SHOW DOWN ***
Pot_Goblin: shows [6d 6h] (a full house, Sevens full of Sixes)
Alameda22: mucks hand 
Pot_Goblin collected $6.70 from pot
*** SUMMARY ***
Total pot $7 | Rake $0.30 
Board [8s 7d 7h 5h 7c]
Seat 1: johnydeuces (button) folded before Flop (didn't bet)
Seat 2: Kfuse (small blind) folded before Flop
Seat 3: wildman11a (big blind) folded before Flop
Seat 4: richgray5 folded before Flop (didn't bet)
Seat 5: Pot_Goblin showed [6d 6h] and won ($6.70) with a full house, Sevens full of Sixes
Seat 6: iTsTheGrind folded on the Flop
Seat 7: laxmi16 folded before Flop (didn't bet)
Seat 8: Alameda22 mucked [As Tc]
Seat 9: StlouiestL folded before Flop (didn't bet)



PokerStars Game #19825675590:  Hold'em No Limit ($0.10/$0.25) - 2008/08/22 - 23:49:52 (ET)
Table 'Leukothea III' 9-max Seat #2 is the button
Seat 1: johnydeuces ($6.60 in chips) 
Seat 2: Kfuse ($26.75 in chips) 
Seat 3: wildman11a ($18.05 in chips) 
Seat 4: richgray5 ($15.75 in chips) 
Seat 5: Pot_Goblin ($6.70 in chips) 
Seat 6: iTsTheGrind ($15.40 in chips) 
Seat 7: laxmi16 ($24.55 in chips) 
Seat 8: Alameda22 ($22.05 in chips) 
Seat 9: StlouiestL ($25.35 in chips) 
wildman11a: posts small blind $0.10
richgray5: posts big blind $0.25
*** HOLE CARDS ***
Dealt to Alameda22 [2d Ad]
Pot_Goblin: folds 
iTsTheGrind: folds 
laxmi16: folds 
Alameda22: folds 
StlouiestL: calls $0.25
johnydeuces: folds 
Kfuse: calls $0.25
wildman11a: raises $0.75 to $1
richgray5: folds 
StlouiestL: calls $0.75
Kfuse: folds 
*** FLOP *** [7s Ah 7h]
wildman11a: checks 
StlouiestL: bets $1
wildman11a: folds 
Uncalled bet ($1) returned to StlouiestL
StlouiestL collected $2.40 from pot
StlouiestL: doesn't show hand 
*** SUMMARY ***
Total pot $2.50 | Rake $0.10 
Board [7s Ah 7h]
Seat 1: johnydeuces folded before Flop (didn't bet)
Seat 2: Kfuse (button) folded before Flop
Seat 3: wildman11a (small blind) folded on the Flop
Seat 4: richgray5 (big blind) folded before Flop
Seat 5: Pot_Goblin folded before Flop (didn't bet)
Seat 6: iTsTheGrind folded before Flop (didn't bet)
Seat 7: laxmi16 folded before Flop (didn't bet)
Seat 8: Alameda22 folded before Flop (didn't bet)
Seat 9: StlouiestL collected ($2.40)



PokerStars Game #19825713955:  Hold'em No Limit ($0.10/$0.25) - 2008/08/22 - 23:51:56 (ET)
Table 'Leukothea III' 9-max Seat #3 is the button
Seat 1: johnydeuces ($6.60 in chips) 
Seat 2: Kfuse ($26.50 in chips) 
Seat 3: wildman11a ($17.05 in chips) 
Seat 4: richgray5 ($15.50 in chips) 
Seat 5: Pot_Goblin ($6.70 in chips) 
Seat 6: iTsTheGrind ($15.40 in chips) 
Seat 7: laxmi16 ($24.55 in chips) 
Seat 8: Alameda22 ($25 in chips) 
Seat 9: StlouiestL ($26.75 in chips) 
richgray5: posts small blind $0.10
Pot_Goblin: posts big blind $0.25
*** HOLE CARDS ***
Dealt to Alameda22 [Ts 4s]
iTsTheGrind: folds 
laxmi16: folds 
Alameda22: folds 
StlouiestL: folds 
johnydeuces: calls $0.25
Kfuse: folds 
wildman11a: calls $0.25
richgray5: calls $0.15
Pot_Goblin: raises $0.25 to $0.50
johnydeuces: calls $0.25
wildman11a: calls $0.25
richgray5: calls $0.25
*** FLOP *** [2d 9c 9s]
richgray5: checks 
Pot_Goblin: checks 
johnydeuces: checks 
wildman11a: checks 
*** TURN *** [2d 9c 9s] [Td]
richgray5: checks 
Pot_Goblin: checks 
johnydeuces: bets $0.75
wildman11a: calls $0.75
richgray5: folds 
StlouiestL is disconnected 
Pot_Goblin: calls $0.75
*** RIVER *** [2d 9c 9s Td] [Tc]
Pot_Goblin: checks 
johnydeuces: bets $2.50
StlouiestL is connected 
wildman11a: folds 
Pot_Goblin: folds 
Uncalled bet ($2.50) returned to johnydeuces
johnydeuces collected $4.05 from pot
johnydeuces: doesn't show hand 
*** SUMMARY ***
Total pot $4.25 | Rake $0.20 
Board [2d 9c 9s Td Tc]
Seat 1: johnydeuces collected ($4.05)
Seat 2: Kfuse folded before Flop (didn't bet)
Seat 3: wildman11a (button) folded on the River
Seat 4: richgray5 (small blind) folded on the Turn
Seat 5: Pot_Goblin (big blind) folded on the River
Seat 6: iTsTheGrind folded before Flop (didn't bet)
Seat 7: laxmi16 folded before Flop (didn't bet)
Seat 8: Alameda22 folded before Flop (didn't bet)
Seat 9: StlouiestL folded before Flop (didn't bet)



PokerStars Game #19825766877:  Hold'em No Limit ($0.10/$0.25) - 2008/08/22 - 23:54:50 (ET)
Table 'Leukothea III' 9-max Seat #4 is the button
Seat 1: johnydeuces ($9.40 in chips) 
Seat 2: Kfuse ($26.50 in chips) 
Seat 3: wildman11a ($15.80 in chips) 
Seat 4: richgray5 ($15 in chips) 
Seat 5: Pot_Goblin ($5.45 in chips) 
Seat 6: iTsTheGrind ($15.40 in chips) 
Seat 7: laxmi16 ($24.55 in chips) 
Seat 8: Alameda22 ($25 in chips) 
Seat 9: StlouiestL ($26.75 in chips) 
Pot_Goblin: posts small blind $0.10
iTsTheGrind: posts big blind $0.25
*** HOLE CARDS ***
Dealt to Alameda22 [Jc 5h]
laxmi16: folds 
Alameda22: folds 
StlouiestL: folds 
johnydeuces: calls $0.25
Kfuse: folds 
wildman11a: folds 
richgray5: calls $0.25
Pot_Goblin: folds 
iTsTheGrind: checks 
*** FLOP *** [2s 7h Td]
iTsTheGrind: checks 
johnydeuces: bets $0.50
richgray5: folds 
iTsTheGrind: folds 
Uncalled bet ($0.50) returned to johnydeuces
johnydeuces collected $0.85 from pot
johnydeuces: doesn't show hand 
*** SUMMARY ***
Total pot $0.85 | Rake $0 
Board [2s 7h Td]
Seat 1: johnydeuces collected ($0.85)
Seat 2: Kfuse folded before Flop (didn't bet)
Seat 3: wildman11a folded before Flop (didn't bet)
Seat 4: richgray5 (button) folded on the Flop
Seat 5: Pot_Goblin (small blind) folded before Flop
Seat 6: iTsTheGrind (big blind) folded on the Flop
Seat 7: laxmi16 folded before Flop (didn't bet)
Seat 8: Alameda22 folded before Flop (didn't bet)
Seat 9: StlouiestL folded before Flop (didn't bet)



PokerStars Game #19825780405:  Hold'em No Limit ($0.10/$0.25) - 2008/08/22 - 23:55:35 (ET)
Table 'Leukothea III' 9-max Seat #5 is the button
Seat 1: johnydeuces ($10 in chips) 
Seat 2: Kfuse ($26.50 in chips) 
Seat 3: wildman11a ($15.80 in chips) 
Seat 4: richgray5 ($14.75 in chips) 
Seat 5: Pot_Goblin ($5.35 in chips) 
Seat 6: iTsTheGrind ($15.15 in chips) 
Seat 7: laxmi16 ($24.55 in chips) 
Seat 8: Alameda22 ($25 in chips) 
Seat 9: StlouiestL ($26.75 in chips) 
iTsTheGrind: posts small blind $0.10
laxmi16: posts big blind $0.25
*** HOLE CARDS ***
Dealt to Alameda22 [3s 2s]
Alameda22: folds 
StlouiestL: raises $0.25 to $0.50
johnydeuces: folds 
Kfuse: folds 
wildman11a: raises $0.50 to $1
richgray5: folds 
Pot_Goblin: folds 
iTsTheGrind: folds 
laxmi16: folds 
StlouiestL: calls $0.50
*** FLOP *** [7s 2h Jd]
StlouiestL: bets $1
wildman11a: folds 
Uncalled bet ($1) returned to StlouiestL
StlouiestL collected $2.25 from pot
StlouiestL: doesn't show hand 
*** SUMMARY ***
Total pot $2.35 | Rake $0.10 
Board [7s 2h Jd]
Seat 1: johnydeuces folded before Flop (didn't bet)
Seat 2: Kfuse folded before Flop (didn't bet)
Seat 3: wildman11a folded on the Flop
Seat 4: richgray5 folded before Flop (didn't bet)
Seat 5: Pot_Goblin (button) folded before Flop (didn't bet)
Seat 6: iTsTheGrind (small blind) folded before Flop
Seat 7: laxmi16 (big blind) folded before Flop
Seat 8: Alameda22 folded before Flop (didn't bet)
Seat 9: StlouiestL collected ($2.25)



PokerStars Game #19825799948:  Hold'em No Limit ($0.10/$0.25) - 2008/08/22 - 23:56:39 (ET)
Table 'Leukothea III' 9-max Seat #6 is the button
Seat 1: johnydeuces ($10 in chips) 
Seat 2: Kfuse ($26.50 in chips) 
Seat 3: wildman11a ($14.80 in chips) 
Seat 4: richgray5 ($14.75 in chips) 
Seat 5: Pot_Goblin ($5.35 in chips) 
Seat 6: iTsTheGrind ($15.05 in chips) 
Seat 7: laxmi16 ($24.30 in chips) 
Seat 8: Alameda22 ($25 in chips) 
Seat 9: StlouiestL ($28 in chips) 
laxmi16: posts small blind $0.10
Alameda22: posts big blind $0.25
*** HOLE CARDS ***
Dealt to Alameda22 [7h 2s]
StlouiestL: folds 
johnydeuces: calls $0.25
Kfuse: folds 
wildman11a: folds 
richgray5: raises $1 to $1.25
Pot_Goblin: folds 
iTsTheGrind: folds 
laxmi16: folds 
Alameda22: folds 
johnydeuces: raises $8.75 to $10 and is all-in
richgray5: calls $8.75
*** FLOP *** [Qh 4c Ad]
*** TURN *** [Qh 4c Ad] [5h]
*** RIVER *** [Qh 4c Ad 5h] [3s]
*** SHOW DOWN ***
johnydeuces: shows [Jh Jc] (a pair of Jacks)
richgray5: mucks hand 
johnydeuces collected $19.35 from pot
*** SUMMARY ***
Total pot $20.35 | Rake $1 
Board [Qh 4c Ad 5h 3s]
Seat 1: johnydeuces showed [Jh Jc] and won ($19.35) with a pair of Jacks
Seat 2: Kfuse folded before Flop (didn't bet)
Seat 3: wildman11a folded before Flop (didn't bet)
Seat 4: richgray5 mucked [9d 9s]
Seat 5: Pot_Goblin folded before Flop (didn't bet)
Seat 6: iTsTheGrind (button) folded before Flop (didn't bet)
Seat 7: laxmi16 (small blind) folded before Flop
Seat 8: Alameda22 (big blind) folded before Flop
Seat 9: StlouiestL folded before Flop (didn't bet)



PokerStars Game #19825828229:  Hold'em No Limit ($0.10/$0.25) - 2008/08/22 - 23:58:12 (ET)
Table 'Leukothea III' 9-max Seat #7 is the button
Seat 1: johnydeuces ($19.35 in chips) 
Seat 2: Kfuse ($26.50 in chips) 
Seat 3: wildman11a ($14.80 in chips) 
Seat 4: richgray5 ($4.75 in chips) 
Seat 5: Pot_Goblin ($5.35 in chips) 
Seat 6: iTsTheGrind ($15.05 in chips) 
Seat 7: laxmi16 ($24.20 in chips) 
Seat 8: Alameda22 ($24.75 in chips) 
Seat 9: StlouiestL ($28 in chips) 
Alameda22: posts small blind $0.10
StlouiestL: posts big blind $0.25
*** HOLE CARDS ***
Dealt to Alameda22 [7c 3c]
johnydeuces: folds 
Kfuse: folds 
wildman11a: folds 
richgray5: folds 
Pot_Goblin: folds 
iTsTheGrind: raises $0.25 to $0.50
laxmi16: folds 
Alameda22: folds 
StlouiestL: calls $0.25
*** FLOP *** [5c As 3h]
StlouiestL: checks 
iTsTheGrind: bets $0.75
StlouiestL: folds 
Uncalled bet ($0.75) returned to iTsTheGrind
iTsTheGrind collected $1.05 from pot
*** SUMMARY ***
Total pot $1.10 | Rake $0.05 
Board [5c As 3h]
Seat 1: johnydeuces folded before Flop (didn't bet)
Seat 2: Kfuse folded before Flop (didn't bet)
Seat 3: wildman11a folded before Flop (didn't bet)
Seat 4: richgray5 folded before Flop (didn't bet)
Seat 5: Pot_Goblin folded before Flop (didn't bet)
Seat 6: iTsTheGrind collected ($1.05)
Seat 7: laxmi16 (button) folded before Flop (didn't bet)
Seat 8: Alameda22 (small blind) folded before Flop
Seat 9: StlouiestL (big blind) folded on the Flop



PokerStars Game #19825847280:  Hold'em No Limit ($0.10/$0.25) - 2008/08/22 - 23:59:15 (ET)
Table 'Leukothea III' 9-max Seat #8 is the button
Seat 1: johnydeuces ($19.35 in chips) 
Seat 2: Kfuse ($26.50 in chips) 
Seat 3: wildman11a ($14.80 in chips) 
Seat 4: richgray5 ($4.75 in chips) 
Seat 5: Pot_Goblin ($5.35 in chips) 
Seat 6: iTsTheGrind ($15.60 in chips) 
Seat 7: laxmi16 ($24.20 in chips) 
Seat 8: Alameda22 ($24.65 in chips) 
Seat 9: StlouiestL ($27.50 in chips) 
StlouiestL: posts small blind $0.10
johnydeuces: posts big blind $0.25
*** HOLE CARDS ***
Dealt to Alameda22 [Qc 8s]
Kfuse: folds 
wildman11a: folds 
richgray5: folds 
Pot_Goblin: folds 
iTsTheGrind: folds 
laxmi16: folds 
Alameda22: folds 
StlouiestL: calls $0.15
johnydeuces: checks 
*** FLOP *** [Jc Qd 6s]
StlouiestL: bets $0.25
johnydeuces: calls $0.25
*** TURN *** [Jc Qd 6s] [Js]
StlouiestL: bets $0.50
johnydeuces: folds 
Uncalled bet ($0.50) returned to StlouiestL
StlouiestL collected $0.95 from pot
StlouiestL: doesn't show hand 
*** SUMMARY ***
Total pot $1 | Rake $0.05 
Board [Jc Qd 6s Js]
Seat 1: johnydeuces (big blind) folded on the Turn
Seat 2: Kfuse folded before Flop (didn't bet)
Seat 3: wildman11a folded before Flop (didn't bet)
Seat 4: richgray5 folded before Flop (didn't bet)
Seat 5: Pot_Goblin folded before Flop (didn't bet)
Seat 6: iTsTheGrind folded before Flop (didn't bet)
Seat 7: laxmi16 folded before Flop (didn't bet)
Seat 8: Alameda22 (button) folded before Flop (didn't bet)
Seat 9: StlouiestL (small blind) collected ($0.95)



