PokerStars Game #19950932186:  Hold'em No Limit ($0.10/$0.25) - 2008/08/27 - 21:26:01 (ET)
Table 'Ryba' 9-max Seat #5 is the button
Seat 1: Vette86 ($14.75 in chips) 
Seat 2: FLAMIN'_C ($9.50 in chips) 
Seat 3: lereed3999 ($15.80 in chips) 
Seat 4: pablon021 ($7.90 in chips) 
Seat 5: BaliSC ($23.95 in chips) 
Seat 6: OrakulasVI ($9.75 in chips) 
Seat 7: Alameda22 ($25 in chips) 
Seat 8: Moxie 55 ($20.30 in chips) 
Seat 9: YOUNGGUN6566 ($5.40 in chips) 
OrakulasVI: posts small blind $0.10
Alameda22: posts big blind $0.25
*** HOLE CARDS ***
Dealt to Alameda22 [5s 2h]
Moxie 55: folds 
YOUNGGUN6566: folds 
Vette86: folds 
FLAMIN'_C: calls $0.25
lereed3999: folds 
pablon021: calls $0.25
BaliSC: folds 
OrakulasVI: raises $0.25 to $0.50
Alameda22: folds 
FLAMIN'_C: calls $0.25
pablon021: calls $0.25
*** FLOP *** [Ts 9c 3d]
OrakulasVI: bets $0.25
FLAMIN'_C: folds 
pablon021: calls $0.25
*** TURN *** [Ts 9c 3d] [Jd]
OrakulasVI: bets $0.50
pablon021: folds 
Uncalled bet ($0.50) returned to OrakulasVI
OrakulasVI collected $2.15 from pot
OrakulasVI: doesn't show hand 
*** SUMMARY ***
Total pot $2.25 | Rake $0.10 
Board [Ts 9c 3d Jd]
Seat 1: Vette86 folded before Flop (didn't bet)
Seat 2: FLAMIN'_C folded on the Flop
Seat 3: lereed3999 folded before Flop (didn't bet)
Seat 4: pablon021 folded on the Turn
Seat 5: BaliSC (button) folded before Flop (didn't bet)
Seat 6: OrakulasVI (small blind) collected ($2.15)
Seat 7: Alameda22 (big blind) folded before Flop
Seat 8: Moxie 55 folded before Flop (didn't bet)
Seat 9: YOUNGGUN6566 folded before Flop (didn't bet)



PokerStars Game #19950963595:  Hold'em No Limit ($0.10/$0.25) - 2008/08/27 - 21:27:23 (ET)
Table 'Ryba' 9-max Seat #6 is the button
Seat 1: Vette86 ($14.75 in chips) 
Seat 2: FLAMIN'_C ($9 in chips) 
Seat 3: lereed3999 ($15.80 in chips) 
Seat 4: pablon021 ($7.15 in chips) 
Seat 5: BaliSC ($23.95 in chips) 
Seat 6: OrakulasVI ($11.15 in chips) 
Seat 7: Alameda22 ($24.75 in chips) 
Seat 8: Moxie 55 ($20.30 in chips) 
Seat 9: YOUNGGUN6566 ($5.40 in chips) 
Alameda22: posts small blind $0.10
Moxie 55: posts big blind $0.25
*** HOLE CARDS ***
Dealt to Alameda22 [Kc 5s]
YOUNGGUN6566: calls $0.25
Vette86: folds 
FLAMIN'_C: calls $0.25
lereed3999: folds 
pablon021: calls $0.25
BaliSC: folds 
OrakulasVI: calls $0.25
Alameda22: folds 
Moxie 55: raises $1.50 to $1.75
YOUNGGUN6566: calls $1.50
FLAMIN'_C: folds 
pablon021: folds 
OrakulasVI: folds 
*** FLOP *** [Jd Ts Qd]
Moxie 55: checks 
YOUNGGUN6566: bets $2
Moxie 55: calls $2
*** TURN *** [Jd Ts Qd] [7h]
Moxie 55: bets $0.75
YOUNGGUN6566: raises $0.75 to $1.50
Moxie 55: raises $0.75 to $2.25
YOUNGGUN6566: calls $0.15 and is all-in
Uncalled bet ($0.60) returned to Moxie 55
*** RIVER *** [Jd Ts Qd 7h] [5c]
*** SHOW DOWN ***
Moxie 55: shows [As Kd] (a straight, Ten to Ace)
YOUNGGUN6566: mucks hand 
Moxie 55 collected $11.10 from pot
YOUNGGUN6566 leaves the table
*** SUMMARY ***
Total pot $11.65 | Rake $0.55 
Board [Jd Ts Qd 7h 5c]
Seat 1: Vette86 folded before Flop (didn't bet)
Seat 2: FLAMIN'_C folded before Flop
Seat 3: lereed3999 folded before Flop (didn't bet)
Seat 4: pablon021 folded before Flop
Seat 5: BaliSC folded before Flop (didn't bet)
Seat 6: OrakulasVI (button) folded before Flop
Seat 7: Alameda22 (small blind) folded before Flop
Seat 8: Moxie 55 (big blind) showed [As Kd] and won ($11.10) with a straight, Ten to Ace
Seat 9: YOUNGGUN6566 mucked [Qc 9h]



PokerStars Game #19951007215:  Hold'em No Limit ($0.10/$0.25) - 2008/08/27 - 21:29:16 (ET)
Table 'Ryba' 9-max Seat #7 is the button
Seat 1: Vette86 ($14.75 in chips) 
Seat 2: FLAMIN'_C ($8.75 in chips) 
Seat 3: lereed3999 ($15.80 in chips) 
Seat 4: pablon021 ($6.90 in chips) 
Seat 5: BaliSC ($23.95 in chips) 
Seat 6: OrakulasVI ($10.90 in chips) 
Seat 7: Alameda22 ($24.65 in chips) 
Seat 8: Moxie 55 ($26 in chips) 
Moxie 55: posts small blind $0.10
Vette86: posts big blind $0.25
*** HOLE CARDS ***
Dealt to Alameda22 [7c Ks]
FLAMIN'_C: folds 
lereed3999: folds 
pablon021: calls $0.25
BaliSC: folds 
OrakulasVI: folds 
Alameda22: folds 
Moxie 55: folds 
Moxie 55 said, "nuts"
Vette86: raises $0.50 to $0.75
pablon021: calls $0.50
*** FLOP *** [5h 3d 2s]
Vette86: bets $1.25
Monterroso69 joins the table at seat #9 
pablon021: folds 
Uncalled bet ($1.25) returned to Vette86
Vette86 collected $1.55 from pot
Vette86: doesn't show hand 
*** SUMMARY ***
Total pot $1.60 | Rake $0.05 
Board [5h 3d 2s]
Seat 1: Vette86 (big blind) collected ($1.55)
Seat 2: FLAMIN'_C folded before Flop (didn't bet)
Seat 3: lereed3999 folded before Flop (didn't bet)
Seat 4: pablon021 folded on the Flop
Seat 5: BaliSC folded before Flop (didn't bet)
Seat 6: OrakulasVI folded before Flop (didn't bet)
Seat 7: Alameda22 (button) folded before Flop (didn't bet)
Seat 8: Moxie 55 (small blind) folded before Flop



PokerStars Game #19951024846:  Hold'em No Limit ($0.10/$0.25) - 2008/08/27 - 21:30:01 (ET)
Table 'Ryba' 9-max Seat #8 is the button
Seat 1: Vette86 ($15.55 in chips) 
Seat 2: FLAMIN'_C ($8.75 in chips) 
Seat 3: lereed3999 ($15.80 in chips) 
Seat 4: pablon021 ($6.15 in chips) 
Seat 5: BaliSC ($23.95 in chips) 
Seat 6: OrakulasVI ($10.90 in chips) 
Seat 7: Alameda22 ($24.65 in chips) 
Seat 8: Moxie 55 ($25.90 in chips) 
Monterroso69 will be allowed to play after the button
Vette86: posts small blind $0.10
FLAMIN'_C: posts big blind $0.25
*** HOLE CARDS ***
Dealt to Alameda22 [Qd 2d]
lereed3999: folds 
pablon021: calls $0.25
lereed3999 leaves the table
BaliSC: folds 
CryptoTrio joins the table at seat #3 
OrakulasVI has timed out
OrakulasVI: folds 
OrakulasVI is sitting out
Alameda22: folds 
Moxie 55: calls $0.25
Vette86: calls $0.15
FLAMIN'_C: raises $0.75 to $1
OrakulasVI has returned
pablon021: calls $0.75
Moxie 55: folds 
Vette86: folds 
*** FLOP *** [9c 5c 4d]
FLAMIN'_C: bets $1.75
pablon021: folds 
Uncalled bet ($1.75) returned to FLAMIN'_C
FLAMIN'_C collected $2.40 from pot
*** SUMMARY ***
Total pot $2.50 | Rake $0.10 
Board [9c 5c 4d]
Seat 1: Vette86 (small blind) folded before Flop
Seat 2: FLAMIN'_C (big blind) collected ($2.40)
Seat 3: lereed3999 folded before Flop (didn't bet)
Seat 4: pablon021 folded on the Flop
Seat 5: BaliSC folded before Flop (didn't bet)
Seat 6: OrakulasVI folded before Flop (didn't bet)
Seat 7: Alameda22 folded before Flop (didn't bet)
Seat 8: Moxie 55 (button) folded before Flop



PokerStars Game #19951060090:  Hold'em No Limit ($0.10/$0.25) - 2008/08/27 - 21:31:32 (ET)
Table 'Ryba' 9-max Seat #1 is the button
Seat 1: Vette86 ($15.30 in chips) 
Seat 2: FLAMIN'_C ($10.15 in chips) 
Seat 3: CryptoTrio ($5 in chips) 
Seat 4: pablon021 ($5.15 in chips) 
Seat 5: BaliSC ($23.95 in chips) 
Seat 6: OrakulasVI ($10.90 in chips) 
Seat 7: Alameda22 ($24.65 in chips) 
Seat 8: Moxie 55 ($25.65 in chips) 
FLAMIN'_C: posts small blind $0.10
CryptoTrio: posts big blind $0.25
Monterroso69: sits out 
*** HOLE CARDS ***
Dealt to Alameda22 [6c 6s]
pablon021: folds 
BaliSC: folds 
pablon021 leaves the table
cowboymonkey joins the table at seat #4 
OrakulasVI: folds 
Alameda22: folds 
Moxie 55: folds 
Vette86: raises $0.50 to $0.75
FLAMIN'_C: folds 
CryptoTrio: folds 
Uncalled bet ($0.50) returned to Vette86
Vette86 collected $0.60 from pot
Vette86: doesn't show hand 
*** SUMMARY ***
Total pot $0.60 | Rake $0 
Seat 1: Vette86 (button) collected ($0.60)
Seat 2: FLAMIN'_C (small blind) folded before Flop
Seat 3: CryptoTrio (big blind) folded before Flop
Seat 4: pablon021 folded before Flop (didn't bet)
Seat 5: BaliSC folded before Flop (didn't bet)
Seat 6: OrakulasVI folded before Flop (didn't bet)
Seat 7: Alameda22 folded before Flop (didn't bet)
Seat 8: Moxie 55 folded before Flop (didn't bet)



PokerStars Game #19951082109:  Hold'em No Limit ($0.10/$0.25) - 2008/08/27 - 21:32:30 (ET)
Table 'Ryba' 9-max Seat #2 is the button
Seat 1: Vette86 ($15.65 in chips) 
Seat 2: FLAMIN'_C ($10.05 in chips) 
Seat 3: CryptoTrio ($4.75 in chips) 
Seat 4: cowboymonkey ($25 in chips) 
Seat 5: BaliSC ($23.95 in chips) 
Seat 6: OrakulasVI ($10.90 in chips) 
Seat 7: Alameda22 ($24.65 in chips) 
Seat 8: Moxie 55 ($25.65 in chips) 
CryptoTrio: posts small blind $0.10
cowboymonkey: posts big blind $0.25
Monterroso69: sits out 
*** HOLE CARDS ***
Dealt to Alameda22 [Ac 4d]
BaliSC: raises $0.25 to $0.50
OrakulasVI: calls $0.50
Alameda22: folds 
Moxie 55: folds 
Vette86: folds 
FLAMIN'_C: calls $0.50
CryptoTrio: folds 
cowboymonkey: raises $2.75 to $3.25
BaliSC: calls $2.75
OrakulasVI: folds 
FLAMIN'_C: folds 
*** FLOP *** [6c 7d 8h]
cowboymonkey: bets $3.85
BaliSC: folds 
Uncalled bet ($3.85) returned to cowboymonkey
cowboymonkey collected $7.25 from pot
cowboymonkey: doesn't show hand 
*** SUMMARY ***
Total pot $7.60 | Rake $0.35 
Board [6c 7d 8h]
Seat 1: Vette86 folded before Flop (didn't bet)
Seat 2: FLAMIN'_C (button) folded before Flop
Seat 3: CryptoTrio (small blind) folded before Flop
Seat 4: cowboymonkey (big blind) collected ($7.25)
Seat 5: BaliSC folded on the Flop
Seat 6: OrakulasVI folded before Flop
Seat 7: Alameda22 folded before Flop (didn't bet)
Seat 8: Moxie 55 folded before Flop (didn't bet)



PokerStars Game #19951117980:  Hold'em No Limit ($0.10/$0.25) - 2008/08/27 - 21:34:04 (ET)
Table 'Ryba' 9-max Seat #3 is the button
Seat 1: Vette86 ($15.65 in chips) 
Seat 2: FLAMIN'_C ($9.55 in chips) 
Seat 3: CryptoTrio ($4.65 in chips) 
Seat 4: cowboymonkey ($29 in chips) 
Seat 5: BaliSC ($20.70 in chips) 
Seat 6: OrakulasVI ($10.40 in chips) 
Seat 7: Alameda22 ($24.65 in chips) 
Seat 8: Moxie 55 ($25.65 in chips) 
cowboymonkey: posts small blind $0.10
BaliSC: posts big blind $0.25
Monterroso69: sits out 
*** HOLE CARDS ***
Dealt to Alameda22 [6s 8h]
OrakulasVI: folds 
Alameda22: folds 
Moxie 55: raises $0.50 to $0.75
Vette86: folds 
FLAMIN'_C: folds 
CryptoTrio: folds 
cowboymonkey: folds 
BaliSC: folds 
Uncalled bet ($0.50) returned to Moxie 55
Moxie 55 collected $0.60 from pot
Moxie 55: doesn't show hand 
*** SUMMARY ***
Total pot $0.60 | Rake $0 
Seat 1: Vette86 folded before Flop (didn't bet)
Seat 2: FLAMIN'_C folded before Flop (didn't bet)
Seat 3: CryptoTrio (button) folded before Flop (didn't bet)
Seat 4: cowboymonkey (small blind) folded before Flop
Seat 5: BaliSC (big blind) folded before Flop
Seat 6: OrakulasVI folded before Flop (didn't bet)
Seat 7: Alameda22 folded before Flop (didn't bet)
Seat 8: Moxie 55 collected ($0.60)



PokerStars Game #19951136619:  Hold'em No Limit ($0.10/$0.25) - 2008/08/27 - 21:34:54 (ET)
Table 'Ryba' 9-max Seat #4 is the button
Seat 1: Vette86 ($15.65 in chips) 
Seat 2: FLAMIN'_C ($9.55 in chips) 
Seat 3: CryptoTrio ($4.65 in chips) 
Seat 4: cowboymonkey ($28.90 in chips) 
Seat 5: BaliSC ($20.45 in chips) 
Seat 6: OrakulasVI ($10.40 in chips) 
Seat 7: Alameda22 ($24.65 in chips) 
Seat 8: Moxie 55 ($26 in chips) 
BaliSC: posts small blind $0.10
OrakulasVI: posts big blind $0.25
Monterroso69: sits out 
*** HOLE CARDS ***
Dealt to Alameda22 [Qh 3c]
Alameda22: folds 
Moxie 55: folds 
Vette86: folds 
FLAMIN'_C: raises $0.75 to $1
CryptoTrio: folds 
cowboymonkey: folds 
BaliSC: calls $0.90
OrakulasVI: folds 
*** FLOP *** [6h Ts 8h]
BaliSC: bets $1
FLAMIN'_C: calls $1
*** TURN *** [6h Ts 8h] [Th]
BaliSC: bets $1.75
FLAMIN'_C: folds 
Uncalled bet ($1.75) returned to BaliSC
BaliSC collected $4.05 from pot
BaliSC: doesn't show hand 
*** SUMMARY ***
Total pot $4.25 | Rake $0.20 
Board [6h Ts 8h Th]
Seat 1: Vette86 folded before Flop (didn't bet)
Seat 2: FLAMIN'_C folded on the Turn
Seat 3: CryptoTrio folded before Flop (didn't bet)
Seat 4: cowboymonkey (button) folded before Flop (didn't bet)
Seat 5: BaliSC (small blind) collected ($4.05)
Seat 6: OrakulasVI (big blind) folded before Flop
Seat 7: Alameda22 folded before Flop (didn't bet)
Seat 8: Moxie 55 folded before Flop (didn't bet)



PokerStars Game #19951163513:  Hold'em No Limit ($0.10/$0.25) - 2008/08/27 - 21:36:05 (ET)
Table 'Ryba' 9-max Seat #5 is the button
Seat 1: Vette86 ($15.65 in chips) 
Seat 2: FLAMIN'_C ($7.55 in chips) 
Seat 3: CryptoTrio ($4.65 in chips) 
Seat 4: cowboymonkey ($28.90 in chips) 
Seat 5: BaliSC ($22.50 in chips) 
Seat 6: OrakulasVI ($10.15 in chips) 
Seat 7: Alameda22 ($24.65 in chips) 
Seat 8: Moxie 55 ($26 in chips) 
OrakulasVI: posts small blind $0.10
Alameda22: posts big blind $0.25
Monterroso69: sits out 
*** HOLE CARDS ***
Dealt to Alameda22 [Tc 3c]
Moxie 55: folds 
Vette86: folds 
FLAMIN'_C: folds 
CryptoTrio: folds 
cowboymonkey: raises $0.75 to $1
BaliSC: folds 
OrakulasVI: folds 
Alameda22: folds 
Uncalled bet ($0.75) returned to cowboymonkey
cowboymonkey collected $0.60 from pot
cowboymonkey: doesn't show hand 
*** SUMMARY ***
Total pot $0.60 | Rake $0 
Seat 1: Vette86 folded before Flop (didn't bet)
Seat 2: FLAMIN'_C folded before Flop (didn't bet)
Seat 3: CryptoTrio folded before Flop (didn't bet)
Seat 4: cowboymonkey collected ($0.60)
Seat 5: BaliSC (button) folded before Flop (didn't bet)
Seat 6: OrakulasVI (small blind) folded before Flop
Seat 7: Alameda22 (big blind) folded before Flop
Seat 8: Moxie 55 folded before Flop (didn't bet)



PokerStars Game #19951175236:  Hold'em No Limit ($0.10/$0.25) - 2008/08/27 - 21:36:35 (ET)
Table 'Ryba' 9-max Seat #6 is the button
Seat 1: Vette86 ($15.65 in chips) 
Seat 2: FLAMIN'_C ($7.55 in chips) 
Seat 3: CryptoTrio ($4.65 in chips) 
Seat 4: cowboymonkey ($29.25 in chips) 
Seat 5: BaliSC ($22.50 in chips) 
Seat 6: OrakulasVI ($10.05 in chips) 
Seat 7: Alameda22 ($24.40 in chips) 
Seat 8: Moxie 55 ($26 in chips) 
Alameda22: posts small blind $0.10
Moxie 55: posts big blind $0.25
Monterroso69: sits out 
*** HOLE CARDS ***
Dealt to Alameda22 [4d Kc]
Vette86: raises $0.75 to $1
FLAMIN'_C: raises $1.75 to $2.75
CryptoTrio: folds 
cowboymonkey: folds 
BaliSC: folds 
OrakulasVI: folds 
Alameda22: folds 
Moxie 55: folds 
Vette86: raises $5.25 to $8
Monterroso69 leaves the table
FLAMIN'_C: calls $4.80 and is all-in
Uncalled bet ($0.45) returned to Vette86
*** FLOP *** [5h 4c 2d]
*** TURN *** [5h 4c 2d] [Jd]
*** RIVER *** [5h 4c 2d Jd] [7s]
sinatra85 joins the table at seat #9 
*** SHOW DOWN ***
Vette86: shows [Qc Qs] (a pair of Queens)
FLAMIN'_C: mucks hand 
FLAMIN'_C leaves the table
Vette86 collected $14.70 from pot
*** SUMMARY ***
Total pot $15.45 | Rake $0.75 
Board [5h 4c 2d Jd 7s]
Seat 1: Vette86 showed [Qc Qs] and won ($14.70) with a pair of Queens
Seat 2: FLAMIN'_C mucked [Ad Qh]
Seat 3: CryptoTrio folded before Flop (didn't bet)
Seat 4: cowboymonkey folded before Flop (didn't bet)
Seat 5: BaliSC folded before Flop (didn't bet)
Seat 6: OrakulasVI (button) folded before Flop (didn't bet)
Seat 7: Alameda22 (small blind) folded before Flop
Seat 8: Moxie 55 (big blind) folded before Flop



PokerStars Game #19951198250:  Hold'em No Limit ($0.10/$0.25) - 2008/08/27 - 21:37:36 (ET)
Table 'Ryba' 9-max Seat #7 is the button
Seat 1: Vette86 ($22.80 in chips) 
Seat 3: CryptoTrio ($4.65 in chips) 
Seat 4: cowboymonkey ($29.25 in chips) 
Seat 5: BaliSC ($22.50 in chips) 
Seat 6: OrakulasVI ($10.05 in chips) 
Seat 7: Alameda22 ($24.30 in chips) 
Seat 8: Moxie 55 ($25.75 in chips) 
Seat 9: sinatra85 ($25 in chips) 
Moxie 55: posts small blind $0.10
colonel81 joins the table at seat #2 
sinatra85: posts big blind $0.25
*** HOLE CARDS ***
Dealt to Alameda22 [8d 7c]
Vette86: folds 
CryptoTrio: folds 
cowboymonkey: folds 
BaliSC: calls $0.25
OrakulasVI: calls $0.25
Alameda22: folds 
Vette86 said, "Hi Frankie"
Moxie 55: calls $0.15
sinatra85: checks 
*** FLOP *** [3h Ad 2h]
Moxie 55: bets $0.50
sinatra85: folds 
BaliSC: folds 
OrakulasVI: folds 
Uncalled bet ($0.50) returned to Moxie 55
Moxie 55 collected $0.95 from pot
*** SUMMARY ***
Total pot $1 | Rake $0.05 
Board [3h Ad 2h]
Seat 1: Vette86 folded before Flop (didn't bet)
Seat 3: CryptoTrio folded before Flop (didn't bet)
Seat 4: cowboymonkey folded before Flop (didn't bet)
Seat 5: BaliSC folded on the Flop
Seat 6: OrakulasVI folded on the Flop
Seat 7: Alameda22 (button) folded before Flop (didn't bet)
Seat 8: Moxie 55 (small blind) collected ($0.95)
Seat 9: sinatra85 (big blind) folded on the Flop



PokerStars Game #19951227295:  Hold'em No Limit ($0.10/$0.25) - 2008/08/27 - 21:38:53 (ET)
Table 'Ryba' 9-max Seat #8 is the button
Seat 1: Vette86 ($22.80 in chips) 
Seat 3: CryptoTrio ($4.65 in chips) 
Seat 4: cowboymonkey ($29.25 in chips) 
Seat 5: BaliSC ($22.25 in chips) 
Seat 6: OrakulasVI ($9.80 in chips) 
Seat 7: Alameda22 ($24.30 in chips) 
Seat 8: Moxie 55 ($26.45 in chips) 
Seat 9: sinatra85 ($24.75 in chips) 
sinatra85: posts small blind $0.10
Vette86: posts big blind $0.25
colonel81: sits out 
*** HOLE CARDS ***
Dealt to Alameda22 [7d 6s]
CryptoTrio: folds 
cowboymonkey: folds 
BaliSC: folds 
OrakulasVI: folds 
Alameda22: folds 
Moxie 55: folds 
sinatra85: folds 
Uncalled bet ($0.15) returned to Vette86
Vette86 collected $0.20 from pot
Vette86: doesn't show hand 
*** SUMMARY ***
Total pot $0.20 | Rake $0 
Seat 1: Vette86 (big blind) collected ($0.20)
Seat 3: CryptoTrio folded before Flop (didn't bet)
Seat 4: cowboymonkey folded before Flop (didn't bet)
Seat 5: BaliSC folded before Flop (didn't bet)
Seat 6: OrakulasVI folded before Flop (didn't bet)
Seat 7: Alameda22 folded before Flop (didn't bet)
Seat 8: Moxie 55 (button) folded before Flop (didn't bet)
Seat 9: sinatra85 (small blind) folded before Flop



PokerStars Game #19951242342:  Hold'em No Limit ($0.10/$0.25) - 2008/08/27 - 21:39:32 (ET)
Table 'Ryba' 9-max Seat #9 is the button
Seat 1: Vette86 ($22.90 in chips) 
Seat 2: colonel81 ($25 in chips) 
Seat 3: CryptoTrio ($4.65 in chips) 
Seat 4: cowboymonkey ($29.25 in chips) 
Seat 5: BaliSC ($22.25 in chips) 
Seat 6: OrakulasVI ($9.80 in chips) 
Seat 7: Alameda22 ($24.30 in chips) 
Seat 8: Moxie 55 ($26.45 in chips) 
Seat 9: sinatra85 ($24.65 in chips) 
Vette86: posts small blind $0.10
colonel81: posts big blind $0.25
*** HOLE CARDS ***
Dealt to Alameda22 [5h Qs]
CryptoTrio: folds 
cowboymonkey: folds 
BaliSC: raises $0.25 to $0.50
OrakulasVI: folds 
Alameda22: folds 
Moxie 55: calls $0.50
sinatra85: calls $0.50
Vette86: folds 
colonel81: calls $0.25
*** FLOP *** [5c Ad 2d]
sinatra85 said, "sup"
colonel81: checks 
BaliSC: bets $1
Moxie 55: folds 
sinatra85: calls $1
colonel81: calls $1
*** TURN *** [5c Ad 2d] [Ts]
colonel81: checks 
BaliSC: bets $1.25
sinatra85: calls $1.25
colonel81: folds 
*** RIVER *** [5c Ad 2d Ts] [4s]
BaliSC: checks 
sinatra85: checks 
*** SHOW DOWN ***
BaliSC: shows [6c Ac] (a pair of Aces)
sinatra85: mucks hand 
BaliSC collected $7.25 from pot
*** SUMMARY ***
Total pot $7.60 | Rake $0.35 
Board [5c Ad 2d Ts 4s]
Seat 1: Vette86 (small blind) folded before Flop
Seat 2: colonel81 (big blind) folded on the Turn
Seat 3: CryptoTrio folded before Flop (didn't bet)
Seat 4: cowboymonkey folded before Flop (didn't bet)
Seat 5: BaliSC showed [6c Ac] and won ($7.25) with a pair of Aces
Seat 6: OrakulasVI folded before Flop (didn't bet)
Seat 7: Alameda22 folded before Flop (didn't bet)
Seat 8: Moxie 55 folded on the Flop
Seat 9: sinatra85 (button) mucked [8d 9d]



PokerStars Game #19951292649:  Hold'em No Limit ($0.10/$0.25) - 2008/08/27 - 21:41:41 (ET)
Table 'Ryba' 9-max Seat #1 is the button
Seat 1: Vette86 ($22.80 in chips) 
Seat 2: colonel81 ($23.50 in chips) 
Seat 3: CryptoTrio ($4.65 in chips) 
Seat 4: cowboymonkey ($29.25 in chips) 
Seat 5: BaliSC ($26.75 in chips) 
Seat 6: OrakulasVI ($9.80 in chips) 
Seat 7: Alameda22 ($24.30 in chips) 
Seat 8: Moxie 55 ($25.95 in chips) 
Seat 9: sinatra85 ($21.90 in chips) 
colonel81: posts small blind $0.10
CryptoTrio: posts big blind $0.25
*** HOLE CARDS ***
Dealt to Alameda22 [4d Jh]
cowboymonkey: folds 
BaliSC: folds 
OrakulasVI: calls $0.25
Alameda22: folds 
Moxie 55: calls $0.25
sinatra85: folds 
Vette86: calls $0.25
colonel81: calls $0.15
CryptoTrio: checks 
*** FLOP *** [Th 6s 2h]
colonel81: checks 
CryptoTrio: checks 
OrakulasVI: bets $0.25
Moxie 55: folds 
Vette86: calls $0.25
colonel81: calls $0.25
CryptoTrio: folds 
*** TURN *** [Th 6s 2h] [Ks]
colonel81: checks 
OrakulasVI: bets $0.50
Vette86: calls $0.50
colonel81: folds 
*** RIVER *** [Th 6s 2h Ks] [Td]
OrakulasVI: bets $2
Vette86: calls $2
*** SHOW DOWN ***
OrakulasVI: shows [Ah Ts] (three of a kind, Tens)
Vette86: mucks hand 
OrakulasVI collected $6.70 from pot
*** SUMMARY ***
Total pot $7 | Rake $0.30 
Board [Th 6s 2h Ks Td]
Seat 1: Vette86 (button) mucked [Kc Js]
Seat 2: colonel81 (small blind) folded on the Turn
Seat 3: CryptoTrio (big blind) folded on the Flop
Seat 4: cowboymonkey folded before Flop (didn't bet)
Seat 5: BaliSC folded before Flop (didn't bet)
Seat 6: OrakulasVI showed [Ah Ts] and won ($6.70) with three of a kind, Tens
Seat 7: Alameda22 folded before Flop (didn't bet)
Seat 8: Moxie 55 folded on the Flop
Seat 9: sinatra85 folded before Flop (didn't bet)



PokerStars Game #19951345144:  Hold'em No Limit ($0.10/$0.25) - 2008/08/27 - 21:43:58 (ET)
Table 'Ryba' 9-max Seat #2 is the button
Seat 1: Vette86 ($19.80 in chips) 
Seat 2: colonel81 ($23 in chips) 
Seat 3: CryptoTrio ($4.40 in chips) 
Seat 4: cowboymonkey ($29.25 in chips) 
Seat 5: BaliSC ($26.75 in chips) 
Seat 6: OrakulasVI ($13.50 in chips) 
Seat 7: Alameda22 ($24.30 in chips) 
Seat 8: Moxie 55 ($25.70 in chips) 
Seat 9: sinatra85 ($21.90 in chips) 
CryptoTrio: posts small blind $0.10
cowboymonkey: posts big blind $0.25
*** HOLE CARDS ***
Dealt to Alameda22 [Qs Kd]
BaliSC: folds 
OrakulasVI: calls $0.25
Alameda22: folds 
Moxie 55: calls $0.25
sinatra85: folds 
Vette86: folds 
colonel81: folds 
CryptoTrio: folds 
cowboymonkey: checks 
*** FLOP *** [9c Kh 6h]
cowboymonkey: checks 
OrakulasVI: bets $0.25
Moxie 55: folds 
cowboymonkey: calls $0.25
*** TURN *** [9c Kh 6h] [8s]
cowboymonkey: checks 
OrakulasVI: bets $1
cowboymonkey: folds 
Uncalled bet ($1) returned to OrakulasVI
OrakulasVI collected $1.30 from pot
OrakulasVI: doesn't show hand 
*** SUMMARY ***
Total pot $1.35 | Rake $0.05 
Board [9c Kh 6h 8s]
Seat 1: Vette86 folded before Flop (didn't bet)
Seat 2: colonel81 (button) folded before Flop (didn't bet)
Seat 3: CryptoTrio (small blind) folded before Flop
Seat 4: cowboymonkey (big blind) folded on the Turn
Seat 5: BaliSC folded before Flop (didn't bet)
Seat 6: OrakulasVI collected ($1.30)
Seat 7: Alameda22 folded before Flop (didn't bet)
Seat 8: Moxie 55 folded on the Flop
Seat 9: sinatra85 folded before Flop (didn't bet)



PokerStars Game #19951374644:  Hold'em No Limit ($0.10/$0.25) - 2008/08/27 - 21:45:13 (ET)
Table 'Ryba' 9-max Seat #3 is the button
Seat 1: Vette86 ($19.80 in chips) 
Seat 2: colonel81 ($23 in chips) 
Seat 3: CryptoTrio ($4.30 in chips) 
Seat 4: cowboymonkey ($28.75 in chips) 
Seat 5: BaliSC ($26.75 in chips) 
Seat 6: OrakulasVI ($14.30 in chips) 
Seat 7: Alameda22 ($24.30 in chips) 
Seat 8: Moxie 55 ($25.45 in chips) 
Seat 9: sinatra85 ($21.90 in chips) 
cowboymonkey: posts small blind $0.10
BaliSC: posts big blind $0.25
*** HOLE CARDS ***
Dealt to Alameda22 [Qd Ah]
OrakulasVI: calls $0.25
Alameda22: raises $0.75 to $1
Moxie 55: raises $1.50 to $2.50
sinatra85: calls $2.50
Vette86: folds 
colonel81: folds 
CryptoTrio: folds 
cowboymonkey: folds 
BaliSC: folds 
OrakulasVI: folds 
Alameda22: calls $1.50
*** FLOP *** [3h 8s 8d]
Alameda22: checks 
Moxie 55: bets $4.75
sinatra85: folds 
Alameda22: folds 
Uncalled bet ($4.75) returned to Moxie 55
Moxie 55 collected $7.70 from pot
Moxie 55 said, "good"
*** SUMMARY ***
Total pot $8.10 | Rake $0.40 
Board [3h 8s 8d]
Seat 1: Vette86 folded before Flop (didn't bet)
Seat 2: colonel81 folded before Flop (didn't bet)
Seat 3: CryptoTrio (button) folded before Flop (didn't bet)
Seat 4: cowboymonkey (small blind) folded before Flop
Seat 5: BaliSC (big blind) folded before Flop
Seat 6: OrakulasVI folded before Flop
Seat 7: Alameda22 folded on the Flop
Seat 8: Moxie 55 collected ($7.70)
Seat 9: sinatra85 folded on the Flop



PokerStars Game #19951409678:  Hold'em No Limit ($0.10/$0.25) - 2008/08/27 - 21:46:44 (ET)
Table 'Ryba' 9-max Seat #4 is the button
Seat 1: Vette86 ($19.80 in chips) 
Seat 2: colonel81 ($23 in chips) 
Seat 3: CryptoTrio ($4.30 in chips) 
Seat 4: cowboymonkey ($28.65 in chips) 
Seat 5: BaliSC ($26.50 in chips) 
Seat 6: OrakulasVI ($14.05 in chips) 
Seat 7: Alameda22 ($21.80 in chips) 
Seat 8: Moxie 55 ($30.65 in chips) 
Seat 9: sinatra85 ($19.40 in chips) 
BaliSC: posts small blind $0.10
OrakulasVI: posts big blind $0.25
*** HOLE CARDS ***
Dealt to Alameda22 [4c 8c]
Alameda22: folds 
Moxie 55: folds 
sinatra85: folds 
Vette86: folds 
colonel81: folds 
CryptoTrio: folds 
cowboymonkey: folds 
BaliSC: calls $0.15
OrakulasVI: checks 
*** FLOP *** [9h 5d 4h]
BaliSC: bets $1
OrakulasVI: folds 
Uncalled bet ($1) returned to BaliSC
BaliSC collected $0.50 from pot
BaliSC: doesn't show hand 
*** SUMMARY ***
Total pot $0.50 | Rake $0 
Board [9h 5d 4h]
Seat 1: Vette86 folded before Flop (didn't bet)
Seat 2: colonel81 folded before Flop (didn't bet)
Seat 3: CryptoTrio folded before Flop (didn't bet)
Seat 4: cowboymonkey (button) folded before Flop (didn't bet)
Seat 5: BaliSC (small blind) collected ($0.50)
Seat 6: OrakulasVI (big blind) folded on the Flop
Seat 7: Alameda22 folded before Flop (didn't bet)
Seat 8: Moxie 55 folded before Flop (didn't bet)
Seat 9: sinatra85 folded before Flop (didn't bet)



PokerStars Game #19951431552:  Hold'em No Limit ($0.10/$0.25) - 2008/08/27 - 21:47:40 (ET)
Table 'Ryba' 9-max Seat #5 is the button
Seat 1: Vette86 ($19.80 in chips) 
Seat 2: colonel81 ($23 in chips) 
Seat 3: CryptoTrio ($4.30 in chips) 
Seat 4: cowboymonkey ($28.65 in chips) 
Seat 5: BaliSC ($26.75 in chips) 
Seat 6: OrakulasVI ($13.80 in chips) 
Seat 7: Alameda22 ($21.80 in chips) 
Seat 8: Moxie 55 ($30.65 in chips) 
Seat 9: sinatra85 ($25 in chips) 
OrakulasVI: posts small blind $0.10
Alameda22: posts big blind $0.25
*** HOLE CARDS ***
Dealt to Alameda22 [4s 6h]
Moxie 55: folds 
sinatra85: folds 
Vette86: folds 
colonel81: folds 
CryptoTrio: folds 
cowboymonkey: raises $0.75 to $1
BaliSC: folds 
OrakulasVI: folds 
Alameda22: folds 
Uncalled bet ($0.75) returned to cowboymonkey
cowboymonkey collected $0.60 from pot
cowboymonkey: doesn't show hand 
*** SUMMARY ***
Total pot $0.60 | Rake $0 
Seat 1: Vette86 folded before Flop (didn't bet)
Seat 2: colonel81 folded before Flop (didn't bet)
Seat 3: CryptoTrio folded before Flop (didn't bet)
Seat 4: cowboymonkey collected ($0.60)
Seat 5: BaliSC (button) folded before Flop (didn't bet)
Seat 6: OrakulasVI (small blind) folded before Flop
Seat 7: Alameda22 (big blind) folded before Flop
Seat 8: Moxie 55 folded before Flop (didn't bet)
Seat 9: sinatra85 folded before Flop (didn't bet)



PokerStars Game #19951447024:  Hold'em No Limit ($0.10/$0.25) - 2008/08/27 - 21:48:19 (ET)
Table 'Ryba' 9-max Seat #6 is the button
Seat 1: Vette86 ($19.80 in chips) 
Seat 2: colonel81 ($23 in chips) 
Seat 3: CryptoTrio ($4.30 in chips) 
Seat 4: cowboymonkey ($29 in chips) 
Seat 5: BaliSC ($26.75 in chips) 
Seat 6: OrakulasVI ($13.70 in chips) 
Seat 7: Alameda22 ($21.55 in chips) 
Seat 8: Moxie 55 ($30.65 in chips) 
Seat 9: sinatra85 ($25 in chips) 
Alameda22: posts small blind $0.10
Moxie 55: posts big blind $0.25
*** HOLE CARDS ***
Dealt to Alameda22 [9s Ks]
sinatra85: raises $0.75 to $1
Vette86: folds 
colonel81: folds 
CryptoTrio: folds 
cowboymonkey: folds 
BaliSC: folds 
OrakulasVI: folds 
Alameda22: folds 
Moxie 55: folds 
Uncalled bet ($0.75) returned to sinatra85
sinatra85 collected $0.60 from pot
sinatra85: doesn't show hand 
*** SUMMARY ***
Total pot $0.60 | Rake $0 
Seat 1: Vette86 folded before Flop (didn't bet)
Seat 2: colonel81 folded before Flop (didn't bet)
Seat 3: CryptoTrio folded before Flop (didn't bet)
Seat 4: cowboymonkey folded before Flop (didn't bet)
Seat 5: BaliSC folded before Flop (didn't bet)
Seat 6: OrakulasVI (button) folded before Flop (didn't bet)
Seat 7: Alameda22 (small blind) folded before Flop
Seat 8: Moxie 55 (big blind) folded before Flop
Seat 9: sinatra85 collected ($0.60)



PokerStars Game #19951458168:  Hold'em No Limit ($0.10/$0.25) - 2008/08/27 - 21:48:48 (ET)
Table 'Ryba' 9-max Seat #7 is the button
Seat 1: Vette86 ($19.80 in chips) 
Seat 2: colonel81 ($23 in chips) 
Seat 3: CryptoTrio ($4.30 in chips) 
Seat 4: cowboymonkey ($29 in chips) 
Seat 5: BaliSC ($26.75 in chips) 
Seat 6: OrakulasVI ($13.70 in chips) 
Seat 7: Alameda22 ($21.45 in chips) 
Seat 8: Moxie 55 ($30.40 in chips) 
Seat 9: sinatra85 ($25.35 in chips) 
Moxie 55: posts small blind $0.10
sinatra85: posts big blind $0.25
*** HOLE CARDS ***
Dealt to Alameda22 [Qs 6c]
Vette86: folds 
colonel81: folds 
CryptoTrio: folds 
cowboymonkey: folds 
BaliSC: calls $0.25
OrakulasVI: calls $0.25
Alameda22: folds 
Moxie 55: calls $0.15
sinatra85: checks 
*** FLOP *** [Jh 7c Jd]
Moxie 55: checks 
sinatra85: checks 
BaliSC: bets $1.25
OrakulasVI: folds 
Moxie 55: folds 
sinatra85: folds 
Uncalled bet ($1.25) returned to BaliSC
BaliSC collected $0.95 from pot
BaliSC: doesn't show hand 
*** SUMMARY ***
Total pot $1 | Rake $0.05 
Board [Jh 7c Jd]
Seat 1: Vette86 folded before Flop (didn't bet)
Seat 2: colonel81 folded before Flop (didn't bet)
Seat 3: CryptoTrio folded before Flop (didn't bet)
Seat 4: cowboymonkey folded before Flop (didn't bet)
Seat 5: BaliSC collected ($0.95)
Seat 6: OrakulasVI folded on the Flop
Seat 7: Alameda22 (button) folded before Flop (didn't bet)
Seat 8: Moxie 55 (small blind) folded on the Flop
Seat 9: sinatra85 (big blind) folded on the Flop



PokerStars Game #19951477979:  Hold'em No Limit ($0.10/$0.25) - 2008/08/27 - 21:49:39 (ET)
Table 'Ryba' 9-max Seat #8 is the button
Seat 1: Vette86 ($19.80 in chips) 
Seat 2: colonel81 ($23 in chips) 
Seat 3: CryptoTrio ($4.30 in chips) 
Seat 4: cowboymonkey ($29 in chips) 
Seat 5: BaliSC ($27.45 in chips) 
Seat 6: OrakulasVI ($13.45 in chips) 
Seat 7: Alameda22 ($21.45 in chips) 
Seat 8: Moxie 55 ($30.15 in chips) 
Seat 9: sinatra85 ($25.10 in chips) 
sinatra85: posts small blind $0.10
Vette86: posts big blind $0.25
*** HOLE CARDS ***
Dealt to Alameda22 [3c 5s]
colonel81: folds 
CryptoTrio: folds 
cowboymonkey: folds 
BaliSC: calls $0.25
OrakulasVI: raises $0.25 to $0.50
Alameda22: folds 
Moxie 55: folds 
sinatra85: folds 
Vette86: calls $0.25
BaliSC: calls $0.25
*** FLOP *** [3h Kd 8c]
Vette86: checks 
BaliSC: bets $1
OrakulasVI: raises $2 to $3
Vette86: folds 
BaliSC: calls $2
*** TURN *** [3h Kd 8c] [Js]
BaliSC: checks 
OrakulasVI: bets $6
BaliSC: calls $6
*** RIVER *** [3h Kd 8c Js] [9h]
BaliSC: checks 
OrakulasVI: bets $3.95 and is all-in
BaliSC: calls $3.95
*** SHOW DOWN ***
OrakulasVI: shows [9c Tc] (a pair of Nines)
BaliSC: shows [2c Ks] (a pair of Kings)
BaliSC collected $26.20 from pot
*** SUMMARY ***
Total pot $27.50 | Rake $1.30 
Board [3h Kd 8c Js 9h]
Seat 1: Vette86 (big blind) folded on the Flop
Seat 2: colonel81 folded before Flop (didn't bet)
Seat 3: CryptoTrio folded before Flop (didn't bet)
Seat 4: cowboymonkey folded before Flop (didn't bet)
Seat 5: BaliSC showed [2c Ks] and won ($26.20) with a pair of Kings
Seat 6: OrakulasVI showed [9c Tc] and lost with a pair of Nines
Seat 7: Alameda22 folded before Flop (didn't bet)
Seat 8: Moxie 55 (button) folded before Flop (didn't bet)
Seat 9: sinatra85 (small blind) folded before Flop



PokerStars Game #19951520705:  Hold'em No Limit ($0.10/$0.25) - 2008/08/27 - 21:51:30 (ET)
Table 'Ryba' 9-max Seat #9 is the button
Seat 1: Vette86 ($19.30 in chips) 
Seat 2: colonel81 ($23 in chips) 
Seat 3: CryptoTrio ($4.30 in chips) 
Seat 4: cowboymonkey ($29 in chips) 
Seat 5: BaliSC ($40.20 in chips) 
Seat 7: Alameda22 ($21.45 in chips) 
Seat 8: Moxie 55 ($30.15 in chips) 
Seat 9: sinatra85 ($25 in chips) 
Vette86: posts small blind $0.10
OrakulasVI leaves the table
colonel81: posts big blind $0.25
*** HOLE CARDS ***
Dealt to Alameda22 [5d 4c]
CryptoTrio: folds 
cowboymonkey: folds 
BaliSC: calls $0.25
Alameda22: folds 
Moxie 55: folds 
sinatra85: folds 
Kgrind joins the table at seat #6 
Vette86: raises $0.75 to $1
colonel81: folds 
BaliSC: folds 
Uncalled bet ($0.75) returned to Vette86
Vette86 collected $0.75 from pot
Vette86: doesn't show hand 
*** SUMMARY ***
Total pot $0.75 | Rake $0 
Seat 1: Vette86 (small blind) collected ($0.75)
Seat 2: colonel81 (big blind) folded before Flop
Seat 3: CryptoTrio folded before Flop (didn't bet)
Seat 4: cowboymonkey folded before Flop (didn't bet)
Seat 5: BaliSC folded before Flop
Seat 7: Alameda22 folded before Flop (didn't bet)
Seat 8: Moxie 55 folded before Flop (didn't bet)
Seat 9: sinatra85 (button) folded before Flop (didn't bet)



PokerStars Game #19951546423:  Hold'em No Limit ($0.10/$0.25) - 2008/08/27 - 21:52:36 (ET)
Table 'Ryba' 9-max Seat #1 is the button
Seat 1: Vette86 ($19.80 in chips) 
Seat 2: colonel81 ($22.75 in chips) 
Seat 3: CryptoTrio ($4.30 in chips) 
Seat 4: cowboymonkey ($29 in chips) 
Seat 5: BaliSC ($39.95 in chips) 
Seat 7: Alameda22 ($21.45 in chips) 
Seat 8: Moxie 55 ($30.15 in chips) 
Seat 9: sinatra85 ($25 in chips) 
colonel81: posts small blind $0.10
CryptoTrio: posts big blind $0.25
Kgrind: sits out 
*** HOLE CARDS ***
Dealt to Alameda22 [2s Qs]
cowboymonkey: folds 
BaliSC: calls $0.25
Alameda22: folds 
Moxie 55: folds 
sinatra85: folds 
Vette86: folds 
colonel81: folds 
CryptoTrio: raises $1 to $1.25
BaliSC: calls $1
*** FLOP *** [6h 9h 7c]
CryptoTrio: bets $3.05 and is all-in
BaliSC: calls $3.05
*** TURN *** [6h 9h 7c] [3d]
*** RIVER *** [6h 9h 7c 3d] [As]
*** SHOW DOWN ***
CryptoTrio: shows [Ac Qh] (a pair of Aces)
BaliSC: mucks hand 
CryptoTrio collected $8.30 from pot
*** SUMMARY ***
Total pot $8.70 | Rake $0.40 
Board [6h 9h 7c 3d As]
Seat 1: Vette86 (button) folded before Flop (didn't bet)
Seat 2: colonel81 (small blind) folded before Flop
Seat 3: CryptoTrio (big blind) showed [Ac Qh] and won ($8.30) with a pair of Aces
Seat 4: cowboymonkey folded before Flop (didn't bet)
Seat 5: BaliSC mucked [Kh 8c]
Seat 7: Alameda22 folded before Flop (didn't bet)
Seat 8: Moxie 55 folded before Flop (didn't bet)
Seat 9: sinatra85 folded before Flop (didn't bet)



PokerStars Game #19951572519:  Hold'em No Limit ($0.10/$0.25) - 2008/08/27 - 21:53:44 (ET)
Table 'Ryba' 9-max Seat #2 is the button
Seat 1: Vette86 ($19.80 in chips) 
Seat 2: colonel81 ($22.65 in chips) 
Seat 3: CryptoTrio ($8.30 in chips) 
Seat 4: cowboymonkey ($29 in chips) 
Seat 5: BaliSC ($35.65 in chips) 
Seat 7: Alameda22 ($21.45 in chips) 
Seat 8: Moxie 55 ($30.15 in chips) 
Seat 9: sinatra85 ($25 in chips) 
CryptoTrio: posts small blind $0.10
cowboymonkey: posts big blind $0.25
Kgrind: sits out 
*** HOLE CARDS ***
Dealt to Alameda22 [Js 6d]
BaliSC: folds 
Alameda22: folds 
Moxie 55: raises $0.50 to $0.75
sinatra85: folds 
Vette86: folds 
colonel81: folds 
CryptoTrio: folds 
CryptoTrio is sitting out
cowboymonkey: folds 
Uncalled bet ($0.50) returned to Moxie 55
CryptoTrio leaves the table
Moxie 55 collected $0.60 from pot
Moxie 55: doesn't show hand 
*** SUMMARY ***
Total pot $0.60 | Rake $0 
Seat 1: Vette86 folded before Flop (didn't bet)
Seat 2: colonel81 (button) folded before Flop (didn't bet)
Seat 3: CryptoTrio (small blind) folded before Flop
Seat 4: cowboymonkey (big blind) folded before Flop
Seat 5: BaliSC folded before Flop (didn't bet)
Seat 7: Alameda22 folded before Flop (didn't bet)
Seat 8: Moxie 55 collected ($0.60)
Seat 9: sinatra85 folded before Flop (didn't bet)



PokerStars Game #19951590356:  Hold'em No Limit ($0.10/$0.25) - 2008/08/27 - 21:54:30 (ET)
Table 'Ryba' 9-max Seat #4 is the button
Seat 1: Vette86 ($19.80 in chips) 
Seat 2: colonel81 ($22.65 in chips) 
Seat 4: cowboymonkey ($28.75 in chips) 
Seat 5: BaliSC ($35.65 in chips) 
Seat 6: Kgrind ($10.45 in chips) 
Seat 7: Alameda22 ($21.45 in chips) 
Seat 8: Moxie 55 ($30.50 in chips) 
Seat 9: sinatra85 ($25 in chips) 
BaliSC: posts small blind $0.10
Kgrind: posts big blind $0.25
*** HOLE CARDS ***
Dealt to Alameda22 [3s Ad]
Alameda22: folds 
Moxie 55: folds 
sinatra85: folds 
Vette86: calls $0.25
colonel81: folds 
cowboymonkey: calls $0.25
BaliSC: folds 
Kgrind: checks 
*** FLOP *** [7d 3d Kh]
Kgrind: checks 
Vette86: bets $1
cowboymonkey: folds 
Kgrind: folds 
Uncalled bet ($1) returned to Vette86
Vette86 collected $0.85 from pot
Vette86: doesn't show hand 
*** SUMMARY ***
Total pot $0.85 | Rake $0 
Board [7d 3d Kh]
Seat 1: Vette86 collected ($0.85)
Seat 2: colonel81 folded before Flop (didn't bet)
Seat 4: cowboymonkey (button) folded on the Flop
Seat 5: BaliSC (small blind) folded before Flop
Seat 6: Kgrind (big blind) folded on the Flop
Seat 7: Alameda22 folded before Flop (didn't bet)
Seat 8: Moxie 55 folded before Flop (didn't bet)
Seat 9: sinatra85 folded before Flop (didn't bet)



PokerStars Game #19951618354:  Hold'em No Limit ($0.10/$0.25) - 2008/08/27 - 21:55:43 (ET)
Table 'Ryba' 9-max Seat #5 is the button
Seat 1: Vette86 ($20.40 in chips) 
Seat 2: colonel81 ($22.65 in chips) 
Seat 4: cowboymonkey ($28.50 in chips) 
Seat 5: BaliSC ($35.55 in chips) 
Seat 6: Kgrind ($10.20 in chips) 
Seat 7: Alameda22 ($21.45 in chips) 
Seat 8: Moxie 55 ($30.50 in chips) 
Seat 9: sinatra85 ($25 in chips) 
Kgrind: posts small blind $0.10
Alameda22: posts big blind $0.25
*** HOLE CARDS ***
Dealt to Alameda22 [8s Kd]
Moxie 55: calls $0.25
sinatra85: folds 
Vette86: folds 
colonel81: folds 
cowboymonkey: folds 
BaliSC: folds 
Kgrind: calls $0.15
Alameda22: checks 
*** FLOP *** [2c 4s 7h]
Kgrind: checks 
Alameda22: checks 
Moxie 55: bets $0.75
Kgrind: calls $0.75
Alameda22: folds 
*** TURN *** [2c 4s 7h] [3c]
Kgrind: bets $2.25
Moxie 55: folds 
Uncalled bet ($2.25) returned to Kgrind
Kgrind collected $2.15 from pot
Moxie 55 said, "ha"
*** SUMMARY ***
Total pot $2.25 | Rake $0.10 
Board [2c 4s 7h 3c]
Seat 1: Vette86 folded before Flop (didn't bet)
Seat 2: colonel81 folded before Flop (didn't bet)
Seat 4: cowboymonkey folded before Flop (didn't bet)
Seat 5: BaliSC (button) folded before Flop (didn't bet)
Seat 6: Kgrind (small blind) collected ($2.15)
Seat 7: Alameda22 (big blind) folded on the Flop
Seat 8: Moxie 55 folded on the Turn
Seat 9: sinatra85 folded before Flop (didn't bet)



PokerStars Game #19951650765:  Hold'em No Limit ($0.10/$0.25) - 2008/08/27 - 21:57:08 (ET)
Table 'Ryba' 9-max Seat #6 is the button
Seat 1: Vette86 ($20.40 in chips) 
Seat 2: colonel81 ($22.65 in chips) 
Seat 4: cowboymonkey ($28.50 in chips) 
Seat 5: BaliSC ($35.55 in chips) 
Seat 6: Kgrind ($11.35 in chips) 
Seat 7: Alameda22 ($21.20 in chips) 
Seat 8: Moxie 55 ($29.50 in chips) 
Seat 9: sinatra85 ($25 in chips) 
Alameda22: posts small blind $0.10
Moxie 55: posts big blind $0.25
*** HOLE CARDS ***
Dealt to Alameda22 [2d 8c]
sinatra85: raises $0.75 to $1
Kgrind said, "?"
Vette86: folds 
colonel81: folds 
cowboymonkey: folds 
BaliSC: folds 
Kgrind: folds 
Kgrind said, "i just lost a 210$ hand :("
Alameda22: folds 
Moxie 55: folds 
Uncalled bet ($0.75) returned to sinatra85
sinatra85 collected $0.60 from pot
sinatra85: doesn't show hand 
Kgrind said, "sitting with my bank roll lol"
*** SUMMARY ***
Total pot $0.60 | Rake $0 
Seat 1: Vette86 folded before Flop (didn't bet)
Seat 2: colonel81 folded before Flop (didn't bet)
Seat 4: cowboymonkey folded before Flop (didn't bet)
Seat 5: BaliSC folded before Flop (didn't bet)
Seat 6: Kgrind (button) folded before Flop (didn't bet)
Seat 7: Alameda22 (small blind) folded before Flop
Seat 8: Moxie 55 (big blind) folded before Flop
Seat 9: sinatra85 collected ($0.60)



PokerStars Game #19951670946:  Hold'em No Limit ($0.10/$0.25) - 2008/08/27 - 21:58:01 (ET)
Table 'Ryba' 9-max Seat #7 is the button
Seat 1: Vette86 ($20.40 in chips) 
Seat 2: colonel81 ($22.65 in chips) 
Seat 4: cowboymonkey ($28.50 in chips) 
Seat 5: BaliSC ($35.55 in chips) 
Seat 6: Kgrind ($11.35 in chips) 
Seat 7: Alameda22 ($21.10 in chips) 
Seat 8: Moxie 55 ($29.25 in chips) 
Seat 9: sinatra85 ($25.35 in chips) 
Moxie 55: posts small blind $0.10
sinatra85: posts big blind $0.25
*** HOLE CARDS ***
Dealt to Alameda22 [3d 8h]
Vette86: folds 
Moxie 55 said, "ow"
colonel81: folds 
cowboymonkey: folds 
BaliSC: folds 
Kgrind: raises $0.50 to $0.75
Moxie 55 said, "what limits were u playing?"
Kgrind said, "1/2"
Alameda22: folds 
Moxie 55: folds 
sinatra85: folds 
Uncalled bet ($0.50) returned to Kgrind
Kgrind collected $0.60 from pot
*** SUMMARY ***
Total pot $0.60 | Rake $0 
Seat 1: Vette86 folded before Flop (didn't bet)
Seat 2: colonel81 folded before Flop (didn't bet)
Seat 4: cowboymonkey folded before Flop (didn't bet)
Seat 5: BaliSC folded before Flop (didn't bet)
Seat 6: Kgrind collected ($0.60)
Seat 7: Alameda22 (button) folded before Flop (didn't bet)
Seat 8: Moxie 55 (small blind) folded before Flop
Seat 9: sinatra85 (big blind) folded before Flop



PokerStars Game #19951684426:  Hold'em No Limit ($0.10/$0.25) - 2008/08/27 - 21:58:37 (ET)
Table 'Ryba' 9-max Seat #8 is the button
Seat 1: Vette86 ($20.40 in chips) 
Seat 2: colonel81 ($22.65 in chips) 
Seat 4: cowboymonkey ($28.50 in chips) 
Seat 5: BaliSC ($35.55 in chips) 
Seat 6: Kgrind ($11.70 in chips) 
Seat 7: Alameda22 ($21.10 in chips) 
Seat 8: Moxie 55 ($29.15 in chips) 
Seat 9: sinatra85 ($25.10 in chips) 
sinatra85: posts small blind $0.10
Vette86: posts big blind $0.25
*** HOLE CARDS ***
Dealt to Alameda22 [4d 7c]
Moxie 55 said, "what did u lose with?"
colonel81: folds 
cowboymonkey: folds 
BaliSC: calls $0.25
Kgrind: folds 
Alameda22: folds 
Moxie 55: calls $0.25
sinatra85: calls $0.15
Vette86: checks 
*** FLOP *** [5c 2c Th]
sinatra85: checks 
Vette86: checks 
Kgrind said, "AQs flop comes AA8"
BaliSC: bets $2
Moxie 55 said, "he have AK?"
Moxie 55: folds 
sinatra85: folds 
Vette86: folds 
Uncalled bet ($2) returned to BaliSC
BaliSC collected $0.95 from pot
BaliSC: doesn't show hand 
*** SUMMARY ***
Total pot $1 | Rake $0.05 
Board [5c 2c Th]
Seat 1: Vette86 (big blind) folded on the Flop
Seat 2: colonel81 folded before Flop (didn't bet)
Seat 4: cowboymonkey folded before Flop (didn't bet)
Seat 5: BaliSC collected ($0.95)
Seat 6: Kgrind folded before Flop (didn't bet)
Seat 7: Alameda22 folded before Flop (didn't bet)
Seat 8: Moxie 55 (button) folded on the Flop
Seat 9: sinatra85 (small blind) folded on the Flop



PokerStars Game #19951711699:  Hold'em No Limit ($0.10/$0.25) - 2008/08/27 - 21:59:49 (ET)
Table 'Ryba' 9-max Seat #9 is the button
Seat 1: Vette86 ($20.15 in chips) 
Seat 2: colonel81 ($22.65 in chips) 
Seat 4: cowboymonkey ($28.50 in chips) 
Seat 5: BaliSC ($36.25 in chips) 
Seat 6: Kgrind ($11.70 in chips) 
Seat 7: Alameda22 ($21.10 in chips) 
Seat 8: Moxie 55 ($28.90 in chips) 
Seat 9: sinatra85 ($24.85 in chips) 
Vette86: posts small blind $0.10
colonel81: posts big blind $0.25
*** HOLE CARDS ***
Dealt to Alameda22 [4d 7s]
cowboymonkey: folds 
BaliSC: raises $0.25 to $0.50
Kgrind: calls $0.50
Alameda22: folds 
Moxie 55: folds 
sinatra85: folds 
Vette86: folds 
Kgrind said, "i raise to $45 pkt 8's raise to $110 i shove"
Moxie 55 said, "not much u can do there"
colonel81: calls $0.25
*** FLOP *** [6d Js Kd]
Moxie 55 said, "just a cold flop for u"
Moxie 55 said, "unless u hit a Q :)"
colonel81: checks 
BaliSC: checks 
Kgrind: bets $1.50
Kgrind said, "so sik"
colonel81: calls $1.50
BaliSC: calls $1.50
*** TURN *** [6d Js Kd] [8h]
colonel81: checks 
BaliSC: checks 
Kgrind: checks 
*** RIVER *** [6d Js Kd 8h] [9h]
colonel81: checks 
BaliSC: checks 
Kgrind: bets $2
colonel81: folds 
Kgrind said, "so much thought"
Kgrind said, "at 25c"
BaliSC: folds 
Uncalled bet ($2) returned to Kgrind
Kgrind said, "lol"
Kgrind collected $5.80 from pot
*** SUMMARY ***
Total pot $6.10 | Rake $0.30 
Board [6d Js Kd 8h 9h]
Seat 1: Vette86 (small blind) folded before Flop
Seat 2: colonel81 (big blind) folded on the River
Seat 4: cowboymonkey folded before Flop (didn't bet)
Seat 5: BaliSC folded on the River
Seat 6: Kgrind collected ($5.80)
Seat 7: Alameda22 folded before Flop (didn't bet)
Seat 8: Moxie 55 folded before Flop (didn't bet)
Seat 9: sinatra85 (button) folded before Flop (didn't bet)



PokerStars Game #19951784680:  Hold'em No Limit ($0.10/$0.25) - 2008/08/27 - 22:03:00 (ET)
Table 'Ryba' 9-max Seat #1 is the button
Seat 1: Vette86 ($20.05 in chips) 
Seat 2: colonel81 ($20.65 in chips) 
Seat 4: cowboymonkey ($28.50 in chips) 
Seat 5: BaliSC ($34.25 in chips) 
Seat 6: Kgrind ($15.50 in chips) 
Seat 7: Alameda22 ($21.10 in chips) 
Seat 8: Moxie 55 ($28.90 in chips) 
Seat 9: sinatra85 ($24.85 in chips) 
Kgrind said, "gf"
colonel81: posts small blind $0.10
cowboymonkey: posts big blind $0.25
*** HOLE CARDS ***
Dealt to Alameda22 [9c 7s]
BaliSC: calls $0.25
Kgrind: folds 
Alameda22: folds 
Moxie 55: folds 
sinatra85: folds 
Vette86: calls $0.25
sinatra85 leaves the table
Moxie 55 said, "jjj?"
BaliSC said, "pockets A's and i fold"
colonel81: calls $0.15
cowboymonkey: checks 
*** FLOP *** [9s 3c 7d]
colonel81: checks 
cowboymonkey: checks 
BaliSC: checks 
Vette86: checks 
*** TURN *** [9s 3c 7d] [7h]
colonel81: checks 
Kgrind said, "lol it was a good lay down"
cowboymonkey: checks 
BaliSC: checks 
Vette86: checks 
*** RIVER *** [9s 3c 7d 7h] [Qs]
colonel81: checks 
cowboymonkey: checks 
BaliSC: checks 
Vette86: checks 
*** SHOW DOWN ***
colonel81: shows [4c Ac] (a pair of Sevens)
cowboymonkey: shows [Td Ah] (a pair of Sevens - Ace+Queen+Ten kicker)
BaliSC: mucks hand 
Vette86: mucks hand 
cowboymonkey collected $0.95 from pot
*** SUMMARY ***
Total pot $1 | Rake $0.05 
Board [9s 3c 7d 7h Qs]
Seat 1: Vette86 (button) mucked [Ts Ks]
Seat 2: colonel81 (small blind) showed [4c Ac] and lost with a pair of Sevens
Seat 4: cowboymonkey (big blind) showed [Td Ah] and won ($0.95) with a pair of Sevens
Seat 5: BaliSC mucked [6d As]
Seat 6: Kgrind folded before Flop (didn't bet)
Seat 7: Alameda22 folded before Flop (didn't bet)
Seat 8: Moxie 55 folded before Flop (didn't bet)
Seat 9: sinatra85 folded before Flop (didn't bet)



PokerStars Game #19951830557:  Hold'em No Limit ($0.10/$0.25) - 2008/08/27 - 22:05:01 (ET)
Table 'Ryba' 9-max Seat #2 is the button
Seat 1: Vette86 ($19.80 in chips) 
Seat 2: colonel81 ($20.40 in chips) 
Seat 4: cowboymonkey ($29.20 in chips) 
Seat 5: BaliSC ($34 in chips) 
Seat 6: Kgrind ($15.50 in chips) 
Seat 7: Alameda22 ($21.10 in chips) 
Seat 8: Moxie 55 ($28.90 in chips) 
cowboymonkey: posts small blind $0.10
BaliSC: posts big blind $0.25
*** HOLE CARDS ***
Dealt to Alameda22 [Ac Tc]
Kgrind: folds 
Alameda22: folds 
Moxie 55: folds 
Vette86: calls $0.25
Moxie 55 said, "you didnt fold AA there bailSC"
colonel81: folds 
cowboymonkey: folds 
BaliSC: checks 
*** FLOP *** [Ah 2d 6h]
BaliSC: checks 
Vette86: checks 
*** TURN *** [Ah 2d 6h] [Kd]
BaliSC: checks 
Vette86: bets $0.25
BaliSC: folds 
Uncalled bet ($0.25) returned to Vette86
Vette86 collected $0.60 from pot
Vette86: doesn't show hand 
*** SUMMARY ***
Total pot $0.60 | Rake $0 
Board [Ah 2d 6h Kd]
Seat 1: Vette86 collected ($0.60)
Seat 2: colonel81 (button) folded before Flop (didn't bet)
Seat 4: cowboymonkey (small blind) folded before Flop
Seat 5: BaliSC (big blind) folded on the Turn
Seat 6: Kgrind folded before Flop (didn't bet)
Seat 7: Alameda22 folded before Flop (didn't bet)
Seat 8: Moxie 55 folded before Flop (didn't bet)



PokerStars Game #19951850985:  Hold'em No Limit ($0.10/$0.25) - 2008/08/27 - 22:05:56 (ET)
Table 'Ryba' 9-max Seat #4 is the button
Seat 1: Vette86 ($20.15 in chips) 
Seat 2: colonel81 ($25 in chips) 
Seat 4: cowboymonkey ($29.10 in chips) 
Seat 5: BaliSC ($33.75 in chips) 
Seat 6: Kgrind ($15.50 in chips) 
Seat 7: Alameda22 ($21.10 in chips) 
Seat 8: Moxie 55 ($28.90 in chips) 
BaliSC: posts small blind $0.10
Kgrind said, "i flopd a set of jacks so whatever you had it was rubbish"
Kgrind: posts big blind $0.25
*** HOLE CARDS ***
Dealt to Alameda22 [3d 6h]
Alameda22: folds 
Moxie 55: calls $0.25
Vette86: folds 
Moxie 55 said, "so i was right?"
colonel81: folds 
cowboymonkey: raises $1 to $1.25
BaliSC: folds 
Kgrind: folds 
Moxie 55: folds 
Uncalled bet ($1) returned to cowboymonkey
cowboymonkey collected $0.85 from pot
cowboymonkey: doesn't show hand 
*** SUMMARY ***
Total pot $0.85 | Rake $0 
Seat 1: Vette86 folded before Flop (didn't bet)
Seat 2: colonel81 folded before Flop (didn't bet)
Seat 4: cowboymonkey (button) collected ($0.85)
Seat 5: BaliSC (small blind) folded before Flop
Seat 6: Kgrind (big blind) folded before Flop
Seat 7: Alameda22 folded before Flop (didn't bet)
Seat 8: Moxie 55 folded before Flop



PokerStars Game #19951871953:  Hold'em No Limit ($0.10/$0.25) - 2008/08/27 - 22:06:51 (ET)
Table 'Ryba' 9-max Seat #5 is the button
Seat 1: Vette86 ($20.15 in chips) 
Seat 2: colonel81 ($25 in chips) 
Seat 4: cowboymonkey ($29.70 in chips) 
Seat 5: BaliSC ($33.65 in chips) 
Seat 6: Kgrind ($15.25 in chips) 
Seat 7: Alameda22 ($21.10 in chips) 
Seat 8: Moxie 55 ($28.65 in chips) 
Kgrind: posts small blind $0.10
Alameda22: posts big blind $0.25
*** HOLE CARDS ***
Dealt to Alameda22 [2d Kc]
Moxie 55: folds 
Vette86: folds 
colonel81: folds 
cowboymonkey: folds 
BaliSC: calls $0.25
Kgrind: raises $0.50 to $0.75
Alameda22: folds 
BaliSC: calls $0.50
*** FLOP *** [Kd 6s 2c]
rk444 joins the table at seat #9 
Kgrind: checks 
BaliSC: checks 
*** TURN *** [Kd 6s 2c] [6c]
Kgrind: bets $0.75
BaliSC: folds 
Uncalled bet ($0.75) returned to Kgrind
Kgrind collected $1.70 from pot
*** SUMMARY ***
Total pot $1.75 | Rake $0.05 
Board [Kd 6s 2c 6c]
Seat 1: Vette86 folded before Flop (didn't bet)
Seat 2: colonel81 folded before Flop (didn't bet)
Seat 4: cowboymonkey folded before Flop (didn't bet)
Seat 5: BaliSC (button) folded on the Turn
Seat 6: Kgrind (small blind) collected ($1.70)
Seat 7: Alameda22 (big blind) folded before Flop
Seat 8: Moxie 55 folded before Flop (didn't bet)



PokerStars Game #19951892377:  Hold'em No Limit ($0.10/$0.25) - 2008/08/27 - 22:07:45 (ET)
Table 'Ryba' 9-max Seat #6 is the button
Seat 1: Vette86 ($20.15 in chips) 
Seat 2: colonel81 ($25 in chips) 
Seat 4: cowboymonkey ($29.70 in chips) 
Seat 5: BaliSC ($32.90 in chips) 
Seat 6: Kgrind ($16.20 in chips) 
Seat 7: Alameda22 ($20.85 in chips) 
Seat 8: Moxie 55 ($28.65 in chips) 
Alameda22: posts small blind $0.10
Moxie 55: posts big blind $0.25
yjqian23 joins the table at seat #3 
rk444: sits out 
*** HOLE CARDS ***
Dealt to Alameda22 [6c 4s]
Vette86: folds 
colonel81: folds 
cowboymonkey: folds 
BaliSC: folds 
Kgrind: calls $0.25
Alameda22: folds 
Moxie 55: checks 
*** FLOP *** [6h 8s As]
Moxie 55: checks 
Kgrind: bets $0.50
Moxie 55: folds 
Uncalled bet ($0.50) returned to Kgrind
Kgrind collected $0.60 from pot
*** SUMMARY ***
Total pot $0.60 | Rake $0 
Board [6h 8s As]
Seat 1: Vette86 folded before Flop (didn't bet)
Seat 2: colonel81 folded before Flop (didn't bet)
Seat 4: cowboymonkey folded before Flop (didn't bet)
Seat 5: BaliSC folded before Flop (didn't bet)
Seat 6: Kgrind (button) collected ($0.60)
Seat 7: Alameda22 (small blind) folded before Flop
Seat 8: Moxie 55 (big blind) folded on the Flop



PokerStars Game #19951910713:  Hold'em No Limit ($0.10/$0.25) - 2008/08/27 - 22:08:34 (ET)
Table 'Ryba' 9-max Seat #7 is the button
Seat 1: Vette86 ($20.15 in chips) 
Seat 2: colonel81 ($25 in chips) 
Seat 4: cowboymonkey ($29.70 in chips) 
Seat 5: BaliSC ($32.90 in chips) 
Seat 6: Kgrind ($16.55 in chips) 
Seat 7: Alameda22 ($20.75 in chips) 
Seat 8: Moxie 55 ($28.40 in chips) 
Seat 9: rk444 ($25 in chips) 
Moxie 55: posts small blind $0.10
rk444: posts big blind $0.25
yjqian23: sits out 
*** HOLE CARDS ***
Dealt to Alameda22 [4h Ts]
Vette86: folds 
colonel81: folds 
cowboymonkey: raises $0.75 to $1
BaliSC: folds 
Kgrind: folds 
Alameda22: folds 
Moxie 55: calls $0.90
rk444: folds 
*** FLOP *** [Jc Td 9d]
Moxie 55: bets $1
cowboymonkey: folds 
Uncalled bet ($1) returned to Moxie 55
Moxie 55 collected $2.15 from pot
Moxie 55: doesn't show hand 
*** SUMMARY ***
Total pot $2.25 | Rake $0.10 
Board [Jc Td 9d]
Seat 1: Vette86 folded before Flop (didn't bet)
Seat 2: colonel81 folded before Flop (didn't bet)
Seat 4: cowboymonkey folded on the Flop
Seat 5: BaliSC folded before Flop (didn't bet)
Seat 6: Kgrind folded before Flop (didn't bet)
Seat 7: Alameda22 (button) folded before Flop (didn't bet)
Seat 8: Moxie 55 (small blind) collected ($2.15)
Seat 9: rk444 (big blind) folded before Flop



PokerStars Game #19951935986:  Hold'em No Limit ($0.10/$0.25) - 2008/08/27 - 22:09:40 (ET)
Table 'Ryba' 9-max Seat #8 is the button
Seat 1: Vette86 ($20.15 in chips) 
Seat 2: colonel81 ($25 in chips) 
Seat 4: cowboymonkey ($28.70 in chips) 
Seat 5: BaliSC ($32.90 in chips) 
Seat 6: Kgrind ($16.55 in chips) 
Seat 7: Alameda22 ($20.75 in chips) 
Seat 8: Moxie 55 ($29.55 in chips) 
Seat 9: rk444 ($24.75 in chips) 
rk444: posts small blind $0.10
Vette86: posts big blind $0.25
yjqian23: sits out 
*** HOLE CARDS ***
Dealt to Alameda22 [Td 7c]
colonel81: folds 
cowboymonkey: folds 
BaliSC: calls $0.25
Kgrind: folds 
Alameda22: folds 
Moxie 55: folds 
rk444: folds 
Vette86: checks 
*** FLOP *** [4s Th Kd]
Vette86: checks 
BaliSC: bets $1
Vette86: folds 
Uncalled bet ($1) returned to BaliSC
BaliSC collected $0.60 from pot
BaliSC: doesn't show hand 
*** SUMMARY ***
Total pot $0.60 | Rake $0 
Board [4s Th Kd]
Seat 1: Vette86 (big blind) folded on the Flop
Seat 2: colonel81 folded before Flop (didn't bet)
Seat 4: cowboymonkey folded before Flop (didn't bet)
Seat 5: BaliSC collected ($0.60)
Seat 6: Kgrind folded before Flop (didn't bet)
Seat 7: Alameda22 folded before Flop (didn't bet)
Seat 8: Moxie 55 (button) folded before Flop (didn't bet)
Seat 9: rk444 (small blind) folded before Flop



PokerStars Game #19951953017:  Hold'em No Limit ($0.10/$0.25) - 2008/08/27 - 22:10:26 (ET)
Table 'Ryba' 9-max Seat #9 is the button
Seat 1: Vette86 ($19.90 in chips) 
Seat 2: colonel81 ($25 in chips) 
Seat 4: cowboymonkey ($28.70 in chips) 
Seat 5: BaliSC ($33.25 in chips) 
Seat 6: Kgrind ($16.55 in chips) 
Seat 7: Alameda22 ($20.75 in chips) 
Seat 8: Moxie 55 ($29.55 in chips) 
Seat 9: rk444 ($24.65 in chips) 
Vette86: posts small blind $0.10
colonel81: posts big blind $0.25
yjqian23: sits out 
*** HOLE CARDS ***
Dealt to Alameda22 [Th 5c]
cowboymonkey: folds 
BaliSC: calls $0.25
Kgrind: folds 
Alameda22: folds 
Moxie 55: folds 
rk444: calls $0.25
Vette86: calls $0.15
colonel81: checks 
*** FLOP *** [Kc 2d 7d]
Vette86: bets $1
colonel81: folds 
BaliSC: folds 
rk444: folds 
Uncalled bet ($1) returned to Vette86
Vette86 collected $0.95 from pot
Vette86: doesn't show hand 
*** SUMMARY ***
Total pot $1 | Rake $0.05 
Board [Kc 2d 7d]
Seat 1: Vette86 (small blind) collected ($0.95)
Seat 2: colonel81 (big blind) folded on the Flop
Seat 4: cowboymonkey folded before Flop (didn't bet)
Seat 5: BaliSC folded on the Flop
Seat 6: Kgrind folded before Flop (didn't bet)
Seat 7: Alameda22 folded before Flop (didn't bet)
Seat 8: Moxie 55 folded before Flop (didn't bet)
Seat 9: rk444 (button) folded on the Flop



PokerStars Game #19951971583:  Hold'em No Limit ($0.10/$0.25) - 2008/08/27 - 22:11:15 (ET)
Table 'Ryba' 9-max Seat #1 is the button
Seat 1: Vette86 ($20.60 in chips) 
Seat 2: colonel81 ($24.75 in chips) 
Seat 3: yjqian23 ($25 in chips) 
Seat 4: cowboymonkey ($28.70 in chips) 
Seat 5: BaliSC ($33 in chips) 
Seat 6: Kgrind ($16.55 in chips) 
Seat 7: Alameda22 ($20.75 in chips) 
Seat 8: Moxie 55 ($29.55 in chips) 
Seat 9: rk444 ($24.40 in chips) 
colonel81: posts small blind $0.10
yjqian23: posts big blind $0.25
*** HOLE CARDS ***
Dealt to Alameda22 [Ks Jh]
cowboymonkey: folds 
BaliSC: calls $0.25
Kgrind: calls $0.25
Alameda22: folds 
Moxie 55: calls $0.25
rk444: calls $0.25
Vette86: calls $0.25
colonel81: folds 
yjqian23: checks 
*** FLOP *** [9c Kc 2c]
yjqian23: checks 
BaliSC: checks 
Kgrind said, "gross"
Kgrind: checks 
Moxie 55: checks 
rk444: checks 
Vette86: checks 
*** TURN *** [9c Kc 2c] [9h]
yjqian23: checks 
BaliSC: bets $2
Kgrind: folds 
Moxie 55: folds 
rk444: folds 
Vette86: folds 
yjqian23: folds 
Uncalled bet ($2) returned to BaliSC
BaliSC collected $1.55 from pot
BaliSC: doesn't show hand 
*** SUMMARY ***
Total pot $1.60 | Rake $0.05 
Board [9c Kc 2c 9h]
Seat 1: Vette86 (button) folded on the Turn
Seat 2: colonel81 (small blind) folded before Flop
Seat 3: yjqian23 (big blind) folded on the Turn
Seat 4: cowboymonkey folded before Flop (didn't bet)
Seat 5: BaliSC collected ($1.55)
Seat 6: Kgrind folded on the Turn
Seat 7: Alameda22 folded before Flop (didn't bet)
Seat 8: Moxie 55 folded on the Turn
Seat 9: rk444 folded on the Turn



PokerStars Game #19952015668:  Hold'em No Limit ($0.10/$0.25) - 2008/08/27 - 22:13:12 (ET)
Table 'Ryba' 9-max Seat #2 is the button
Seat 1: Vette86 ($20.35 in chips) 
Seat 2: colonel81 ($24.65 in chips) 
Seat 3: yjqian23 ($24.75 in chips) 
Seat 4: cowboymonkey ($28.70 in chips) 
Seat 5: BaliSC ($34.30 in chips) 
Seat 6: Kgrind ($16.30 in chips) 
Seat 7: Alameda22 ($20.75 in chips) 
Seat 8: Moxie 55 ($29.30 in chips) 
Seat 9: rk444 ($24.15 in chips) 
yjqian23: posts small blind $0.10
cowboymonkey: posts big blind $0.25
*** HOLE CARDS ***
Dealt to Alameda22 [2s Ts]
BaliSC: folds 
Kgrind said, "big skick no clubs"
Kgrind: raises $0.50 to $0.75
Alameda22: folds 
Moxie 55: folds 
rk444: folds 
Vette86: folds 
colonel81: folds 
yjqian23: folds 
cowboymonkey: folds 
Uncalled bet ($0.50) returned to Kgrind
Kgrind collected $0.60 from pot
*** SUMMARY ***
Total pot $0.60 | Rake $0 
Seat 1: Vette86 folded before Flop (didn't bet)
Seat 2: colonel81 (button) folded before Flop (didn't bet)
Seat 3: yjqian23 (small blind) folded before Flop
Seat 4: cowboymonkey (big blind) folded before Flop
Seat 5: BaliSC folded before Flop (didn't bet)
Seat 6: Kgrind collected ($0.60)
Seat 7: Alameda22 folded before Flop (didn't bet)
Seat 8: Moxie 55 folded before Flop (didn't bet)
Seat 9: rk444 folded before Flop (didn't bet)



PokerStars Game #19952032045:  Hold'em No Limit ($0.10/$0.25) - 2008/08/27 - 22:13:56 (ET)
Table 'Ryba' 9-max Seat #3 is the button
Seat 1: Vette86 ($20.35 in chips) 
Seat 2: colonel81 ($24.65 in chips) 
Seat 3: yjqian23 ($24.65 in chips) 
Seat 4: cowboymonkey ($28.45 in chips) 
Seat 5: BaliSC ($34.30 in chips) 
Seat 6: Kgrind ($16.65 in chips) 
Seat 7: Alameda22 ($20.75 in chips) 
Seat 8: Moxie 55 ($29.30 in chips) 
Seat 9: rk444 ($24.15 in chips) 
cowboymonkey: posts small blind $0.10
BaliSC: posts big blind $0.25
*** HOLE CARDS ***
Dealt to Alameda22 [4d 9h]
Kgrind: folds 
Alameda22: folds 
Moxie 55: folds 
rk444: folds 
Vette86: folds 
colonel81: raises $0.75 to $1
yjqian23: folds 
cowboymonkey: folds 
BaliSC: calls $0.75
*** FLOP *** [7h 4s Ac]
BaliSC: checks 
colonel81: bets $1.75
BaliSC: folds 
Uncalled bet ($1.75) returned to colonel81
colonel81 collected $2 from pot
*** SUMMARY ***
Total pot $2.10 | Rake $0.10 
Board [7h 4s Ac]
Seat 1: Vette86 folded before Flop (didn't bet)
Seat 2: colonel81 collected ($2)
Seat 3: yjqian23 (button) folded before Flop (didn't bet)
Seat 4: cowboymonkey (small blind) folded before Flop
Seat 5: BaliSC (big blind) folded on the Flop
Seat 6: Kgrind folded before Flop (didn't bet)
Seat 7: Alameda22 folded before Flop (didn't bet)
Seat 8: Moxie 55 folded before Flop (didn't bet)
Seat 9: rk444 folded before Flop (didn't bet)



PokerStars Game #19952068900:  Hold'em No Limit ($0.10/$0.25) - 2008/08/27 - 22:15:33 (ET)
Table 'Ryba' 9-max Seat #4 is the button
Seat 1: Vette86 ($20.35 in chips) 
Seat 2: colonel81 ($25.65 in chips) 
Seat 3: yjqian23 ($24.65 in chips) 
Seat 4: cowboymonkey ($28.35 in chips) 
Seat 5: BaliSC ($33.30 in chips) 
Seat 6: Kgrind ($16.65 in chips) 
Seat 7: Alameda22 ($20.75 in chips) 
Seat 8: Moxie 55 ($29.30 in chips) 
Seat 9: rk444 ($24.15 in chips) 
BaliSC: posts small blind $0.10
Kgrind: posts big blind $0.25
*** HOLE CARDS ***
Dealt to Alameda22 [7c Jd]
Alameda22: folds 
Moxie 55: folds 
rk444: calls $0.25
BaliSC said, "I didn;t have a club I had a 9"
Vette86: raises $0.50 to $0.75
colonel81: folds 
yjqian23: folds 
cowboymonkey: folds 
BaliSC: folds 
Kgrind: folds 
rk444: calls $0.50
*** FLOP *** [6h Th Qh]
rk444: bets $1
Vette86: calls $1
*** TURN *** [6h Th Qh] [4c]
rk444: checks 
Vette86: checks 
*** RIVER *** [6h Th Qh 4c] [6c]
Kgrind said, "n1"
rk444: checks 
Vette86: bets $1
rk444: calls $1
*** SHOW DOWN ***
Vette86: shows [Qc Ad] (two pair, Queens and Sixes)
rk444: mucks hand 
Vette86 collected $5.60 from pot
*** SUMMARY ***
Total pot $5.85 | Rake $0.25 
Board [6h Th Qh 4c 6c]
Seat 1: Vette86 showed [Qc Ad] and won ($5.60) with two pair, Queens and Sixes
Seat 2: colonel81 folded before Flop (didn't bet)
Seat 3: yjqian23 folded before Flop (didn't bet)
Seat 4: cowboymonkey (button) folded before Flop (didn't bet)
Seat 5: BaliSC (small blind) folded before Flop
Seat 6: Kgrind (big blind) folded before Flop
Seat 7: Alameda22 folded before Flop (didn't bet)
Seat 8: Moxie 55 folded before Flop (didn't bet)
Seat 9: rk444 mucked [Qs 9s]



PokerStars Game #19952098932:  Hold'em No Limit ($0.10/$0.25) - 2008/08/27 - 22:16:53 (ET)
Table 'Ryba' 9-max Seat #5 is the button
Seat 1: Vette86 ($23.20 in chips) 
Seat 2: colonel81 ($25.65 in chips) 
Seat 3: yjqian23 ($24.65 in chips) 
Seat 4: cowboymonkey ($28.35 in chips) 
Seat 5: BaliSC ($33.20 in chips) 
Seat 6: Kgrind ($16.40 in chips) 
Seat 7: Alameda22 ($20.75 in chips) 
Seat 8: Moxie 55 ($29.30 in chips) 
Seat 9: rk444 ($21.40 in chips) 
Kgrind: posts small blind $0.10
Alameda22: posts big blind $0.25
*** HOLE CARDS ***
Dealt to Alameda22 [9c Kc]
Moxie 55: folds 
rk444: calls $0.25
Vette86: folds 
colonel81: folds 
yjqian23: folds 
cowboymonkey: folds 
BaliSC: folds 
Kgrind: calls $0.15
Alameda22: checks 
*** FLOP *** [Jd 5s Ad]
Kgrind: checks 
Alameda22: checks 
rk444: bets $0.25
Kgrind: folds 
Alameda22: folds 
Uncalled bet ($0.25) returned to rk444
rk444 collected $0.75 from pot
rk444: doesn't show hand 
*** SUMMARY ***
Total pot $0.75 | Rake $0 
Board [Jd 5s Ad]
Seat 1: Vette86 folded before Flop (didn't bet)
Seat 2: colonel81 folded before Flop (didn't bet)
Seat 3: yjqian23 folded before Flop (didn't bet)
Seat 4: cowboymonkey folded before Flop (didn't bet)
Seat 5: BaliSC (button) folded before Flop (didn't bet)
Seat 6: Kgrind (small blind) folded on the Flop
Seat 7: Alameda22 (big blind) folded on the Flop
Seat 8: Moxie 55 folded before Flop (didn't bet)
Seat 9: rk444 collected ($0.75)



PokerStars Game #19952138278:  Hold'em No Limit ($0.10/$0.25) - 2008/08/27 - 22:18:37 (ET)
Table 'Ryba' 9-max Seat #6 is the button
Seat 1: Vette86 ($23.20 in chips) 
Seat 2: colonel81 ($25.65 in chips) 
Seat 3: yjqian23 ($24.65 in chips) 
Seat 4: cowboymonkey ($28.35 in chips) 
Seat 5: BaliSC ($33.20 in chips) 
Seat 6: Kgrind ($16.15 in chips) 
Seat 7: Alameda22 ($20.50 in chips) 
Seat 8: Moxie 55 ($29.30 in chips) 
Seat 9: rk444 ($21.90 in chips) 
Alameda22: posts small blind $0.10
Moxie 55: posts big blind $0.25
*** HOLE CARDS ***
Dealt to Alameda22 [Qs Jd]
rk444: folds 
Vette86: folds 
colonel81: folds 
yjqian23: folds 
cowboymonkey: folds 
BaliSC: calls $0.25
Kgrind: folds 
Alameda22: folds 
Moxie 55: checks 
*** FLOP *** [Jc 2h 2c]
Moxie 55: checks 
BaliSC: bets $1.25
Moxie 55: folds 
Uncalled bet ($1.25) returned to BaliSC
BaliSC collected $0.60 from pot
BaliSC: doesn't show hand 
*** SUMMARY ***
Total pot $0.60 | Rake $0 
Board [Jc 2h 2c]
Seat 1: Vette86 folded before Flop (didn't bet)
Seat 2: colonel81 folded before Flop (didn't bet)
Seat 3: yjqian23 folded before Flop (didn't bet)
Seat 4: cowboymonkey folded before Flop (didn't bet)
Seat 5: BaliSC collected ($0.60)
Seat 6: Kgrind (button) folded before Flop (didn't bet)
Seat 7: Alameda22 (small blind) folded before Flop
Seat 8: Moxie 55 (big blind) folded on the Flop
Seat 9: rk444 folded before Flop (didn't bet)



PokerStars Game #19952159924:  Hold'em No Limit ($0.10/$0.25) - 2008/08/27 - 22:19:34 (ET)
Table 'Ryba' 9-max Seat #7 is the button
Seat 1: Vette86 ($23.20 in chips) 
Seat 2: colonel81 ($25.65 in chips) 
Seat 3: yjqian23 ($24.65 in chips) 
Seat 4: cowboymonkey ($28.35 in chips) 
Seat 5: BaliSC ($33.55 in chips) 
Seat 6: Kgrind ($16.15 in chips) 
Seat 7: Alameda22 ($20.40 in chips) 
Seat 8: Moxie 55 ($29.05 in chips) 
Seat 9: rk444 ($21.90 in chips) 
Moxie 55: posts small blind $0.10
rk444: posts big blind $0.25
*** HOLE CARDS ***
Dealt to Alameda22 [7d 9h]
Vette86: calls $0.25
colonel81: folds 
yjqian23: folds 
cowboymonkey: folds 
BaliSC: calls $0.25
Kgrind: folds 
Alameda22: folds 
Moxie 55: calls $0.15
rk444: checks 
*** FLOP *** [6d Tc 3c]
Moxie 55: checks 
rk444: checks 
Vette86: bets $0.50
BaliSC: raises $0.50 to $1
Moxie 55: folds 
rk444: folds 
Vette86: calls $0.50
*** TURN *** [6d Tc 3c] [7s]
Vette86: checks 
BaliSC: checks 
*** RIVER *** [6d Tc 3c 7s] [Ks]
Vette86: bets $1.50
BaliSC: folds 
Uncalled bet ($1.50) returned to Vette86
Vette86 collected $2.90 from pot
Vette86: doesn't show hand 
*** SUMMARY ***
Total pot $3 | Rake $0.10 
Board [6d Tc 3c 7s Ks]
Seat 1: Vette86 collected ($2.90)
Seat 2: colonel81 folded before Flop (didn't bet)
Seat 3: yjqian23 folded before Flop (didn't bet)
Seat 4: cowboymonkey folded before Flop (didn't bet)
Seat 5: BaliSC folded on the River
Seat 6: Kgrind folded before Flop (didn't bet)
Seat 7: Alameda22 (button) folded before Flop (didn't bet)
Seat 8: Moxie 55 (small blind) folded on the Flop
Seat 9: rk444 (big blind) folded on the Flop



PokerStars Game #19952198126:  Hold'em No Limit ($0.10/$0.25) - 2008/08/27 - 22:21:15 (ET)
Table 'Ryba' 9-max Seat #8 is the button
Seat 1: Vette86 ($24.85 in chips) 
Seat 2: colonel81 ($25.65 in chips) 
Seat 3: yjqian23 ($24.65 in chips) 
Seat 4: cowboymonkey ($28.35 in chips) 
Seat 5: BaliSC ($32.30 in chips) 
Seat 6: Kgrind ($16.15 in chips) 
Seat 7: Alameda22 ($20.40 in chips) 
Seat 8: Moxie 55 ($28.80 in chips) 
Seat 9: rk444 ($21.65 in chips) 
rk444: posts small blind $0.10
Vette86: posts big blind $0.25
*** HOLE CARDS ***
Dealt to Alameda22 [7s 2c]
colonel81: folds 
yjqian23: folds 
cowboymonkey: raises $0.75 to $1
BaliSC: folds 
Kgrind: folds 
Alameda22: folds 
Moxie 55: folds 
rk444: calls $0.90
Vette86: raises $3 to $4
cowboymonkey: calls $3
rk444: calls $3
*** FLOP *** [Qc Th Ac]
rk444: checks 
Vette86: bets $6.50
cowboymonkey: calls $6.50
rk444: calls $6.50
*** TURN *** [Qc Th Ac] [Js]
rk444: checks 
Vette86: checks 
cowboymonkey: bets $17.85 and is all-in
rk444: calls $11.15 and is all-in
Vette86: folds 
Uncalled bet ($6.70) returned to cowboymonkey
*** RIVER *** [Qc Th Ac Js] [2d]
*** SHOW DOWN ***
rk444: shows [Jh Kh] (a straight, Ten to Ace)
cowboymonkey: shows [Kd Ad] (a straight, Ten to Ace)
Moxie 55 said, "wow"
rk444 collected $25.60 from pot
cowboymonkey collected $25.60 from pot
*** SUMMARY ***
Total pot $53.80 | Rake $2.60 
Board [Qc Th Ac Js 2d]
Seat 1: Vette86 (big blind) folded on the Turn
Seat 2: colonel81 folded before Flop (didn't bet)
Seat 3: yjqian23 folded before Flop (didn't bet)
Seat 4: cowboymonkey showed [Kd Ad] and won ($25.60) with a straight, Ten to Ace
Seat 5: BaliSC folded before Flop (didn't bet)
Seat 6: Kgrind folded before Flop (didn't bet)
Seat 7: Alameda22 folded before Flop (didn't bet)
Seat 8: Moxie 55 (button) folded before Flop (didn't bet)
Seat 9: rk444 (small blind) showed [Jh Kh] and won ($25.60) with a straight, Ten to Ace



PokerStars Game #19952248083:  Hold'em No Limit ($0.10/$0.25) - 2008/08/27 - 22:23:27 (ET)
Table 'Ryba' 9-max Seat #9 is the button
Seat 1: Vette86 ($14.35 in chips) 
Seat 2: colonel81 ($25.65 in chips) 
Seat 3: yjqian23 ($24.65 in chips) 
Seat 4: cowboymonkey ($32.30 in chips) 
Seat 5: BaliSC ($32.30 in chips) 
Seat 6: Kgrind ($16.15 in chips) 
Seat 7: Alameda22 ($20.40 in chips) 
Seat 8: Moxie 55 ($28.80 in chips) 
Seat 9: rk444 ($25.60 in chips) 
Vette86: posts small blind $0.10
colonel81: posts big blind $0.25
*** HOLE CARDS ***
Dealt to Alameda22 [4h Ah]
Moxie 55 said, "what a rake"
yjqian23: folds 
cowboymonkey: folds 
BaliSC: calls $0.25
Kgrind: raises $0.50 to $0.75
Alameda22: folds 
Moxie 55: folds 
rk444: folds 
Vette86: folds 
colonel81: folds 
BaliSC: calls $0.50
*** FLOP *** [5h 4c Kh]
Kgrind said, "how much did stars claim? i missed that pot"
BaliSC: bets $1.50
Kgrind: raises $2.50 to $4
BaliSC: calls $2.50
*** TURN *** [5h 4c Kh] [7h]
BaliSC: checks 
Kgrind: checks 
*** RIVER *** [5h 4c Kh 7h] [Jd]
BaliSC: checks 
Kgrind: checks 
*** SHOW DOWN ***
BaliSC: shows [9s Qh] (high card King)
Kgrind: shows [Ad Kd] (a pair of Kings)
Kgrind collected $9.40 from pot
*** SUMMARY ***
Total pot $9.85 | Rake $0.45 
Board [5h 4c Kh 7h Jd]
Seat 1: Vette86 (small blind) folded before Flop
Seat 2: colonel81 (big blind) folded before Flop
Seat 3: yjqian23 folded before Flop (didn't bet)
Seat 4: cowboymonkey folded before Flop (didn't bet)
Seat 5: BaliSC showed [9s Qh] and lost with high card King
Seat 6: Kgrind showed [Ad Kd] and won ($9.40) with a pair of Kings
Seat 7: Alameda22 folded before Flop (didn't bet)
Seat 8: Moxie 55 folded before Flop (didn't bet)
Seat 9: rk444 (button) folded before Flop (didn't bet)



PokerStars Game #19952277626:  Hold'em No Limit ($0.10/$0.25) - 2008/08/27 - 22:24:45 (ET)
Table 'Ryba' 9-max Seat #1 is the button
Seat 1: Vette86 ($14.25 in chips) 
Seat 2: colonel81 ($25.40 in chips) 
Seat 4: cowboymonkey ($32.30 in chips) 
Seat 5: BaliSC ($27.55 in chips) 
Seat 6: Kgrind ($20.80 in chips) 
Seat 7: Alameda22 ($20.40 in chips) 
Seat 8: Moxie 55 ($28.80 in chips) 
Seat 9: rk444 ($25.60 in chips) 
colonel81: posts small blind $0.10
yjqian23: is sitting out 
yjqian23 leaves the table
cowboymonkey: posts big blind $0.25
*** HOLE CARDS ***
Dealt to Alameda22 [5h 3s]
BaliSC: folds 
Kgrind said, "wow NT bali"
Kgrind: folds 
mobtheman joins the table at seat #3 
Alameda22: folds 
Moxie 55: folds 
rk444: folds 
Vette86: calls $0.25
colonel81: folds 
cowboymonkey: checks 
*** FLOP *** [6c Js Qs]
Kgrind said, "9Qo and you call 3x and then raise me and call?"
cowboymonkey: checks 
Vette86: bets $0.25
cowboymonkey: calls $0.25
*** TURN *** [6c Js Qs] [3h]
cowboymonkey: checks 
Vette86: bets $0.25
cowboymonkey: raises $0.75 to $1
Vette86: calls $0.75
*** RIVER *** [6c Js Qs 3h] [Td]
cowboymonkey: bets $1.25
Vette86: raises $1.75 to $3
cowboymonkey: calls $1.75
*** SHOW DOWN ***
Vette86: shows [8s 9s] (a straight, Eight to Queen)
cowboymonkey: mucks hand 
Vette86 collected $8.70 from pot
*** SUMMARY ***
Total pot $9.10 | Rake $0.40 
Board [6c Js Qs 3h Td]
Seat 1: Vette86 (button) showed [8s 9s] and won ($8.70) with a straight, Eight to Queen
Seat 2: colonel81 (small blind) folded before Flop
Seat 4: cowboymonkey (big blind) mucked [Jc Ks]
Seat 5: BaliSC folded before Flop (didn't bet)
Seat 6: Kgrind folded before Flop (didn't bet)
Seat 7: Alameda22 folded before Flop (didn't bet)
Seat 8: Moxie 55 folded before Flop (didn't bet)
Seat 9: rk444 folded before Flop (didn't bet)



PokerStars Game #19952314778:  Hold'em No Limit ($0.10/$0.25) - 2008/08/27 - 22:26:22 (ET)
Table 'Ryba' 9-max Seat #2 is the button
Seat 1: Vette86 ($18.45 in chips) 
Seat 2: colonel81 ($25.30 in chips) 
Seat 4: cowboymonkey ($27.80 in chips) 
Seat 5: BaliSC ($27.55 in chips) 
Seat 6: Kgrind ($20.80 in chips) 
Seat 7: Alameda22 ($20.40 in chips) 
Seat 8: Moxie 55 ($28.80 in chips) 
Seat 9: rk444 ($25.60 in chips) 
mobtheman will be allowed to play after the button
cowboymonkey: posts small blind $0.10
BaliSC: posts big blind $0.25
*** HOLE CARDS ***
Dealt to Alameda22 [2h 3c]
Kgrind: folds 
Alameda22: folds 
Moxie 55: raises $0.50 to $0.75
rk444: folds 
Vette86: folds 
colonel81: folds 
cowboymonkey: folds 
BaliSC: raises $0.50 to $1.25
Moxie 55: calls $0.50
*** FLOP *** [8h 8d Qs]
BaliSC: bets $4
Moxie 55: calls $4
*** TURN *** [8h 8d Qs] [Ad]
BaliSC: bets $5.75
Moxie 55: calls $5.75
*** RIVER *** [8h 8d Qs Ad] [Jh]
BaliSC: checks 
Moxie 55: bets $8.50
Kgrind said, "lmao"
BaliSC: calls $8.50
*** SHOW DOWN ***
Moxie 55: shows [Ah 8s] (a full house, Eights full of Aces)
Kgrind said, "hes going to fold"
BaliSC: mucks hand 
Moxie 55 collected $37.20 from pot
Kgrind said, "ahahahhahahaha"
Moxie 55 said, "nope"
*** SUMMARY ***
Total pot $39.10 | Rake $1.90 
Board [8h 8d Qs Ad Jh]
Seat 1: Vette86 folded before Flop (didn't bet)
Seat 2: colonel81 (button) folded before Flop (didn't bet)
Seat 4: cowboymonkey (small blind) folded before Flop
Seat 5: BaliSC (big blind) mucked [Qc Ac]
Seat 6: Kgrind folded before Flop (didn't bet)
Seat 7: Alameda22 folded before Flop (didn't bet)
Seat 8: Moxie 55 showed [Ah 8s] and won ($37.20) with a full house, Eights full of Aces
Seat 9: rk444 folded before Flop (didn't bet)



PokerStars Game #19952357700:  Hold'em No Limit ($0.10/$0.25) - 2008/08/27 - 22:28:16 (ET)
Table 'Ryba' 9-max Seat #4 is the button
Seat 1: Vette86 ($18.45 in chips) 
Seat 2: colonel81 ($25.30 in chips) 
Seat 4: cowboymonkey ($27.70 in chips) 
Seat 5: BaliSC ($8.05 in chips) 
Seat 6: Kgrind ($20.80 in chips) 
Seat 7: Alameda22 ($20.40 in chips) 
Seat 8: Moxie 55 ($46.50 in chips) 
Seat 9: rk444 ($25.60 in chips) 
BaliSC: posts small blind $0.10
Moxie 55 said, "just lose"
Kgrind said, "the NUTZ"
Kgrind: posts big blind $0.25
Kgrind said, "n1"
mobtheman: sits out 
*** HOLE CARDS ***
Dealt to Alameda22 [7h 5c]
Alameda22: folds 
Moxie 55 said, "ty"
Moxie 55: folds 
rk444: folds 
Vette86: folds 
colonel81: folds 
cowboymonkey: folds 
BaliSC: calls $0.15
Kgrind: checks 
*** FLOP *** [As Qc 5d]
BaliSC: checks 
Kgrind: checks 
*** TURN *** [As Qc 5d] [Jc]
BaliSC: checks 
Kgrind: checks 
*** RIVER *** [As Qc 5d Jc] [6d]
BaliSC: checks 
Kgrind: checks 
*** SHOW DOWN ***
BaliSC: shows [Td 6s] (a pair of Sixes)
Kgrind: mucks hand 
BaliSC collected $0.50 from pot
*** SUMMARY ***
Total pot $0.50 | Rake $0 
Board [As Qc 5d Jc 6d]
Seat 1: Vette86 folded before Flop (didn't bet)
Seat 2: colonel81 folded before Flop (didn't bet)
Seat 4: cowboymonkey (button) folded before Flop (didn't bet)
Seat 5: BaliSC (small blind) showed [Td 6s] and won ($0.50) with a pair of Sixes
Seat 6: Kgrind (big blind) mucked [2c Tc]
Seat 7: Alameda22 folded before Flop (didn't bet)
Seat 8: Moxie 55 folded before Flop (didn't bet)
Seat 9: rk444 folded before Flop (didn't bet)



PokerStars Game #19952386613:  Hold'em No Limit ($0.10/$0.25) - 2008/08/27 - 22:29:30 (ET)
Table 'Ryba' 9-max Seat #5 is the button
Seat 1: Vette86 ($18.45 in chips) 
Seat 2: colonel81 ($25.30 in chips) 
Seat 4: cowboymonkey ($27.70 in chips) 
Seat 5: BaliSC ($8.30 in chips) 
Seat 6: Kgrind ($20.55 in chips) 
Seat 7: Alameda22 ($20.40 in chips) 
Seat 8: Moxie 55 ($46.50 in chips) 
Seat 9: rk444 ($25.60 in chips) 
Kgrind: posts small blind $0.10
Alameda22: posts big blind $0.25
mobtheman: sits out 
*** HOLE CARDS ***
Dealt to Alameda22 [9d 6h]
Moxie 55: raises $0.50 to $0.75
rk444: folds 
Vette86: folds 
colonel81 has timed out
colonel81: folds 
colonel81 is sitting out
cowboymonkey: folds 
BaliSC: folds 
Kgrind: folds 
Alameda22: folds 
Uncalled bet ($0.50) returned to Moxie 55
colonel81 has returned
Moxie 55 collected $0.60 from pot
*** SUMMARY ***
Total pot $0.60 | Rake $0 
Seat 1: Vette86 folded before Flop (didn't bet)
Seat 2: colonel81 folded before Flop (didn't bet)
Seat 4: cowboymonkey folded before Flop (didn't bet)
Seat 5: BaliSC (button) folded before Flop (didn't bet)
Seat 6: Kgrind (small blind) folded before Flop
Seat 7: Alameda22 (big blind) folded before Flop
Seat 8: Moxie 55 collected ($0.60)
Seat 9: rk444 folded before Flop (didn't bet)



PokerStars Game #19952411172:  Hold'em No Limit ($0.10/$0.25) - 2008/08/27 - 22:30:34 (ET)
Table 'Ryba' 9-max Seat #6 is the button
Seat 1: Vette86 ($18.45 in chips) 
Seat 2: colonel81 ($25.30 in chips) 
Seat 4: cowboymonkey ($27.70 in chips) 
Seat 5: BaliSC ($8.30 in chips) 
Seat 6: Kgrind ($20.45 in chips) 
Seat 7: Alameda22 ($20.15 in chips) 
Seat 8: Moxie 55 ($46.85 in chips) 
Seat 9: rk444 ($25.60 in chips) 
Alameda22: posts small blind $0.10
Moxie 55: posts big blind $0.25
mobtheman: sits out 
*** HOLE CARDS ***
Dealt to Alameda22 [Qs 9s]
rk444: calls $0.25
Vette86: raises $0.75 to $1
colonel81 has timed out
colonel81: folds 
colonel81 is sitting out
cowboymonkey: folds 
BaliSC: folds 
Kgrind: raises $2.25 to $3.25
Alameda22: folds 
Moxie 55: folds 
rk444: folds 
colonel81 has returned
Vette86: raises $15.20 to $18.45 and is all-in
Kgrind said, "ok so im layind down KK i hate you"
Kgrind said, "poker stars is so set up"
Kgrind: folds 
Uncalled bet ($15.20) returned to Vette86
BaliSC said, "why"
Vette86 collected $7.10 from pot
Vette86: doesn't show hand 
*** SUMMARY ***
Total pot $7.10 | Rake $0 
Seat 1: Vette86 collected ($7.10)
Seat 2: colonel81 folded before Flop (didn't bet)
Seat 4: cowboymonkey folded before Flop (didn't bet)
Seat 5: BaliSC folded before Flop (didn't bet)
Seat 6: Kgrind (button) folded before Flop
Seat 7: Alameda22 (small blind) folded before Flop
Seat 8: Moxie 55 (big blind) folded before Flop
Seat 9: rk444 folded before Flop



PokerStars Game #19952462949:  Hold'em No Limit ($0.10/$0.25) - 2008/08/27 - 22:32:41 (ET)
Table 'Ryba' 9-max Seat #7 is the button
Seat 1: Vette86 ($22.30 in chips) 
Seat 2: colonel81 ($25.30 in chips) 
Seat 4: cowboymonkey ($27.70 in chips) 
Seat 5: BaliSC ($8.30 in chips) 
Seat 6: Kgrind ($17.20 in chips) 
Seat 7: Alameda22 ($20.05 in chips) 
Seat 8: Moxie 55 ($46.60 in chips) 
Seat 9: rk444 ($25.35 in chips) 
Moxie 55: posts small blind $0.10
rk444: posts big blind $0.25
mobtheman: sits out 
*** HOLE CARDS ***
Dealt to Alameda22 [6s Ah]
Vette86 said, "I dont believe you"
Kgrind said, "onv has AA"
Vette86: folds 
colonel81: folds 
cowboymonkey: folds 
BaliSC: raises $0.25 to $0.50
Kgrind said, "why would i raise 12x.....to see if you held AA and you did"
Kgrind: calls $0.50
Alameda22: folds 
Moxie 55: calls $0.40
rk444: folds 
*** FLOP *** [2s 4h 3d]
Moxie 55: checks 
BaliSC: checks 
Kgrind: checks 
*** TURN *** [2s 4h 3d] [Jd]
Moxie 55: checks 
BaliSC: checks 
Kgrind: bets $1.50
Moxie 55: folds 
BaliSC: folds 
Uncalled bet ($1.50) returned to Kgrind
Kgrind collected $1.70 from pot
*** SUMMARY ***
Total pot $1.75 | Rake $0.05 
Board [2s 4h 3d Jd]
Seat 1: Vette86 folded before Flop (didn't bet)
Seat 2: colonel81 folded before Flop (didn't bet)
Seat 4: cowboymonkey folded before Flop (didn't bet)
Seat 5: BaliSC folded on the Turn
Seat 6: Kgrind collected ($1.70)
Seat 7: Alameda22 (button) folded before Flop (didn't bet)
Seat 8: Moxie 55 (small blind) folded on the Turn
Seat 9: rk444 (big blind) folded before Flop



PokerStars Game #19952494319:  Hold'em No Limit ($0.10/$0.25) - 2008/08/27 - 22:33:57 (ET)
Table 'Ryba' 9-max Seat #8 is the button
Seat 1: Vette86 ($22.30 in chips) 
Seat 2: colonel81 ($25.30 in chips) 
Seat 4: cowboymonkey ($27.70 in chips) 
Seat 5: BaliSC ($7.80 in chips) 
Seat 6: Kgrind ($18.40 in chips) 
Seat 7: Alameda22 ($20.05 in chips) 
Seat 8: Moxie 55 ($46.10 in chips) 
Seat 9: rk444 ($25.10 in chips) 
rk444: posts small blind $0.10
Vette86: posts big blind $0.25
mobtheman: sits out 
*** HOLE CARDS ***
Dealt to Alameda22 [2h Js]
colonel81: folds 
cowboymonkey: folds 
BaliSC: folds 
Kgrind: folds 
Alameda22: folds 
Moxie 55: folds 
rk444: folds 
Uncalled bet ($0.15) returned to Vette86
Vette86 collected $0.20 from pot
Vette86: doesn't show hand 
*** SUMMARY ***
Total pot $0.20 | Rake $0 
Seat 1: Vette86 (big blind) collected ($0.20)
Seat 2: colonel81 folded before Flop (didn't bet)
Seat 4: cowboymonkey folded before Flop (didn't bet)
Seat 5: BaliSC folded before Flop (didn't bet)
Seat 6: Kgrind folded before Flop (didn't bet)
Seat 7: Alameda22 folded before Flop (didn't bet)
Seat 8: Moxie 55 (button) folded before Flop (didn't bet)
Seat 9: rk444 (small blind) folded before Flop



PokerStars Game #19952507461:  Hold'em No Limit ($0.10/$0.25) - 2008/08/27 - 22:34:30 (ET)
Table 'Ryba' 9-max Seat #9 is the button
Seat 1: Vette86 ($22.40 in chips) 
Seat 2: colonel81 ($25.30 in chips) 
Seat 4: cowboymonkey ($27.70 in chips) 
Seat 5: BaliSC ($7.80 in chips) 
Seat 6: Kgrind ($18.40 in chips) 
Seat 7: Alameda22 ($20.05 in chips) 
Seat 8: Moxie 55 ($46.10 in chips) 
Seat 9: rk444 ($25 in chips) 
Vette86: posts small blind $0.10
colonel81: posts big blind $0.25
mobtheman: sits out 
*** HOLE CARDS ***
Dealt to Alameda22 [4d 8c]
cowboymonkey: folds 
BaliSC: calls $0.25
Kgrind: folds 
Alameda22: folds 
Moxie 55: folds 
rk444: calls $0.25
Vette86: calls $0.15
colonel81: checks 
*** FLOP *** [8d Ks Ad]
Vette86: checks 
colonel81: checks 
BaliSC: checks 
rk444: checks 
*** TURN *** [8d Ks Ad] [7c]
Vette86: checks 
colonel81: checks 
BaliSC: checks 
Kgrind said, "theres no way im calling an obvious bingo hand with kk vs aa i might as well have ducks"
rk444: checks 
*** RIVER *** [8d Ks Ad 7c] [Jc]
Vette86: bets $0.25
colonel81: folds 
BaliSC: folds 
rk444: calls $0.25
*** SHOW DOWN ***
Vette86: shows [9s 8h] (a pair of Eights)
rk444: shows [Qh Js] (a pair of Jacks)
rk444 collected $1.45 from pot
*** SUMMARY ***
Total pot $1.50 | Rake $0.05 
Board [8d Ks Ad 7c Jc]
Seat 1: Vette86 (small blind) showed [9s 8h] and lost with a pair of Eights
Seat 2: colonel81 (big blind) folded on the River
Seat 4: cowboymonkey folded before Flop (didn't bet)
Seat 5: BaliSC folded on the River
Seat 6: Kgrind folded before Flop (didn't bet)
Seat 7: Alameda22 folded before Flop (didn't bet)
Seat 8: Moxie 55 folded before Flop (didn't bet)
Seat 9: rk444 (button) showed [Qh Js] and won ($1.45) with a pair of Jacks



PokerStars Game #19952543881:  Hold'em No Limit ($0.10/$0.25) - 2008/08/27 - 22:36:02 (ET)
Table 'Ryba' 9-max Seat #1 is the button
Seat 1: Vette86 ($21.90 in chips) 
Seat 2: colonel81 ($25.05 in chips) 
Seat 3: mobtheman ($25 in chips) 
Seat 4: cowboymonkey ($27.70 in chips) 
Seat 5: BaliSC ($7.55 in chips) 
Seat 6: Kgrind ($18.40 in chips) 
Seat 7: Alameda22 ($20.05 in chips) 
Seat 8: Moxie 55 ($46.10 in chips) 
Seat 9: rk444 ($25.95 in chips) 
colonel81: posts small blind $0.10
mobtheman: posts big blind $0.25
*** HOLE CARDS ***
Dealt to Alameda22 [6d 2c]
cowboymonkey: folds 
BaliSC: calls $0.25
Kgrind: folds 
Alameda22: folds 
Moxie 55: folds 
rk444: folds 
Vette86: folds 
colonel81: folds 
mobtheman: checks 
*** FLOP *** [7h 3d 7c]
mobtheman: checks 
BaliSC: bets $0.25
mobtheman: folds 
Uncalled bet ($0.25) returned to BaliSC
BaliSC collected $0.60 from pot
rk444 said, "I never heard the term ducks before.... I like it"
*** SUMMARY ***
Total pot $0.60 | Rake $0 
Board [7h 3d 7c]
Seat 1: Vette86 (button) folded before Flop (didn't bet)
Seat 2: colonel81 (small blind) folded before Flop
Seat 3: mobtheman (big blind) folded on the Flop
Seat 4: cowboymonkey folded before Flop (didn't bet)
Seat 5: BaliSC collected ($0.60)
Seat 6: Kgrind folded before Flop (didn't bet)
Seat 7: Alameda22 folded before Flop (didn't bet)
Seat 8: Moxie 55 folded before Flop (didn't bet)
Seat 9: rk444 folded before Flop (didn't bet)



PokerStars Game #19952561670:  Hold'em No Limit ($0.10/$0.25) - 2008/08/27 - 22:36:45 (ET)
Table 'Ryba' 9-max Seat #2 is the button
Seat 1: Vette86 ($21.90 in chips) 
Seat 2: colonel81 ($24.95 in chips) 
Seat 3: mobtheman ($24.75 in chips) 
Seat 4: cowboymonkey ($27.70 in chips) 
Seat 5: BaliSC ($7.90 in chips) 
Seat 6: Kgrind ($18.40 in chips) 
Seat 7: Alameda22 ($20.05 in chips) 
Seat 8: Moxie 55 ($46.10 in chips) 
Seat 9: rk444 ($25.95 in chips) 
mobtheman is disconnected 
rk444 said, "I assume it means rags"
mobtheman is connected 
Moxie 55 said, "22"
mobtheman: posts small blind $0.10
cowboymonkey: posts big blind $0.25
*** HOLE CARDS ***
Dealt to Alameda22 [8c 7h]
BaliSC: folds 
Kgrind: folds 
Alameda22: folds 
Moxie 55: folds 
Kgrind said, "22"
rk444: calls $0.25
Vette86: folds 
colonel81: folds 
mobtheman: folds 
cowboymonkey: checks 
*** FLOP *** [3h Qh Ah]
cowboymonkey: checks 
rk444: checks 
*** TURN *** [3h Qh Ah] [9s]
cowboymonkey: checks 
rk444: checks 
*** RIVER *** [3h Qh Ah 9s] [9h]
cowboymonkey: checks 
rk444: checks 
*** SHOW DOWN ***
cowboymonkey: shows [6s Kc] (a pair of Nines)
rk444: shows [Ks Td] (a pair of Nines)
cowboymonkey collected $0.30 from pot
rk444 collected $0.30 from pot
*** SUMMARY ***
Total pot $0.60 | Rake $0 
Board [3h Qh Ah 9s 9h]
Seat 1: Vette86 folded before Flop (didn't bet)
Seat 2: colonel81 (button) folded before Flop (didn't bet)
Seat 3: mobtheman (small blind) folded before Flop
Seat 4: cowboymonkey (big blind) showed [6s Kc] and won ($0.30) with a pair of Nines
Seat 5: BaliSC folded before Flop (didn't bet)
Seat 6: Kgrind folded before Flop (didn't bet)
Seat 7: Alameda22 folded before Flop (didn't bet)
Seat 8: Moxie 55 folded before Flop (didn't bet)
Seat 9: rk444 showed [Ks Td] and won ($0.30) with a pair of Nines



PokerStars Game #19952593655:  Hold'em No Limit ($0.10/$0.25) - 2008/08/27 - 22:38:04 (ET)
Table 'Ryba' 9-max Seat #3 is the button
Seat 1: Vette86 ($21.90 in chips) 
Seat 2: colonel81 ($24.95 in chips) 
Seat 3: mobtheman ($24.65 in chips) 
Seat 4: cowboymonkey ($27.75 in chips) 
Seat 5: BaliSC ($7.90 in chips) 
Seat 6: Kgrind ($18.40 in chips) 
Seat 7: Alameda22 ($20.05 in chips) 
Seat 8: Moxie 55 ($46.10 in chips) 
Seat 9: rk444 ($26 in chips) 
cowboymonkey: posts small blind $0.10
BaliSC: posts big blind $0.25
*** HOLE CARDS ***
Dealt to Alameda22 [3c Qc]
Kgrind: folds 
rk444 said, "Ahh now I get it, they look like ducks :)"
Alameda22: folds 
Moxie 55: calls $0.25
rk444: folds 
Vette86: folds 
Kgrind said, "lol *pets ya head"
colonel81: raises $1 to $1.25
mobtheman: calls $1.25
cowboymonkey: folds 
BaliSC: folds 
Moxie 55: folds 
*** FLOP *** [Jd Ac Td]
colonel81: bets $2.50
mobtheman: folds 
Uncalled bet ($2.50) returned to colonel81
rk444 said, "Now I'm going to be thinking about cards look like animals"
colonel81 collected $2.95 from pot
*** SUMMARY ***
Total pot $3.10 | Rake $0.15 
Board [Jd Ac Td]
Seat 1: Vette86 folded before Flop (didn't bet)
Seat 2: colonel81 collected ($2.95)
Seat 3: mobtheman (button) folded on the Flop
Seat 4: cowboymonkey (small blind) folded before Flop
Seat 5: BaliSC (big blind) folded before Flop
Seat 6: Kgrind folded before Flop (didn't bet)
Seat 7: Alameda22 folded before Flop (didn't bet)
Seat 8: Moxie 55 folded before Flop
Seat 9: rk444 folded before Flop (didn't bet)



PokerStars Game #19952619281:  Hold'em No Limit ($0.10/$0.25) - 2008/08/27 - 22:39:09 (ET)
Table 'Ryba' 9-max Seat #4 is the button
Seat 1: Vette86 ($21.90 in chips) 
Seat 2: colonel81 ($26.65 in chips) 
Seat 3: mobtheman ($23.40 in chips) 
Seat 4: cowboymonkey ($27.65 in chips) 
Seat 5: BaliSC ($7.65 in chips) 
Seat 6: Kgrind ($18.40 in chips) 
Seat 7: Alameda22 ($20.05 in chips) 
Seat 8: Moxie 55 ($45.85 in chips) 
Seat 9: rk444 ($26 in chips) 
BaliSC: posts small blind $0.10
Kgrind: posts big blind $0.25
*** HOLE CARDS ***
Dealt to Alameda22 [6s 8c]
Alameda22: folds 
Kgrind said, "start with snowmen or two fat ladies"
Moxie 55: calls $0.25
rk444: folds 
Vette86: folds 
colonel81: folds 
mobtheman: folds 
cowboymonkey: calls $0.25
BaliSC: folds 
Kgrind: checks 
*** FLOP *** [8s 9h Ts]
Kgrind: bets $1
Moxie 55: raises $1.75 to $2.75
cowboymonkey: folds 
Kgrind: calls $1.75
*** TURN *** [8s 9h Ts] [3s]
Kgrind: checks 
Moxie 55: bets $2.75
Kgrind said, "moxie"
Kgrind said, "im ten st"
Kgrind said, "you have jq or spades"
Kgrind said, "wil you show one time?"
Moxie 55 said, "or both"
Kgrind said, "if i fold"
Moxie 55 said, "if u call"
Moxie 55 said, "ill check the river"
Kgrind said, "lmao moxie:("
Moxie 55 said, "lol"
Kgrind: folds 
Uncalled bet ($2.75) returned to Moxie 55
Moxie 55 collected $6.05 from pot
Moxie 55: doesn't show hand 
*** SUMMARY ***
Total pot $6.35 | Rake $0.30 
Board [8s 9h Ts 3s]
Seat 1: Vette86 folded before Flop (didn't bet)
Seat 2: colonel81 folded before Flop (didn't bet)
Seat 3: mobtheman folded before Flop (didn't bet)
Seat 4: cowboymonkey (button) folded on the Flop
Seat 5: BaliSC (small blind) folded before Flop
Seat 6: Kgrind (big blind) folded on the Turn
Seat 7: Alameda22 folded before Flop (didn't bet)
Seat 8: Moxie 55 collected ($6.05)
Seat 9: rk444 folded before Flop (didn't bet)



PokerStars Game #19952666179:  Hold'em No Limit ($0.10/$0.25) - 2008/08/27 - 22:41:04 (ET)
Table 'Ryba' 9-max Seat #5 is the button
Seat 1: Vette86 ($21.90 in chips) 
Seat 2: colonel81 ($26.65 in chips) 
Seat 3: mobtheman ($25 in chips) 
Seat 4: cowboymonkey ($27.40 in chips) 
Seat 5: BaliSC ($7.55 in chips) 
Seat 6: Kgrind ($15.40 in chips) 
Seat 7: Alameda22 ($20.05 in chips) 
Seat 8: Moxie 55 ($48.90 in chips) 
Seat 9: rk444 ($26 in chips) 
Kgrind said, "how rude"
Moxie 55 said, "heheh"
Kgrind said, "*stomps foot"
Kgrind: posts small blind $0.10
Alameda22: posts big blind $0.25
*** HOLE CARDS ***
Dealt to Alameda22 [4d Qc]
Moxie 55: calls $0.25
rk444: folds 
Vette86: folds 
Kgrind said, "you were jack high i could feel it"
Kgrind said, "st"
colonel81 has timed out
colonel81: folds 
colonel81 is sitting out
colonel81 has returned
mobtheman: folds 
cowboymonkey: folds 
BaliSC: folds 
Kgrind: folds 
Alameda22: checks 
*** FLOP *** [4c 9d As]
Alameda22: checks 
Moxie 55: checks 
*** TURN *** [4c 9d As] [3h]
Alameda22: checks 
Moxie 55: checks 
*** RIVER *** [4c 9d As 3h] [2s]
Alameda22: checks 
Moxie 55 said, "j of spades"
Moxie 55: checks 
*** SHOW DOWN ***
Alameda22: shows [4d Qc] (a pair of Fours)
Moxie 55: mucks hand 
Alameda22 collected $0.60 from pot
*** SUMMARY ***
Total pot $0.60 | Rake $0 
Board [4c 9d As 3h 2s]
Seat 1: Vette86 folded before Flop (didn't bet)
Seat 2: colonel81 folded before Flop (didn't bet)
Seat 3: mobtheman folded before Flop (didn't bet)
Seat 4: cowboymonkey folded before Flop (didn't bet)
Seat 5: BaliSC (button) folded before Flop (didn't bet)
Seat 6: Kgrind (small blind) folded before Flop
Seat 7: Alameda22 (big blind) showed [4d Qc] and won ($0.60) with a pair of Fours
Seat 8: Moxie 55 mucked [Qd Js]
Seat 9: rk444 folded before Flop (didn't bet)



PokerStars Game #19952705527:  Hold'em No Limit ($0.10/$0.25) - 2008/08/27 - 22:42:41 (ET)
Table 'Ryba' 9-max Seat #6 is the button
Seat 1: Vette86 ($21.90 in chips) 
Seat 2: colonel81 ($26.65 in chips) 
Seat 3: mobtheman ($25 in chips) 
Seat 4: cowboymonkey ($27.40 in chips) 
Seat 5: BaliSC ($7.55 in chips) 
Seat 6: Kgrind ($15.30 in chips) 
Seat 7: Alameda22 ($20.40 in chips) 
Seat 8: Moxie 55 ($48.65 in chips) 
Seat 9: rk444 ($26 in chips) 
Alameda22: posts small blind $0.10
Moxie 55: posts big blind $0.25
*** HOLE CARDS ***
Dealt to Alameda22 [4d Qs]
Kgrind said, "g2g2wrk gl all $1 from everyone to the person that busts bali.......<><"
rk444: calls $0.25
Vette86: calls $0.25
Kgrind said, "><>"
Moxie 55 said, "lol"
colonel81: folds 
Moxie 55 said, "cya!"
mobtheman: raises $1 to $1.25
cowboymonkey: folds 
BaliSC: folds 
Kgrind: folds 
Kgrind leaves the table
Alameda22: folds 
Moxie 55: folds 
rk444: calls $1
patorojas86 joins the table at seat #6 
Vette86: raises $2.75 to $4
mobtheman: raises $21 to $25 and is all-in
rk444: folds 
rk444 is sitting out
Vette86: calls $17.90 and is all-in
Uncalled bet ($3.10) returned to mobtheman
*** FLOP *** [Td 9c 3s]
*** TURN *** [Td 9c 3s] [Js]
*** RIVER *** [Td 9c 3s Js] [2c]
*** SHOW DOWN ***
Vette86: shows [Qd Qc] (a pair of Queens)
mobtheman: shows [As Ad] (a pair of Aces)
mobtheman collected $43.15 from pot
*** SUMMARY ***
Total pot $45.40 | Rake $2.25 
Board [Td 9c 3s Js 2c]
Seat 1: Vette86 showed [Qd Qc] and lost with a pair of Queens
Seat 2: colonel81 folded before Flop (didn't bet)
Seat 3: mobtheman showed [As Ad] and won ($43.15) with a pair of Aces
Seat 4: cowboymonkey folded before Flop (didn't bet)
Seat 5: BaliSC folded before Flop (didn't bet)
Seat 6: Kgrind (button) folded before Flop (didn't bet)
Seat 7: Alameda22 (small blind) folded before Flop
Seat 8: Moxie 55 (big blind) folded before Flop
Seat 9: rk444 folded before Flop



PokerStars Game #19952738693:  Hold'em No Limit ($0.10/$0.25) - 2008/08/27 - 22:44:05 (ET)
Table 'Ryba' 9-max Seat #7 is the button
Seat 2: colonel81 ($26.65 in chips) 
Seat 3: mobtheman ($46.25 in chips) 
Seat 4: cowboymonkey ($27.40 in chips) 
Seat 5: BaliSC ($7.55 in chips) 
Seat 7: Alameda22 ($20.30 in chips) 
Seat 8: Moxie 55 ($48.40 in chips) 
Moxie 55: posts small blind $0.10
colonel81: posts big blind $0.25
patorojas86: sits out 
*** HOLE CARDS ***
Dealt to Alameda22 [3h 2c]
mobtheman: folds 
cowboymonkey: raises $0.75 to $1
BaliSC: folds 
Vette86 leaves the table
rk444 leaves the table
Alameda22: folds 
Moxie 55: folds 
Olvi36 joins the table at seat #1 
colonel81: folds 
Uncalled bet ($0.75) returned to cowboymonkey
cowboymonkey collected $0.60 from pot
cowboymonkey: doesn't show hand 
*** SUMMARY ***
Total pot $0.60 | Rake $0 
Seat 2: colonel81 (big blind) folded before Flop
Seat 3: mobtheman folded before Flop (didn't bet)
Seat 4: cowboymonkey collected ($0.60)
Seat 5: BaliSC folded before Flop (didn't bet)
Seat 7: Alameda22 (button) folded before Flop (didn't bet)
Seat 8: Moxie 55 (small blind) folded before Flop



PokerStars Game #19952755576:  Hold'em No Limit ($0.10/$0.25) - 2008/08/27 - 22:44:46 (ET)
Table 'Ryba' 9-max Seat #8 is the button
Seat 2: colonel81 ($26.40 in chips) 
Seat 3: mobtheman ($46.25 in chips) 
Seat 4: cowboymonkey ($27.75 in chips) 
Seat 5: BaliSC ($7.55 in chips) 
Seat 7: Alameda22 ($20.30 in chips) 
Seat 8: Moxie 55 ($48.30 in chips) 
Olvi36 will be allowed to play after the button
colonel81: posts small blind $0.10
mobtheman: posts big blind $0.25
patorojas86: sits out 
*** HOLE CARDS ***
Dealt to Alameda22 [6d 4s]
cowboymonkey: folds 
BaliSC: folds 
Alameda22: folds 
Moxie 55: calls $0.25
colonel81: calls $0.15
mobtheman: checks 
*** FLOP *** [3h 9d Ts]
colonel81: checks 
mobtheman: bets $0.50
Moxie 55: folds 
elefantphace joins the table at seat #9 
Olvi36 is sitting out
colonel81: folds 
Uncalled bet ($0.50) returned to mobtheman
mobtheman collected $0.75 from pot
*** SUMMARY ***
Total pot $0.75 | Rake $0 
Board [3h 9d Ts]
Seat 2: colonel81 (small blind) folded on the Flop
Seat 3: mobtheman (big blind) collected ($0.75)
Seat 4: cowboymonkey folded before Flop (didn't bet)
Seat 5: BaliSC folded before Flop (didn't bet)
Seat 7: Alameda22 folded before Flop (didn't bet)
Seat 8: Moxie 55 (button) folded on the Flop



PokerStars Game #19952775525:  Hold'em No Limit ($0.10/$0.25) - 2008/08/27 - 22:45:36 (ET)
Table 'Ryba' 9-max Seat #2 is the button
Seat 2: colonel81 ($26.15 in chips) 
Seat 3: mobtheman ($46.75 in chips) 
Seat 4: cowboymonkey ($27.75 in chips) 
Seat 5: BaliSC ($7.55 in chips) 
Seat 7: Alameda22 ($20.30 in chips) 
Seat 8: Moxie 55 ($48.05 in chips) 
Seat 9: elefantphace ($15 in chips) 
mobtheman is disconnected 
mobtheman is connected 
mobtheman: posts small blind $0.10
cowboymonkey: posts big blind $0.25
patorojas86: sits out 
elefantphace: posts big blind $0.25
*** HOLE CARDS ***
Dealt to Alameda22 [4h 7d]
BaliSC: folds 
Alameda22: folds 
Moxie 55: folds 
BaliSC leaves the table
wezvidzz joins the table at seat #5 
elefantphace: checks 
colonel81: folds 
Olvi36 has returned
mobtheman: raises $0.75 to $1
cowboymonkey: folds 
elefantphace: folds 
Uncalled bet ($0.75) returned to mobtheman
mobtheman collected $0.75 from pot
*** SUMMARY ***
Total pot $0.75 | Rake $0 
Seat 2: colonel81 (button) folded before Flop (didn't bet)
Seat 3: mobtheman (small blind) collected ($0.75)
Seat 4: cowboymonkey (big blind) folded before Flop
Seat 5: BaliSC folded before Flop (didn't bet)
Seat 7: Alameda22 folded before Flop (didn't bet)
Seat 8: Moxie 55 folded before Flop (didn't bet)
Seat 9: elefantphace folded before Flop



PokerStars Game #19952810177:  Hold'em No Limit ($0.10/$0.25) - 2008/08/27 - 22:47:02 (ET)
Table 'Ryba' 9-max Seat #3 is the button
Seat 2: colonel81 ($26.15 in chips) 
Seat 3: mobtheman ($47.25 in chips) 
Seat 4: cowboymonkey ($27.50 in chips) 
Seat 5: wezvidzz ($12 in chips) 
Seat 7: Alameda22 ($20.30 in chips) 
Seat 8: Moxie 55 ($48.05 in chips) 
Seat 9: elefantphace ($14.75 in chips) 
cowboymonkey: posts small blind $0.10
wezvidzz: posts big blind $0.25
patorojas86: sits out 
Olvi36: sits out 
*** HOLE CARDS ***
Dealt to Alameda22 [2h 6d]
Alameda22: folds 
Moxie 55: calls $0.25
elefantphace: folds 
colonel81: folds 
mobtheman: folds 
cowboymonkey: raises $1.10 to $1.35
wezvidzz: folds 
Moxie 55: folds 
Uncalled bet ($1.10) returned to cowboymonkey
cowboymonkey collected $0.75 from pot
cowboymonkey: doesn't show hand 
*** SUMMARY ***
Total pot $0.75 | Rake $0 
Seat 2: colonel81 folded before Flop (didn't bet)
Seat 3: mobtheman (button) folded before Flop (didn't bet)
Seat 4: cowboymonkey (small blind) collected ($0.75)
Seat 5: wezvidzz (big blind) folded before Flop
Seat 7: Alameda22 folded before Flop (didn't bet)
Seat 8: Moxie 55 folded before Flop
Seat 9: elefantphace folded before Flop (didn't bet)



PokerStars Game #19952830235:  Hold'em No Limit ($0.10/$0.25) - 2008/08/27 - 22:47:52 (ET)
Table 'Ryba' 9-max Seat #4 is the button
Seat 2: colonel81 ($26.15 in chips) 
Seat 3: mobtheman ($47.25 in chips) 
Seat 4: cowboymonkey ($28 in chips) 
Seat 5: wezvidzz ($11.75 in chips) 
Seat 6: patorojas86 ($25 in chips) 
Seat 7: Alameda22 ($20.30 in chips) 
Seat 8: Moxie 55 ($47.80 in chips) 
Seat 9: elefantphace ($14.75 in chips) 
wezvidzz: posts small blind $0.10
patorojas86: posts big blind $0.25
Olvi36: sits out 
*** HOLE CARDS ***
Dealt to Alameda22 [8h Jc]
Alameda22: folds 
Moxie 55: calls $0.25
elefantphace: folds 
colonel81: folds 
mobtheman: folds 
cowboymonkey: folds 
wezvidzz: folds 
patorojas86: checks 
*** FLOP *** [9c 6s 2h]
patorojas86: checks 
Moxie 55: bets $0.25
patorojas86: folds 
Uncalled bet ($0.25) returned to Moxie 55
Moxie 55 collected $0.60 from pot
*** SUMMARY ***
Total pot $0.60 | Rake $0 
Board [9c 6s 2h]
Seat 2: colonel81 folded before Flop (didn't bet)
Seat 3: mobtheman folded before Flop (didn't bet)
Seat 4: cowboymonkey (button) folded before Flop (didn't bet)
Seat 5: wezvidzz (small blind) folded before Flop
Seat 6: patorojas86 (big blind) folded on the Flop
Seat 7: Alameda22 folded before Flop (didn't bet)
Seat 8: Moxie 55 collected ($0.60)
Seat 9: elefantphace folded before Flop (didn't bet)



PokerStars Game #19952850935:  Hold'em No Limit ($0.10/$0.25) - 2008/08/27 - 22:48:44 (ET)
Table 'Ryba' 9-max Seat #5 is the button
Seat 2: colonel81 ($26.15 in chips) 
Seat 3: mobtheman ($47.25 in chips) 
Seat 4: cowboymonkey ($28 in chips) 
Seat 5: wezvidzz ($11.65 in chips) 
Seat 6: patorojas86 ($24.75 in chips) 
Seat 7: Alameda22 ($20.30 in chips) 
Seat 8: Moxie 55 ($48.15 in chips) 
Seat 9: elefantphace ($14.75 in chips) 
patorojas86: posts small blind $0.10
Alameda22: posts big blind $0.25
Olvi36: sits out 
*** HOLE CARDS ***
Dealt to Alameda22 [9h Ac]
Moxie 55: folds 
elefantphace: folds 
colonel81: folds 
mobtheman: folds 
cowboymonkey: folds 
wezvidzz: raises $0.50 to $0.75
patorojas86: folds 
Alameda22: folds 
Uncalled bet ($0.50) returned to wezvidzz
wezvidzz collected $0.60 from pot
wezvidzz: doesn't show hand 
*** SUMMARY ***
Total pot $0.60 | Rake $0 
Seat 2: colonel81 folded before Flop (didn't bet)
Seat 3: mobtheman folded before Flop (didn't bet)
Seat 4: cowboymonkey folded before Flop (didn't bet)
Seat 5: wezvidzz (button) collected ($0.60)
Seat 6: patorojas86 (small blind) folded before Flop
Seat 7: Alameda22 (big blind) folded before Flop
Seat 8: Moxie 55 folded before Flop (didn't bet)
Seat 9: elefantphace folded before Flop (didn't bet)



PokerStars Game #19952866509:  Hold'em No Limit ($0.10/$0.25) - 2008/08/27 - 22:49:22 (ET)
Table 'Ryba' 9-max Seat #6 is the button
Seat 2: colonel81 ($26.15 in chips) 
Seat 3: mobtheman ($47.25 in chips) 
Seat 4: cowboymonkey ($28 in chips) 
Seat 5: wezvidzz ($12 in chips) 
Seat 6: patorojas86 ($24.65 in chips) 
Seat 7: Alameda22 ($20.05 in chips) 
Seat 8: Moxie 55 ($48.15 in chips) 
Seat 9: elefantphace ($14.75 in chips) 
Alameda22: posts small blind $0.10
Moxie 55: posts big blind $0.25
Olvi36: sits out 
*** HOLE CARDS ***
Dealt to Alameda22 [Kd 5h]
elefantphace: calls $0.25
colonel81: folds 
mobtheman: folds 
cowboymonkey: calls $0.25
wezvidzz: folds 
patorojas86: folds 
Alameda22: folds 
Moxie 55: checks 
*** FLOP *** [2c 8d Td]
colonel81 leaves the table
Moxie 55: checks 
elefantphace: checks 
cowboymonkey: checks 
*** TURN *** [2c 8d Td] [Jh]
Moxie 55: checks 
yogeesun joins the table at seat #2 
elefantphace: checks 
cowboymonkey: bets $0.75
Moxie 55: folds 
elefantphace: folds 
Uncalled bet ($0.75) returned to cowboymonkey
cowboymonkey collected $0.85 from pot
cowboymonkey: doesn't show hand 
*** SUMMARY ***
Total pot $0.85 | Rake $0 
Board [2c 8d Td Jh]
Seat 2: colonel81 folded before Flop (didn't bet)
Seat 3: mobtheman folded before Flop (didn't bet)
Seat 4: cowboymonkey collected ($0.85)
Seat 5: wezvidzz folded before Flop (didn't bet)
Seat 6: patorojas86 (button) folded before Flop (didn't bet)
Seat 7: Alameda22 (small blind) folded before Flop
Seat 8: Moxie 55 (big blind) folded on the Turn
Seat 9: elefantphace folded on the Turn



PokerStars Game #19952891509:  Hold'em No Limit ($0.10/$0.25) - 2008/08/27 - 22:50:25 (ET)
Table 'Ryba' 9-max Seat #7 is the button
Seat 3: mobtheman ($47.25 in chips) 
Seat 4: cowboymonkey ($28.60 in chips) 
Seat 5: wezvidzz ($12 in chips) 
Seat 6: patorojas86 ($24.65 in chips) 
Seat 7: Alameda22 ($19.95 in chips) 
Seat 8: Moxie 55 ($47.90 in chips) 
Seat 9: elefantphace ($14.50 in chips) 
Moxie 55: posts small blind $0.10
elefantphace: posts big blind $0.25
Olvi36: sits out 
yogeesun: is sitting out 
*** HOLE CARDS ***
Dealt to Alameda22 [Ks 8h]
mobtheman: folds 
cowboymonkey: folds 
wezvidzz: raises $0.50 to $0.75
patorojas86: folds 
Alameda22: folds 
Moxie 55: folds 
elefantphace: folds 
Uncalled bet ($0.50) returned to wezvidzz
wezvidzz collected $0.60 from pot
wezvidzz: doesn't show hand 
*** SUMMARY ***
Total pot $0.60 | Rake $0 
Seat 3: mobtheman folded before Flop (didn't bet)
Seat 4: cowboymonkey folded before Flop (didn't bet)
Seat 5: wezvidzz collected ($0.60)
Seat 6: patorojas86 folded before Flop (didn't bet)
Seat 7: Alameda22 (button) folded before Flop (didn't bet)
Seat 8: Moxie 55 (small blind) folded before Flop
Seat 9: elefantphace (big blind) folded before Flop



PokerStars Game #19952909432:  Hold'em No Limit ($0.10/$0.25) - 2008/08/27 - 22:51:09 (ET)
Table 'Ryba' 9-max Seat #8 is the button
Seat 1: Olvi36 ($25 in chips) 
Seat 3: mobtheman ($47.25 in chips) 
Seat 4: cowboymonkey ($28.60 in chips) 
Seat 5: wezvidzz ($12.35 in chips) 
Seat 6: patorojas86 ($24.65 in chips) 
Seat 7: Alameda22 ($19.95 in chips) 
Seat 8: Moxie 55 ($47.80 in chips) 
Seat 9: elefantphace ($14.25 in chips) 
elefantphace: posts small blind $0.10
Olvi36: posts big blind $0.25
*** HOLE CARDS ***
Dealt to Alameda22 [7s 8d]
mobtheman: folds 
cowboymonkey: folds 
wezvidzz: folds 
patorojas86: calls $0.25
Alameda22: folds 
Moxie 55: raises $0.50 to $0.75
elefantphace: folds 
Olvi36: folds 
patorojas86: calls $0.50
*** FLOP *** [Jh Ac 8c]
patorojas86: checks 
Moxie 55: checks 
*** TURN *** [Jh Ac 8c] [Qc]
patorojas86: checks 
Moxie 55: bets $1
patorojas86: calls $1
*** RIVER *** [Jh Ac 8c Qc] [Qh]
patorojas86: checks 
Moxie 55: bets $2.25
patorojas86: calls $2.25
*** SHOW DOWN ***
Moxie 55: shows [Qd Jd] (a full house, Queens full of Jacks)
patorojas86: mucks hand 
Moxie 55 collected $7.95 from pot
*** SUMMARY ***
Total pot $8.35 | Rake $0.40 
Board [Jh Ac 8c Qc Qh]
Seat 1: Olvi36 (big blind) folded before Flop
Seat 3: mobtheman folded before Flop (didn't bet)
Seat 4: cowboymonkey folded before Flop (didn't bet)
Seat 5: wezvidzz folded before Flop (didn't bet)
Seat 6: patorojas86 mucked [Td Jc]
Seat 7: Alameda22 folded before Flop (didn't bet)
Seat 8: Moxie 55 (button) showed [Qd Jd] and won ($7.95) with a full house, Queens full of Jacks
Seat 9: elefantphace (small blind) folded before Flop



PokerStars Game #19952937903:  Hold'em No Limit ($0.10/$0.25) - 2008/08/27 - 22:52:20 (ET)
Table 'Ryba' 9-max Seat #9 is the button
Seat 1: Olvi36 ($24.75 in chips) 
Seat 3: mobtheman ($47.25 in chips) 
Seat 4: cowboymonkey ($28.60 in chips) 
Seat 5: wezvidzz ($12.35 in chips) 
Seat 6: patorojas86 ($20.65 in chips) 
Seat 7: Alameda22 ($19.95 in chips) 
Seat 8: Moxie 55 ($51.75 in chips) 
Seat 9: elefantphace ($14.15 in chips) 
Olvi36: posts small blind $0.10
mobtheman: posts big blind $0.25
*** HOLE CARDS ***
Dealt to Alameda22 [Kh Ts]
yogeesun has returned
cowboymonkey: folds 
wezvidzz: folds 
patorojas86: folds 
Alameda22: folds 
Moxie 55: folds 
elefantphace: folds 
Olvi36: folds 
Uncalled bet ($0.15) returned to mobtheman
mobtheman collected $0.20 from pot
*** SUMMARY ***
Total pot $0.20 | Rake $0 
Seat 1: Olvi36 (small blind) folded before Flop
Seat 3: mobtheman (big blind) collected ($0.20)
Seat 4: cowboymonkey folded before Flop (didn't bet)
Seat 5: wezvidzz folded before Flop (didn't bet)
Seat 6: patorojas86 folded before Flop (didn't bet)
Seat 7: Alameda22 folded before Flop (didn't bet)
Seat 8: Moxie 55 folded before Flop (didn't bet)
Seat 9: elefantphace (button) folded before Flop (didn't bet)



PokerStars Game #19952950509:  Hold'em No Limit ($0.10/$0.25) - 2008/08/27 - 22:52:52 (ET)
Table 'Ryba' 9-max Seat #1 is the button
Seat 1: Olvi36 ($24.65 in chips) 
Seat 3: mobtheman ($47.35 in chips) 
Seat 4: cowboymonkey ($28.60 in chips) 
Seat 5: wezvidzz ($12.35 in chips) 
Seat 6: patorojas86 ($20.65 in chips) 
Seat 7: Alameda22 ($19.95 in chips) 
Seat 8: Moxie 55 ($51.75 in chips) 
Seat 9: elefantphace ($14.15 in chips) 
yogeesun will be allowed to play after the button
mobtheman: posts small blind $0.10
cowboymonkey: posts big blind $0.25
*** HOLE CARDS ***
Dealt to Alameda22 [4c 2d]
wezvidzz: folds 
patorojas86: calls $0.25
wezvidzz leaves the table
Alameda22: folds 
Moxie 55: calls $0.25
elefantphace: folds 
Olvi36: calls $0.25
mobtheman: calls $0.15
SnapUr$Roll joins the table at seat #5 
cowboymonkey: raises $1.90 to $2.15
patorojas86: folds 
Moxie 55: folds 
Olvi36: folds 
mobtheman: folds 
Uncalled bet ($1.90) returned to cowboymonkey
cowboymonkey collected $1.25 from pot
cowboymonkey: doesn't show hand 
*** SUMMARY ***
Total pot $1.25 | Rake $0 
Seat 1: Olvi36 (button) folded before Flop
Seat 3: mobtheman (small blind) folded before Flop
Seat 4: cowboymonkey (big blind) collected ($1.25)
Seat 5: wezvidzz folded before Flop (didn't bet)
Seat 6: patorojas86 folded before Flop
Seat 7: Alameda22 folded before Flop (didn't bet)
Seat 8: Moxie 55 folded before Flop
Seat 9: elefantphace folded before Flop (didn't bet)



PokerStars Game #19952976872:  Hold'em No Limit ($0.10/$0.25) - 2008/08/27 - 22:53:58 (ET)
Table 'Ryba' 9-max Seat #3 is the button
Seat 1: Olvi36 ($24.40 in chips) 
Seat 2: yogeesun ($25 in chips) 
Seat 3: mobtheman ($47.10 in chips) 
Seat 4: cowboymonkey ($29.60 in chips) 
Seat 5: SnapUr$Roll ($11 in chips) 
Seat 6: patorojas86 ($25 in chips) 
Seat 7: Alameda22 ($19.95 in chips) 
Seat 8: Moxie 55 ($51.50 in chips) 
Seat 9: elefantphace ($14.15 in chips) 
cowboymonkey: posts small blind $0.10
SnapUr$Roll: posts big blind $0.25
yogeesun: posts big blind $0.25
*** HOLE CARDS ***
Dealt to Alameda22 [9d Ah]
patorojas86: folds 
Alameda22: folds 
Moxie 55: calls $0.25
elefantphace: calls $0.25
Olvi36: folds 
yogeesun: checks 
mobtheman: folds 
cowboymonkey: folds 
SnapUr$Roll: checks 
*** FLOP *** [8s 6h 4h]
SnapUr$Roll: bets $0.50
Moxie 55: folds 
elefantphace: folds 
yogeesun: folds 
Uncalled bet ($0.50) returned to SnapUr$Roll
SnapUr$Roll collected $1.05 from pot
*** SUMMARY ***
Total pot $1.10 | Rake $0.05 
Board [8s 6h 4h]
Seat 1: Olvi36 folded before Flop (didn't bet)
Seat 2: yogeesun folded on the Flop
Seat 3: mobtheman (button) folded before Flop (didn't bet)
Seat 4: cowboymonkey (small blind) folded before Flop
Seat 5: SnapUr$Roll (big blind) collected ($1.05)
Seat 6: patorojas86 folded before Flop (didn't bet)
Seat 7: Alameda22 folded before Flop (didn't bet)
Seat 8: Moxie 55 folded on the Flop
Seat 9: elefantphace folded on the Flop



PokerStars Game #19953004162:  Hold'em No Limit ($0.10/$0.25) - 2008/08/27 - 22:55:08 (ET)
Table 'Ryba' 9-max Seat #4 is the button
Seat 1: Olvi36 ($24.40 in chips) 
Seat 2: yogeesun ($24.75 in chips) 
Seat 3: mobtheman ($47.10 in chips) 
Seat 4: cowboymonkey ($29.50 in chips) 
Seat 5: SnapUr$Roll ($11.80 in chips) 
Seat 6: patorojas86 ($25 in chips) 
Seat 7: Alameda22 ($19.95 in chips) 
Seat 8: Moxie 55 ($51.25 in chips) 
Seat 9: elefantphace ($13.90 in chips) 
SnapUr$Roll: posts small blind $0.10
patorojas86: posts big blind $0.25
*** HOLE CARDS ***
Dealt to Alameda22 [3d Td]
Alameda22: folds 
Moxie 55: folds 
elefantphace: folds 
Olvi36: folds 
yogeesun: folds 
mobtheman: folds 
cowboymonkey: folds 
SnapUr$Roll: folds 
Uncalled bet ($0.15) returned to patorojas86
patorojas86 collected $0.20 from pot
patorojas86: doesn't show hand 
*** SUMMARY ***
Total pot $0.20 | Rake $0 
Seat 1: Olvi36 folded before Flop (didn't bet)
Seat 2: yogeesun folded before Flop (didn't bet)
Seat 3: mobtheman folded before Flop (didn't bet)
Seat 4: cowboymonkey (button) folded before Flop (didn't bet)
Seat 5: SnapUr$Roll (small blind) folded before Flop
Seat 6: patorojas86 (big blind) collected ($0.20)
Seat 7: Alameda22 folded before Flop (didn't bet)
Seat 8: Moxie 55 folded before Flop (didn't bet)
Seat 9: elefantphace folded before Flop (didn't bet)



PokerStars Game #19953019668:  Hold'em No Limit ($0.10/$0.25) - 2008/08/27 - 22:55:48 (ET)
Table 'Ryba' 9-max Seat #5 is the button
Seat 1: Olvi36 ($24.40 in chips) 
Seat 2: yogeesun ($24.75 in chips) 
Seat 3: mobtheman ($47.10 in chips) 
Seat 4: cowboymonkey ($29.50 in chips) 
Seat 5: SnapUr$Roll ($11.70 in chips) 
Seat 6: patorojas86 ($25.10 in chips) 
Seat 7: Alameda22 ($19.95 in chips) 
Seat 8: Moxie 55 ($51.25 in chips) 
Seat 9: elefantphace ($13.90 in chips) 
patorojas86: posts small blind $0.10
Alameda22: posts big blind $0.25
*** HOLE CARDS ***
Dealt to Alameda22 [2c Ac]
Moxie 55: folds 
elefantphace: folds 
Olvi36: folds 
yogeesun: folds 
mobtheman: folds 
cowboymonkey: raises $0.75 to $1
SnapUr$Roll: calls $1
patorojas86: folds 
Alameda22: folds 
*** FLOP *** [5d Qh 8c]
cowboymonkey: checks 
SnapUr$Roll: bets $0.75
cowboymonkey: calls $0.75
*** TURN *** [5d Qh 8c] [Qs]
cowboymonkey: checks 
SnapUr$Roll: bets $1.25
cowboymonkey: folds 
Uncalled bet ($1.25) returned to SnapUr$Roll
SnapUr$Roll collected $3.70 from pot
SnapUr$Roll: doesn't show hand 
*** SUMMARY ***
Total pot $3.85 | Rake $0.15 
Board [5d Qh 8c Qs]
Seat 1: Olvi36 folded before Flop (didn't bet)
Seat 2: yogeesun folded before Flop (didn't bet)
Seat 3: mobtheman folded before Flop (didn't bet)
Seat 4: cowboymonkey folded on the Turn
Seat 5: SnapUr$Roll (button) collected ($3.70)
Seat 6: patorojas86 (small blind) folded before Flop
Seat 7: Alameda22 (big blind) folded before Flop
Seat 8: Moxie 55 folded before Flop (didn't bet)
Seat 9: elefantphace folded before Flop (didn't bet)



PokerStars Game #19953040388:  Hold'em No Limit ($0.10/$0.25) - 2008/08/27 - 22:56:41 (ET)
Table 'Ryba' 9-max Seat #6 is the button
Seat 1: Olvi36 ($24.40 in chips) 
Seat 2: yogeesun ($24.75 in chips) 
Seat 3: mobtheman ($47.10 in chips) 
Seat 4: cowboymonkey ($27.75 in chips) 
Seat 5: SnapUr$Roll ($13.65 in chips) 
Seat 6: patorojas86 ($25 in chips) 
Seat 7: Alameda22 ($19.70 in chips) 
Seat 8: Moxie 55 ($51.25 in chips) 
Seat 9: elefantphace ($13.90 in chips) 
Alameda22: posts small blind $0.10
Moxie 55: posts big blind $0.25
*** HOLE CARDS ***
Dealt to Alameda22 [4d 6d]
elefantphace: folds 
Olvi36: folds 
yogeesun: folds 
mobtheman: folds 
cowboymonkey: calls $0.25
SnapUr$Roll: folds 
patorojas86: raises $1.25 to $1.50
Alameda22: folds 
Moxie 55: calls $1.25
cowboymonkey: folds 
*** FLOP *** [Ts 9s Jh]
Moxie 55: bets $1.25
patorojas86: calls $1.25
*** TURN *** [Ts 9s Jh] [6c]
Moxie 55: bets $2
patorojas86: raises $2 to $4
Moxie 55: calls $2
*** RIVER *** [Ts 9s Jh 6c] [As]
Moxie 55: checks 
patorojas86: checks 
*** SHOW DOWN ***
Moxie 55: shows [Qh Ah] (a pair of Aces)
patorojas86: shows [Kc Ad] (a pair of Aces - King kicker)
patorojas86 collected $13.20 from pot
*** SUMMARY ***
Total pot $13.85 | Rake $0.65 
Board [Ts 9s Jh 6c As]
Seat 1: Olvi36 folded before Flop (didn't bet)
Seat 2: yogeesun folded before Flop (didn't bet)
Seat 3: mobtheman folded before Flop (didn't bet)
Seat 4: cowboymonkey folded before Flop
Seat 5: SnapUr$Roll folded before Flop (didn't bet)
Seat 6: patorojas86 (button) showed [Kc Ad] and won ($13.20) with a pair of Aces
Seat 7: Alameda22 (small blind) folded before Flop
Seat 8: Moxie 55 (big blind) showed [Qh Ah] and lost with a pair of Aces
Seat 9: elefantphace folded before Flop (didn't bet)



PokerStars Game #19953058177:  Hold'em No Limit ($0.10/$0.25) - 2008/08/27 - 22:57:27 (ET)
Table 'Ryba' 9-max Seat #7 is the button
Seat 1: Olvi36 ($24.40 in chips) 
Seat 2: yogeesun ($24.75 in chips) 
Seat 3: mobtheman ($47.10 in chips) 
Seat 4: cowboymonkey ($27.50 in chips) 
Seat 5: SnapUr$Roll ($13.65 in chips) 
Seat 6: patorojas86 ($31.45 in chips) 
Seat 7: Alameda22 ($19.60 in chips) 
Seat 8: Moxie 55 ($44.50 in chips) 
Seat 9: elefantphace ($13.90 in chips) 
Moxie 55: posts small blind $0.10
elefantphace: posts big blind $0.25
*** HOLE CARDS ***
Dealt to Alameda22 [Kc 3s]
Olvi36: calls $0.25
yogeesun: folds 
mobtheman: folds 
cowboymonkey: folds 
SnapUr$Roll: folds 
patorojas86: folds 
Alameda22: folds 
Moxie 55: raises $0.25 to $0.50
elefantphace: folds 
Olvi36: raises $23.90 to $24.40 and is all-in
Moxie 55: folds 
Uncalled bet ($23.90) returned to Olvi36
Olvi36 collected $1.25 from pot
Olvi36: doesn't show hand 
*** SUMMARY ***
Total pot $1.25 | Rake $0 
Seat 1: Olvi36 collected ($1.25)
Seat 2: yogeesun folded before Flop (didn't bet)
Seat 3: mobtheman folded before Flop (didn't bet)
Seat 4: cowboymonkey folded before Flop (didn't bet)
Seat 5: SnapUr$Roll folded before Flop (didn't bet)
Seat 6: patorojas86 folded before Flop (didn't bet)
Seat 7: Alameda22 (button) folded before Flop (didn't bet)
Seat 8: Moxie 55 (small blind) folded before Flop
Seat 9: elefantphace (big blind) folded before Flop



PokerStars Game #19953071704:  Hold'em No Limit ($0.10/$0.25) - 2008/08/27 - 22:58:02 (ET)
Table 'Ryba' 9-max Seat #8 is the button
Seat 1: Olvi36 ($25.15 in chips) 
Seat 2: yogeesun ($24.75 in chips) 
Seat 3: mobtheman ($47.10 in chips) 
Seat 4: cowboymonkey ($27.50 in chips) 
Seat 5: SnapUr$Roll ($13.65 in chips) 
Seat 6: patorojas86 ($31.45 in chips) 
Seat 7: Alameda22 ($19.60 in chips) 
Seat 8: Moxie 55 ($44 in chips) 
Seat 9: elefantphace ($13.65 in chips) 
elefantphace: posts small blind $0.10
Olvi36: posts big blind $0.25
*** HOLE CARDS ***
Dealt to Alameda22 [Jh 5c]
yogeesun: folds 
mobtheman: folds 
cowboymonkey: folds 
SnapUr$Roll: calls $0.25
patorojas86: calls $0.25
Alameda22: folds 
Moxie 55: folds 
elefantphace: folds 
Olvi36: checks 
*** FLOP *** [8c 3c Tc]
Olvi36: checks 
SnapUr$Roll: checks 
patorojas86: checks 
*** TURN *** [8c 3c Tc] [6s]
Olvi36: checks 
SnapUr$Roll: checks 
patorojas86: checks 
*** RIVER *** [8c 3c Tc 6s] [Qc]
Olvi36: checks 
SnapUr$Roll: checks 
patorojas86: checks 
*** SHOW DOWN ***
Olvi36: shows [8d 5h] (a pair of Eights)
SnapUr$Roll: shows [9d Jd] (a straight, Eight to Queen)
patorojas86: mucks hand 
SnapUr$Roll collected $0.85 from pot
*** SUMMARY ***
Total pot $0.85 | Rake $0 
Board [8c 3c Tc 6s Qc]
Seat 1: Olvi36 (big blind) showed [8d 5h] and lost with a pair of Eights
Seat 2: yogeesun folded before Flop (didn't bet)
Seat 3: mobtheman folded before Flop (didn't bet)
Seat 4: cowboymonkey folded before Flop (didn't bet)
Seat 5: SnapUr$Roll showed [9d Jd] and won ($0.85) with a straight, Eight to Queen
Seat 6: patorojas86 mucked [8s As]
Seat 7: Alameda22 folded before Flop (didn't bet)
Seat 8: Moxie 55 (button) folded before Flop (didn't bet)
Seat 9: elefantphace (small blind) folded before Flop



PokerStars Game #19953097894:  Hold'em No Limit ($0.10/$0.25) - 2008/08/27 - 22:59:09 (ET)
Table 'Ryba' 9-max Seat #9 is the button
Seat 1: Olvi36 ($24.90 in chips) 
Seat 2: yogeesun ($24.75 in chips) 
Seat 3: mobtheman ($47.10 in chips) 
Seat 4: cowboymonkey ($27.50 in chips) 
Seat 5: SnapUr$Roll ($14.25 in chips) 
Seat 6: patorojas86 ($31.20 in chips) 
Seat 7: Alameda22 ($19.60 in chips) 
Seat 8: Moxie 55 ($44 in chips) 
Seat 9: elefantphace ($13.55 in chips) 
Olvi36: posts small blind $0.10
yogeesun: posts big blind $0.25
*** HOLE CARDS ***
Dealt to Alameda22 [2c 6d]
mobtheman: folds 
cowboymonkey: raises $0.25 to $0.50
SnapUr$Roll: calls $0.50
patorojas86: raises $1.25 to $1.75
Alameda22: folds 
Moxie 55: folds 
elefantphace: folds 
Olvi36: folds 
yogeesun: folds 
cowboymonkey: calls $1.25
SnapUr$Roll: calls $1.25
*** FLOP *** [2d 5s Kc]
cowboymonkey: checks 
SnapUr$Roll: checks 
patorojas86: bets $2.75
cowboymonkey: folds 
SnapUr$Roll: folds 
Uncalled bet ($2.75) returned to patorojas86
patorojas86 collected $5.35 from pot
patorojas86: doesn't show hand 
*** SUMMARY ***
Total pot $5.60 | Rake $0.25 
Board [2d 5s Kc]
Seat 1: Olvi36 (small blind) folded before Flop
Seat 2: yogeesun (big blind) folded before Flop
Seat 3: mobtheman folded before Flop (didn't bet)
Seat 4: cowboymonkey folded on the Flop
Seat 5: SnapUr$Roll folded on the Flop
Seat 6: patorojas86 collected ($5.35)
Seat 7: Alameda22 folded before Flop (didn't bet)
Seat 8: Moxie 55 folded before Flop (didn't bet)
Seat 9: elefantphace (button) folded before Flop (didn't bet)



PokerStars Game #19953123401:  Hold'em No Limit ($0.10/$0.25) - 2008/08/27 - 23:00:12 (ET)
Table 'Ryba' 9-max Seat #1 is the button
Seat 1: Olvi36 ($24.80 in chips) 
Seat 2: yogeesun ($24.50 in chips) 
Seat 3: mobtheman ($47.10 in chips) 
Seat 4: cowboymonkey ($25.75 in chips) 
Seat 5: SnapUr$Roll ($12.50 in chips) 
Seat 6: patorojas86 ($34.80 in chips) 
Seat 7: Alameda22 ($19.60 in chips) 
Seat 8: Moxie 55 ($44 in chips) 
Seat 9: elefantphace ($13.55 in chips) 
yogeesun: posts small blind $0.10
mobtheman: posts big blind $0.25
*** HOLE CARDS ***
Dealt to Alameda22 [7c 2d]
cowboymonkey: folds 
SnapUr$Roll: folds 
patorojas86: folds 
Alameda22: folds 
Moxie 55: raises $0.50 to $0.75
elefantphace: folds 
Olvi36: folds 
yogeesun: folds 
mobtheman: folds 
Uncalled bet ($0.50) returned to Moxie 55
Moxie 55 collected $0.60 from pot
Moxie 55: doesn't show hand 
*** SUMMARY ***
Total pot $0.60 | Rake $0 
Seat 1: Olvi36 (button) folded before Flop (didn't bet)
Seat 2: yogeesun (small blind) folded before Flop
Seat 3: mobtheman (big blind) folded before Flop
Seat 4: cowboymonkey folded before Flop (didn't bet)
Seat 5: SnapUr$Roll folded before Flop (didn't bet)
Seat 6: patorojas86 folded before Flop (didn't bet)
Seat 7: Alameda22 folded before Flop (didn't bet)
Seat 8: Moxie 55 collected ($0.60)
Seat 9: elefantphace folded before Flop (didn't bet)



PokerStars Game #19953132574:  Hold'em No Limit ($0.10/$0.25) - 2008/08/27 - 23:00:36 (ET)
Table 'Ryba' 9-max Seat #2 is the button
Seat 1: Olvi36 ($24.80 in chips) 
Seat 2: yogeesun ($24.40 in chips) 
Seat 3: mobtheman ($46.85 in chips) 
Seat 4: cowboymonkey ($25.75 in chips) 
Seat 5: SnapUr$Roll ($12.50 in chips) 
Seat 6: patorojas86 ($34.80 in chips) 
Seat 7: Alameda22 ($19.60 in chips) 
Seat 8: Moxie 55 ($44.35 in chips) 
Seat 9: elefantphace ($13.55 in chips) 
mobtheman: posts small blind $0.10
cowboymonkey: posts big blind $0.25
*** HOLE CARDS ***
Dealt to Alameda22 [Kd 4h]
SnapUr$Roll: calls $0.25
patorojas86: calls $0.25
Alameda22: folds 
Moxie 55: raises $1 to $1.25
elefantphace: folds 
Olvi36: folds 
yogeesun: folds 
mobtheman: folds 
cowboymonkey: folds 
SnapUr$Roll: folds 
patorojas86: folds 
Uncalled bet ($1) returned to Moxie 55
Moxie 55 collected $1.10 from pot
Moxie 55: doesn't show hand 
*** SUMMARY ***
Total pot $1.10 | Rake $0 
Seat 1: Olvi36 folded before Flop (didn't bet)
Seat 2: yogeesun (button) folded before Flop (didn't bet)
Seat 3: mobtheman (small blind) folded before Flop
Seat 4: cowboymonkey (big blind) folded before Flop
Seat 5: SnapUr$Roll folded before Flop
Seat 6: patorojas86 folded before Flop
Seat 7: Alameda22 folded before Flop (didn't bet)
Seat 8: Moxie 55 collected ($1.10)
Seat 9: elefantphace folded before Flop (didn't bet)



PokerStars Game #19953156578:  Hold'em No Limit ($0.10/$0.25) - 2008/08/27 - 23:01:36 (ET)
Table 'Ryba' 9-max Seat #3 is the button
Seat 1: Olvi36 ($24.80 in chips) 
Seat 2: yogeesun ($24.40 in chips) 
Seat 3: mobtheman ($46.75 in chips) 
Seat 4: cowboymonkey ($25.50 in chips) 
Seat 5: SnapUr$Roll ($12.25 in chips) 
Seat 6: patorojas86 ($34.55 in chips) 
Seat 7: Alameda22 ($19.60 in chips) 
Seat 8: Moxie 55 ($45.20 in chips) 
Seat 9: elefantphace ($13.55 in chips) 
cowboymonkey: posts small blind $0.10
SnapUr$Roll: posts big blind $0.25
*** HOLE CARDS ***
Dealt to Alameda22 [4h Jd]
patorojas86: folds 
Alameda22: folds 
Moxie 55: calls $0.25
elefantphace: folds 
Olvi36: folds 
yogeesun: folds 
mobtheman: folds 
cowboymonkey: folds 
SnapUr$Roll: raises $1 to $1.25
Moxie 55: folds 
Uncalled bet ($1) returned to SnapUr$Roll
SnapUr$Roll collected $0.60 from pot
SnapUr$Roll: doesn't show hand 
*** SUMMARY ***
Total pot $0.60 | Rake $0 
Seat 1: Olvi36 folded before Flop (didn't bet)
Seat 2: yogeesun folded before Flop (didn't bet)
Seat 3: mobtheman (button) folded before Flop (didn't bet)
Seat 4: cowboymonkey (small blind) folded before Flop
Seat 5: SnapUr$Roll (big blind) collected ($0.60)
Seat 6: patorojas86 folded before Flop (didn't bet)
Seat 7: Alameda22 folded before Flop (didn't bet)
Seat 8: Moxie 55 folded before Flop
Seat 9: elefantphace folded before Flop (didn't bet)



PokerStars Game #19953168303:  Hold'em No Limit ($0.10/$0.25) - 2008/08/27 - 23:02:05 (ET)
Table 'Ryba' 9-max Seat #4 is the button
Seat 1: Olvi36 ($24.80 in chips) 
Seat 2: yogeesun ($24.40 in chips) 
Seat 3: mobtheman ($46.75 in chips) 
Seat 4: cowboymonkey ($25.40 in chips) 
Seat 5: SnapUr$Roll ($12.60 in chips) 
Seat 6: patorojas86 ($34.55 in chips) 
Seat 7: Alameda22 ($19.60 in chips) 
Seat 8: Moxie 55 ($44.95 in chips) 
Seat 9: elefantphace ($13.55 in chips) 
SnapUr$Roll: posts small blind $0.10
patorojas86: posts big blind $0.25
*** HOLE CARDS ***
Dealt to Alameda22 [2d 5c]
Alameda22: folds 
Moxie 55: folds 
elefantphace: raises $0.50 to $0.75
Olvi36: folds 
yogeesun: folds 
mobtheman: folds 
cowboymonkey: folds 
SnapUr$Roll: calls $0.65
patorojas86: folds 
*** FLOP *** [Kh 5d 4h]
SnapUr$Roll: checks 
elefantphace: checks 
*** TURN *** [Kh 5d 4h] [Ad]
SnapUr$Roll: bets $0.25
elefantphace: raises $0.50 to $0.75
SnapUr$Roll: folds 
Uncalled bet ($0.50) returned to elefantphace
elefantphace collected $2.15 from pot
elefantphace: doesn't show hand 
*** SUMMARY ***
Total pot $2.25 | Rake $0.10 
Board [Kh 5d 4h Ad]
Seat 1: Olvi36 folded before Flop (didn't bet)
Seat 2: yogeesun folded before Flop (didn't bet)
Seat 3: mobtheman folded before Flop (didn't bet)
Seat 4: cowboymonkey (button) folded before Flop (didn't bet)
Seat 5: SnapUr$Roll (small blind) folded on the Turn
Seat 6: patorojas86 (big blind) folded before Flop
Seat 7: Alameda22 folded before Flop (didn't bet)
Seat 8: Moxie 55 folded before Flop (didn't bet)
Seat 9: elefantphace collected ($2.15)



PokerStars Game #19953186259:  Hold'em No Limit ($0.10/$0.25) - 2008/08/27 - 23:02:50 (ET)
Table 'Ryba' 9-max Seat #5 is the button
Seat 1: Olvi36 ($24.80 in chips) 
Seat 2: yogeesun ($24.40 in chips) 
Seat 3: mobtheman ($46.75 in chips) 
Seat 4: cowboymonkey ($25.40 in chips) 
Seat 5: SnapUr$Roll ($11.60 in chips) 
Seat 6: patorojas86 ($34.30 in chips) 
Seat 7: Alameda22 ($19.60 in chips) 
Seat 8: Moxie 55 ($44.95 in chips) 
Seat 9: elefantphace ($14.70 in chips) 
patorojas86: posts small blind $0.10
Alameda22: posts big blind $0.25
*** HOLE CARDS ***
Dealt to Alameda22 [Jd 2s]
Moxie 55: calls $0.25
elefantphace: folds 
Olvi36: folds 
yogeesun: calls $0.25
mobtheman: folds 
cowboymonkey: folds 
SnapUr$Roll: calls $0.25
patorojas86: calls $0.15
Alameda22: checks 
*** FLOP *** [2h 7d Kd]
patorojas86: checks 
Alameda22: checks 
Moxie 55: checks 
yogeesun: checks 
SnapUr$Roll: checks 
*** TURN *** [2h 7d Kd] [6c]
patorojas86: checks 
Alameda22: checks 
Moxie 55: checks 
yogeesun: checks 
SnapUr$Roll: checks 
*** RIVER *** [2h 7d Kd 6c] [6d]
patorojas86: checks 
Alameda22: checks 
Moxie 55: checks 
yogeesun: checks 
SnapUr$Roll: bets $0.50
patorojas86: calls $0.50
Alameda22: folds 
Moxie 55: folds 
Moxie 55 is sitting out
yogeesun: folds 
*** SHOW DOWN ***
SnapUr$Roll: shows [5h 6s] (three of a kind, Sixes)
patorojas86: mucks hand 
SnapUr$Roll collected $2.15 from pot
*** SUMMARY ***
Total pot $2.25 | Rake $0.10 
Board [2h 7d Kd 6c 6d]
Seat 1: Olvi36 folded before Flop (didn't bet)
Seat 2: yogeesun folded on the River
Seat 3: mobtheman folded before Flop (didn't bet)
Seat 4: cowboymonkey folded before Flop (didn't bet)
Seat 5: SnapUr$Roll (button) showed [5h 6s] and won ($2.15) with three of a kind, Sixes
Seat 6: patorojas86 (small blind) mucked [Js 7c]
Seat 7: Alameda22 (big blind) folded on the River
Seat 8: Moxie 55 folded on the River
Seat 9: elefantphace folded before Flop (didn't bet)



PokerStars Game #19953231036:  Hold'em No Limit ($0.10/$0.25) - 2008/08/27 - 23:04:44 (ET)
Table 'Ryba' 9-max Seat #6 is the button
Seat 1: Olvi36 ($24.80 in chips) 
Seat 2: yogeesun ($24.15 in chips) 
Seat 3: mobtheman ($46.75 in chips) 
Seat 4: cowboymonkey ($25.40 in chips) 
Seat 5: SnapUr$Roll ($13 in chips) 
Seat 6: patorojas86 ($33.55 in chips) 
Seat 7: Alameda22 ($19.35 in chips) 
Seat 9: elefantphace ($14.70 in chips) 
Alameda22: posts small blind $0.10
elefantphace: posts big blind $0.25
*** HOLE CARDS ***
Dealt to Alameda22 [4s 4d]
Olvi36: folds 
Moxie 55 leaves the table
yogeesun: raises $0.50 to $0.75
mobtheman: folds 
cowboymonkey: folds 
SnapUr$Roll: folds 
patorojas86: folds 
Alameda22: calls $0.65
elefantphace: folds 
*** FLOP *** [As 2s 9s]
Alameda22: checks 
yogeesun: bets $1
Alameda22: folds 
Uncalled bet ($1) returned to yogeesun
yogeesun collected $1.70 from pot
yogeesun: doesn't show hand 
*** SUMMARY ***
Total pot $1.75 | Rake $0.05 
Board [As 2s 9s]
Seat 1: Olvi36 folded before Flop (didn't bet)
Seat 2: yogeesun collected ($1.70)
Seat 3: mobtheman folded before Flop (didn't bet)
Seat 4: cowboymonkey folded before Flop (didn't bet)
Seat 5: SnapUr$Roll folded before Flop (didn't bet)
Seat 6: patorojas86 (button) folded before Flop (didn't bet)
Seat 7: Alameda22 (small blind) folded on the Flop
Seat 9: elefantphace (big blind) folded before Flop



PokerStars Game #19953258121:  Hold'em No Limit ($0.10/$0.25) - 2008/08/27 - 23:05:52 (ET)
Table 'Ryba' 9-max Seat #7 is the button
Seat 1: Olvi36 ($24.80 in chips) 
Seat 2: yogeesun ($25.10 in chips) 
Seat 3: mobtheman ($46.75 in chips) 
Seat 4: cowboymonkey ($25.40 in chips) 
Seat 5: SnapUr$Roll ($13 in chips) 
Seat 6: patorojas86 ($33.55 in chips) 
Seat 7: Alameda22 ($18.60 in chips) 
Seat 9: elefantphace ($14.45 in chips) 
elefantphace: posts small blind $0.10
Olvi36: posts big blind $0.25
*** HOLE CARDS ***
Dealt to Alameda22 [7s 6h]
yogeesun: folds 
mobtheman: folds 
cowboymonkey: folds 
SnapUr$Roll: folds 
patorojas86: folds 
Alameda22: folds 
elefantphace: folds 
Uncalled bet ($0.15) returned to Olvi36
Olvi36 collected $0.20 from pot
Olvi36: doesn't show hand 
*** SUMMARY ***
Total pot $0.20 | Rake $0 
Seat 1: Olvi36 (big blind) collected ($0.20)
Seat 2: yogeesun folded before Flop (didn't bet)
Seat 3: mobtheman folded before Flop (didn't bet)
Seat 4: cowboymonkey folded before Flop (didn't bet)
Seat 5: SnapUr$Roll folded before Flop (didn't bet)
Seat 6: patorojas86 folded before Flop (didn't bet)
Seat 7: Alameda22 (button) folded before Flop (didn't bet)
Seat 9: elefantphace (small blind) folded before Flop



PokerStars Game #19953269743:  Hold'em No Limit ($0.10/$0.25) - 2008/08/27 - 23:06:21 (ET)
Table 'Ryba' 9-max Seat #9 is the button
Seat 1: Olvi36 ($24.90 in chips) 
Seat 2: yogeesun ($25.10 in chips) 
Seat 3: mobtheman ($46.75 in chips) 
Seat 4: cowboymonkey ($25.40 in chips) 
Seat 5: SnapUr$Roll ($13 in chips) 
Seat 6: patorojas86 ($33.55 in chips) 
Seat 7: Alameda22 ($18.60 in chips) 
Seat 9: elefantphace ($14.35 in chips) 
Olvi36: posts small blind $0.10
yogeesun: posts big blind $0.25
*** HOLE CARDS ***
Dealt to Alameda22 [4h Tc]
mobtheman: folds 
cowboymonkey: folds 
SnapUr$Roll: raises $0.25 to $0.50
patorojas86: folds 
Alameda22: folds 
elefantphace: folds 
Olvi36: folds 
yogeesun: folds 
Uncalled bet ($0.25) returned to SnapUr$Roll
SnapUr$Roll collected $0.60 from pot
SnapUr$Roll: doesn't show hand 
*** SUMMARY ***
Total pot $0.60 | Rake $0 
Seat 1: Olvi36 (small blind) folded before Flop
Seat 2: yogeesun (big blind) folded before Flop
Seat 3: mobtheman folded before Flop (didn't bet)
Seat 4: cowboymonkey folded before Flop (didn't bet)
Seat 5: SnapUr$Roll collected ($0.60)
Seat 6: patorojas86 folded before Flop (didn't bet)
Seat 7: Alameda22 folded before Flop (didn't bet)
Seat 9: elefantphace (button) folded before Flop (didn't bet)



PokerStars Game #19953281649:  Hold'em No Limit ($0.10/$0.25) - 2008/08/27 - 23:06:51 (ET)
Table 'Ryba' 9-max Seat #1 is the button
Seat 1: Olvi36 ($24.80 in chips) 
Seat 2: yogeesun ($24.85 in chips) 
Seat 3: mobtheman ($46.75 in chips) 
Seat 4: cowboymonkey ($25.40 in chips) 
Seat 5: SnapUr$Roll ($13.35 in chips) 
Seat 6: patorojas86 ($33.55 in chips) 
Seat 7: Alameda22 ($18.60 in chips) 
Seat 9: elefantphace ($14.35 in chips) 
yogeesun: posts small blind $0.10
mobtheman: posts big blind $0.25
*** HOLE CARDS ***
Dealt to Alameda22 [4s 9c]
cowboymonkey: folds 
SnapUr$Roll: folds 
patorojas86: folds 
Alameda22: folds 
elefantphace: folds 
Olvi36: folds 
yogeesun: folds 
Uncalled bet ($0.15) returned to mobtheman
mobtheman collected $0.20 from pot
*** SUMMARY ***
Total pot $0.20 | Rake $0 
Seat 1: Olvi36 (button) folded before Flop (didn't bet)
Seat 2: yogeesun (small blind) folded before Flop
Seat 3: mobtheman (big blind) collected ($0.20)
Seat 4: cowboymonkey folded before Flop (didn't bet)
Seat 5: SnapUr$Roll folded before Flop (didn't bet)
Seat 6: patorojas86 folded before Flop (didn't bet)
Seat 7: Alameda22 folded before Flop (didn't bet)
Seat 9: elefantphace folded before Flop (didn't bet)



PokerStars Game #19953295757:  Hold'em No Limit ($0.10/$0.25) - 2008/08/27 - 23:07:27 (ET)
Table 'Ryba' 9-max Seat #2 is the button
Seat 1: Olvi36 ($24.80 in chips) 
Seat 2: yogeesun ($24.75 in chips) 
Seat 3: mobtheman ($46.85 in chips) 
Seat 4: cowboymonkey ($25.40 in chips) 
Seat 5: SnapUr$Roll ($13.35 in chips) 
Seat 6: patorojas86 ($33.55 in chips) 
Seat 7: Alameda22 ($18.60 in chips) 
Seat 9: elefantphace ($14.35 in chips) 
mobtheman: posts small blind $0.10
cowboymonkey: posts big blind $0.25
*** HOLE CARDS ***
Dealt to Alameda22 [5h Kc]
SnapUr$Roll: folds 
patorojas86: folds 
Alameda22: folds 
elefantphace: calls $0.25
Olvi36: folds 
yogeesun: folds 
mobtheman: folds 
cowboymonkey: checks 
*** FLOP *** [7s 4c 9s]
cowboymonkey: checks 
elefantphace: checks 
*** TURN *** [7s 4c 9s] [Ad]
cowboymonkey: checks 
elefantphace: checks 
*** RIVER *** [7s 4c 9s Ad] [Js]
cowboymonkey: bets $0.25
elefantphace: calls $0.25
*** SHOW DOWN ***
cowboymonkey: shows [Ah 4s] (two pair, Aces and Fours)
elefantphace: shows [8h Th] (a straight, Seven to Jack)
elefantphace collected $1.05 from pot
*** SUMMARY ***
Total pot $1.10 | Rake $0.05 
Board [7s 4c 9s Ad Js]
Seat 1: Olvi36 folded before Flop (didn't bet)
Seat 2: yogeesun (button) folded before Flop (didn't bet)
Seat 3: mobtheman (small blind) folded before Flop
Seat 4: cowboymonkey (big blind) showed [Ah 4s] and lost with two pair, Aces and Fours
Seat 5: SnapUr$Roll folded before Flop (didn't bet)
Seat 6: patorojas86 folded before Flop (didn't bet)
Seat 7: Alameda22 folded before Flop (didn't bet)
Seat 9: elefantphace showed [8h Th] and won ($1.05) with a straight, Seven to Jack



PokerStars Game #19953318418:  Hold'em No Limit ($0.10/$0.25) - 2008/08/27 - 23:08:25 (ET)
Table 'Ryba' 9-max Seat #3 is the button
Seat 1: Olvi36 ($24.80 in chips) 
Seat 2: yogeesun ($24.75 in chips) 
Seat 3: mobtheman ($46.75 in chips) 
Seat 4: cowboymonkey ($24.90 in chips) 
Seat 5: SnapUr$Roll ($13.35 in chips) 
Seat 6: patorojas86 ($33.55 in chips) 
Seat 7: Alameda22 ($18.60 in chips) 
Seat 9: elefantphace ($14.90 in chips) 
cowboymonkey: posts small blind $0.10
SnapUr$Roll: posts big blind $0.25
*** HOLE CARDS ***
Dealt to Alameda22 [9d Jd]
patorojas86: folds 
Alameda22: folds 
elefantphace: folds 
Olvi36: folds 
yogeesun: folds 
mobtheman: folds 
cowboymonkey: folds 
Uncalled bet ($0.15) returned to SnapUr$Roll
SnapUr$Roll collected $0.20 from pot
SnapUr$Roll: doesn't show hand 
*** SUMMARY ***
Total pot $0.20 | Rake $0 
Seat 1: Olvi36 folded before Flop (didn't bet)
Seat 2: yogeesun folded before Flop (didn't bet)
Seat 3: mobtheman (button) folded before Flop (didn't bet)
Seat 4: cowboymonkey (small blind) folded before Flop
Seat 5: SnapUr$Roll (big blind) collected ($0.20)
Seat 6: patorojas86 folded before Flop (didn't bet)
Seat 7: Alameda22 folded before Flop (didn't bet)
Seat 9: elefantphace folded before Flop (didn't bet)



PokerStars Game #19953328521:  Hold'em No Limit ($0.10/$0.25) - 2008/08/27 - 23:08:51 (ET)
Table 'Ryba' 9-max Seat #4 is the button
Seat 1: Olvi36 ($24.80 in chips) 
Seat 2: yogeesun ($24.75 in chips) 
Seat 3: mobtheman ($46.75 in chips) 
Seat 4: cowboymonkey ($24.80 in chips) 
Seat 5: SnapUr$Roll ($13.45 in chips) 
Seat 7: Alameda22 ($18.60 in chips) 
Seat 9: elefantphace ($14.90 in chips) 
SnapUr$Roll: posts small blind $0.10
patorojas86: is sitting out 
patorojas86 leaves the table
Alameda22: posts big blind $0.25
*** HOLE CARDS ***
Dealt to Alameda22 [Ks Jc]
elefantphace: folds 
Olvi36: folds 
yogeesun: folds 
mobtheman: folds 
cowboymonkey: folds 
SnapUr$Roll: calls $0.15
Alameda22: checks 
*** FLOP *** [Th 3c 9d]
SnapUr$Roll: bets $0.25
Alameda22: folds 
Uncalled bet ($0.25) returned to SnapUr$Roll
SnapUr$Roll collected $0.50 from pot
SnapUr$Roll: doesn't show hand 
*** SUMMARY ***
Total pot $0.50 | Rake $0 
Board [Th 3c 9d]
Seat 1: Olvi36 folded before Flop (didn't bet)
Seat 2: yogeesun folded before Flop (didn't bet)
Seat 3: mobtheman folded before Flop (didn't bet)
Seat 4: cowboymonkey (button) folded before Flop (didn't bet)
Seat 5: SnapUr$Roll (small blind) collected ($0.50)
Seat 7: Alameda22 (big blind) folded on the Flop
Seat 9: elefantphace folded before Flop (didn't bet)



PokerStars Game #19953350769:  Hold'em No Limit ($0.10/$0.25) - 2008/08/27 - 23:09:48 (ET)
Table 'Ryba' 9-max Seat #5 is the button
Seat 1: Olvi36 ($24.80 in chips) 
Seat 2: yogeesun ($24.75 in chips) 
Seat 3: mobtheman ($46.75 in chips) 
Seat 4: cowboymonkey ($24.80 in chips) 
Seat 5: SnapUr$Roll ($13.70 in chips) 
Seat 7: Alameda22 ($18.35 in chips) 
Seat 9: elefantphace ($14.90 in chips) 
Alameda22: posts small blind $0.10
elefantphace: posts big blind $0.25
*** HOLE CARDS ***
Dealt to Alameda22 [5h As]
Olvi36: folds 
Olvi36 is sitting out
yogeesun: folds 
mobtheman: folds 
cowboymonkey: folds 
SnapUr$Roll: raises $0.75 to $1
Alameda22: folds 
elefantphace: folds 
Uncalled bet ($0.75) returned to SnapUr$Roll
SnapUr$Roll collected $0.60 from pot
SnapUr$Roll: doesn't show hand 
*** SUMMARY ***
Total pot $0.60 | Rake $0 
Seat 1: Olvi36 folded before Flop (didn't bet)
Seat 2: yogeesun folded before Flop (didn't bet)
Seat 3: mobtheman folded before Flop (didn't bet)
Seat 4: cowboymonkey folded before Flop (didn't bet)
Seat 5: SnapUr$Roll (button) collected ($0.60)
Seat 7: Alameda22 (small blind) folded before Flop
Seat 9: elefantphace (big blind) folded before Flop



PokerStars Game #19953363008:  Hold'em No Limit ($0.10/$0.25) - 2008/08/27 - 23:10:20 (ET)
Table 'Ryba' 9-max Seat #7 is the button
Seat 3: mobtheman ($46.75 in chips) 
Seat 4: cowboymonkey ($24.80 in chips) 
Seat 5: SnapUr$Roll ($14.05 in chips) 
Seat 7: Alameda22 ($18.25 in chips) 
Seat 9: elefantphace ($14.65 in chips) 
elefantphace: posts small blind $0.10
yogeesun: is sitting out 
mobtheman: posts big blind $0.25
*** HOLE CARDS ***
Dealt to Alameda22 [8d 3c]
cowboymonkey: folds 
yogeesun leaves the table
SnapUr$Roll: raises $1.25 to $1.50
Alameda22: folds 
elefantphace: folds 
mobtheman: folds 
Uncalled bet ($1.25) returned to SnapUr$Roll
SnapUr$Roll collected $0.60 from pot
SnapUr$Roll: doesn't show hand 
*** SUMMARY ***
Total pot $0.60 | Rake $0 
Seat 3: mobtheman (big blind) folded before Flop
Seat 4: cowboymonkey folded before Flop (didn't bet)
Seat 5: SnapUr$Roll collected ($0.60)
Seat 7: Alameda22 (button) folded before Flop (didn't bet)
Seat 9: elefantphace (small blind) folded before Flop



PokerStars Game #19953375447:  Hold'em No Limit ($0.10/$0.25) - 2008/08/27 - 23:10:53 (ET)
Table 'Ryba' 9-max Seat #9 is the button
Seat 3: mobtheman ($46.50 in chips) 
Seat 4: cowboymonkey ($24.80 in chips) 
Seat 5: SnapUr$Roll ($14.40 in chips) 
Seat 7: Alameda22 ($18.25 in chips) 
Seat 9: elefantphace ($14.55 in chips) 
mobtheman: posts small blind $0.10
cowboymonkey: posts big blind $0.25
*** HOLE CARDS ***
Dealt to Alameda22 [2d Jh]
SnapUr$Roll: calls $0.25
Alameda22: folds 
elefantphace: folds 
mobtheman: folds 
cowboymonkey: checks 
*** FLOP *** [4d Th Js]
cowboymonkey: checks 
SnapUr$Roll: bets $1
cowboymonkey: folds 
Uncalled bet ($1) returned to SnapUr$Roll
SnapUr$Roll collected $0.60 from pot
SnapUr$Roll: doesn't show hand 
*** SUMMARY ***
Total pot $0.60 | Rake $0 
Board [4d Th Js]
Seat 3: mobtheman (small blind) folded before Flop
Seat 4: cowboymonkey (big blind) folded on the Flop
Seat 5: SnapUr$Roll collected ($0.60)
Seat 7: Alameda22 folded before Flop (didn't bet)
Seat 9: elefantphace (button) folded before Flop (didn't bet)



