PokerStars Game #19951790372:  Hold'em No Limit ($0.10/$0.25) - 2008/08/27 - 22:03:15 (ET)
Table 'Tinette' 9-max Seat #4 is the button
Seat 1: snakeyes923 ($24.05 in chips) 
Seat 2: shuns snukis ($16.85 in chips) 
Seat 3: jeff0465 ($22.40 in chips) 
Seat 4: mkscorpion1 ($17.40 in chips) 
Seat 5: qu4nTuM-fLuX ($25.60 in chips) 
Seat 6: Alameda22 ($25 in chips) 
Seat 7: secor2 ($5.95 in chips) 
Seat 8: rafachevere ($42.30 in chips) 
Seat 9: CLAYTONTODAY ($10.80 in chips) 
qu4nTuM-fLuX: posts small blind $0.10
Alameda22: posts big blind $0.25
*** HOLE CARDS ***
Dealt to Alameda22 [Kd 9c]
secor2: calls $0.25
rafachevere: folds 
CLAYTONTODAY: calls $0.25
snakeyes923: calls $0.25
shuns snukis: calls $0.25
jeff0465: calls $0.25
mkscorpion1: calls $0.25
qu4nTuM-fLuX: folds 
Alameda22: checks 
*** FLOP *** [9s Ah Jd]
Alameda22: checks 
secor2: checks 
CLAYTONTODAY: bets $0.25
snakeyes923: calls $0.25
shuns snukis: folds 
jeff0465: calls $0.25
mkscorpion1: folds 
Alameda22: folds 
secor2: folds 
*** TURN *** [9s Ah Jd] [Ad]
CLAYTONTODAY: bets $0.25
snakeyes923: folds 
jeff0465: calls $0.25
*** RIVER *** [9s Ah Jd Ad] [4s]
CLAYTONTODAY: bets $0.25
jeff0465: folds 
Uncalled bet ($0.25) returned to CLAYTONTODAY
CLAYTONTODAY collected $2.95 from pot
*** SUMMARY ***
Total pot $3.10 | Rake $0.15 
Board [9s Ah Jd Ad 4s]
Seat 1: snakeyes923 folded on the Turn
Seat 2: shuns snukis folded on the Flop
Seat 3: jeff0465 folded on the River
Seat 4: mkscorpion1 (button) folded on the Flop
Seat 5: qu4nTuM-fLuX (small blind) folded before Flop
Seat 6: Alameda22 (big blind) folded on the Flop
Seat 7: secor2 folded on the Flop
Seat 8: rafachevere folded before Flop (didn't bet)
Seat 9: CLAYTONTODAY collected ($2.95)



PokerStars Game #19951820498:  Hold'em No Limit ($0.10/$0.25) - 2008/08/27 - 22:04:35 (ET)
Table 'Tinette' 9-max Seat #5 is the button
Seat 1: snakeyes923 ($23.55 in chips) 
Seat 2: shuns snukis ($16.60 in chips) 
Seat 3: jeff0465 ($21.65 in chips) 
Seat 4: mkscorpion1 ($17.15 in chips) 
Seat 5: qu4nTuM-fLuX ($25.50 in chips) 
Seat 6: Alameda22 ($24.75 in chips) 
Seat 7: secor2 ($5.70 in chips) 
Seat 8: rafachevere ($42.30 in chips) 
Seat 9: CLAYTONTODAY ($13 in chips) 
Alameda22: posts small blind $0.10
secor2: posts big blind $0.25
*** HOLE CARDS ***
Dealt to Alameda22 [6c Kh]
rafachevere: folds 
CLAYTONTODAY: folds 
snakeyes923: folds 
shuns snukis: calls $0.25
jeff0465: calls $0.25
mkscorpion1: calls $0.25
qu4nTuM-fLuX: folds 
Alameda22: folds 
secor2: checks 
*** FLOP *** [4h 2c 3h]
secor2: checks 
shuns snukis: checks 
jeff0465: checks 
mkscorpion1: bets $0.25
secor2: calls $0.25
shuns snukis: calls $0.25
jeff0465: calls $0.25
*** TURN *** [4h 2c 3h] [Qc]
secor2: checks 
shuns snukis: checks 
jeff0465: checks 
mkscorpion1: checks 
*** RIVER *** [4h 2c 3h Qc] [9h]
secor2: checks 
shuns snukis: bets $1
jeff0465: folds 
mkscorpion1 said, "?"
mkscorpion1: calls $1
secor2: folds 
*** SHOW DOWN ***
shuns snukis: shows [2h Jh] (a flush, Jack high)
mkscorpion1: mucks hand 
shuns snukis collected $3.90 from pot
*** SUMMARY ***
Total pot $4.10 | Rake $0.20 
Board [4h 2c 3h Qc 9h]
Seat 1: snakeyes923 folded before Flop (didn't bet)
Seat 2: shuns snukis showed [2h Jh] and won ($3.90) with a flush, Jack high
Seat 3: jeff0465 folded on the River
Seat 4: mkscorpion1 mucked [7h 8h]
Seat 5: qu4nTuM-fLuX (button) folded before Flop (didn't bet)
Seat 6: Alameda22 (small blind) folded before Flop
Seat 7: secor2 (big blind) folded on the River
Seat 8: rafachevere folded before Flop (didn't bet)
Seat 9: CLAYTONTODAY folded before Flop (didn't bet)



PokerStars Game #19951853450:  Hold'em No Limit ($0.10/$0.25) - 2008/08/27 - 22:06:02 (ET)
Table 'Tinette' 9-max Seat #6 is the button
Seat 1: snakeyes923 ($23.55 in chips) 
Seat 2: shuns snukis ($19 in chips) 
Seat 3: jeff0465 ($21.15 in chips) 
Seat 4: mkscorpion1 ($15.65 in chips) 
Seat 5: qu4nTuM-fLuX ($25.50 in chips) 
Seat 6: Alameda22 ($24.65 in chips) 
Seat 7: secor2 ($5.20 in chips) 
Seat 8: rafachevere ($42.30 in chips) 
Seat 9: CLAYTONTODAY ($13 in chips) 
secor2: posts small blind $0.10
rafachevere: posts big blind $0.25
*** HOLE CARDS ***
Dealt to Alameda22 [Jc 5d]
CLAYTONTODAY: folds 
snakeyes923: folds 
shuns snukis: folds 
jeff0465: calls $0.25
mkscorpion1: calls $0.25
qu4nTuM-fLuX: folds 
Alameda22: folds 
secor2: folds 
rafachevere: checks 
*** FLOP *** [2c Kc 9d]
rafachevere: bets $0.80
jeff0465: raises $0.80 to $1.60
mkscorpion1: folds 
rafachevere: folds 
Uncalled bet ($0.80) returned to jeff0465
jeff0465 collected $2.35 from pot
jeff0465: shows [Ah As] (a pair of Aces)
*** SUMMARY ***
Total pot $2.45 | Rake $0.10 
Board [2c Kc 9d]
Seat 1: snakeyes923 folded before Flop (didn't bet)
Seat 2: shuns snukis folded before Flop (didn't bet)
Seat 3: jeff0465 collected ($2.35)
Seat 4: mkscorpion1 folded on the Flop
Seat 5: qu4nTuM-fLuX folded before Flop (didn't bet)
Seat 6: Alameda22 (button) folded before Flop (didn't bet)
Seat 7: secor2 (small blind) folded before Flop
Seat 8: rafachevere (big blind) folded on the Flop
Seat 9: CLAYTONTODAY folded before Flop (didn't bet)



PokerStars Game #19951873649:  Hold'em No Limit ($0.10/$0.25) - 2008/08/27 - 22:06:56 (ET)
Table 'Tinette' 9-max Seat #7 is the button
Seat 1: snakeyes923 ($23.55 in chips) 
Seat 2: shuns snukis ($19 in chips) 
Seat 3: jeff0465 ($22.45 in chips) 
Seat 4: mkscorpion1 ($15.40 in chips) 
Seat 5: qu4nTuM-fLuX ($25.50 in chips) 
Seat 6: Alameda22 ($24.65 in chips) 
Seat 7: secor2 ($5.10 in chips) 
Seat 8: rafachevere ($41.25 in chips) 
Seat 9: CLAYTONTODAY ($13 in chips) 
rafachevere: posts small blind $0.10
CLAYTONTODAY: posts big blind $0.25
*** HOLE CARDS ***
Dealt to Alameda22 [2s Tc]
snakeyes923: folds 
shuns snukis: folds 
jeff0465: raises $0.25 to $0.50
mkscorpion1: calls $0.50
qu4nTuM-fLuX: folds 
Alameda22: folds 
secor2: folds 
rafachevere: calls $0.40
CLAYTONTODAY: raises $1 to $1.50
jeff0465: calls $1
mkscorpion1: calls $1
rafachevere: folds 
*** FLOP *** [Kh Qc Ts]
CLAYTONTODAY: checks 
jeff0465: checks 
mkscorpion1: checks 
*** TURN *** [Kh Qc Ts] [6d]
CLAYTONTODAY: bets $0.25
jeff0465: calls $0.25
mkscorpion1: calls $0.25
*** RIVER *** [Kh Qc Ts 6d] [5s]
CLAYTONTODAY: bets $3
jeff0465: folds 
mkscorpion1: folds 
Uncalled bet ($3) returned to CLAYTONTODAY
CLAYTONTODAY collected $5.50 from pot
*** SUMMARY ***
Total pot $5.75 | Rake $0.25 
Board [Kh Qc Ts 6d 5s]
Seat 1: snakeyes923 folded before Flop (didn't bet)
Seat 2: shuns snukis folded before Flop (didn't bet)
Seat 3: jeff0465 folded on the River
Seat 4: mkscorpion1 folded on the River
Seat 5: qu4nTuM-fLuX folded before Flop (didn't bet)
Seat 6: Alameda22 folded before Flop (didn't bet)
Seat 7: secor2 (button) folded before Flop (didn't bet)
Seat 8: rafachevere (small blind) folded before Flop
Seat 9: CLAYTONTODAY (big blind) collected ($5.50)



PokerStars Game #19951907511:  Hold'em No Limit ($0.10/$0.25) - 2008/08/27 - 22:08:26 (ET)
Table 'Tinette' 9-max Seat #8 is the button
Seat 1: snakeyes923 ($23.55 in chips) 
Seat 2: shuns snukis ($19 in chips) 
Seat 3: jeff0465 ($20.70 in chips) 
Seat 4: mkscorpion1 ($13.65 in chips) 
Seat 5: qu4nTuM-fLuX ($25.50 in chips) 
Seat 6: Alameda22 ($24.65 in chips) 
Seat 7: secor2 ($5.10 in chips) 
Seat 8: rafachevere ($40.75 in chips) 
Seat 9: CLAYTONTODAY ($16.75 in chips) 
CLAYTONTODAY: posts small blind $0.10
snakeyes923: posts big blind $0.25
*** HOLE CARDS ***
Dealt to Alameda22 [4h 6d]
shuns snukis: folds 
jeff0465: calls $0.25
mkscorpion1: folds 
qu4nTuM-fLuX: folds 
Alameda22: folds 
secor2: calls $0.25
rafachevere: calls $0.25
CLAYTONTODAY: calls $0.15
snakeyes923: checks 
*** FLOP *** [Qd 2c Qs]
CLAYTONTODAY: checks 
snakeyes923: checks 
jeff0465: checks 
secor2: checks 
rafachevere: checks 
*** TURN *** [Qd 2c Qs] [3h]
CLAYTONTODAY: checks 
snakeyes923: checks 
jeff0465: checks 
secor2: checks 
rafachevere: checks 
*** RIVER *** [Qd 2c Qs 3h] [4c]
CLAYTONTODAY: folds 
snakeyes923: checks 
jeff0465: checks 
secor2: checks 
rafachevere is disconnected 
rafachevere is connected 
rafachevere: checks 
*** SHOW DOWN ***
snakeyes923: shows [2h 5h] (two pair, Queens and Deuces)
jeff0465: mucks hand 
secor2: mucks hand 
rafachevere: mucks hand 
snakeyes923 collected $1.20 from pot
*** SUMMARY ***
Total pot $1.25 | Rake $0.05 
Board [Qd 2c Qs 3h 4c]
Seat 1: snakeyes923 (big blind) showed [2h 5h] and won ($1.20) with two pair, Queens and Deuces
Seat 2: shuns snukis folded before Flop (didn't bet)
Seat 3: jeff0465 mucked [7c Jc]
Seat 4: mkscorpion1 folded before Flop (didn't bet)
Seat 5: qu4nTuM-fLuX folded before Flop (didn't bet)
Seat 6: Alameda22 folded before Flop (didn't bet)
Seat 7: secor2 mucked [8c Kc]
Seat 8: rafachevere (button) mucked [Kh 7h]
Seat 9: CLAYTONTODAY (small blind) folded on the River



PokerStars Game #19951961704:  Hold'em No Limit ($0.10/$0.25) - 2008/08/27 - 22:10:49 (ET)
Table 'Tinette' 9-max Seat #9 is the button
Seat 1: snakeyes923 ($24.50 in chips) 
Seat 2: shuns snukis ($19 in chips) 
Seat 3: jeff0465 ($20.45 in chips) 
Seat 4: mkscorpion1 ($13.65 in chips) 
Seat 5: qu4nTuM-fLuX ($25.50 in chips) 
Seat 6: Alameda22 ($24.65 in chips) 
Seat 7: secor2 ($4.85 in chips) 
Seat 8: rafachevere ($40.50 in chips) 
Seat 9: CLAYTONTODAY ($16.50 in chips) 
snakeyes923: posts small blind $0.10
shuns snukis: posts big blind $0.25
*** HOLE CARDS ***
Dealt to Alameda22 [3d Jc]
jeff0465: calls $0.25
mkscorpion1: calls $0.25
qu4nTuM-fLuX: folds 
Alameda22: folds 
secor2: folds 
rafachevere: raises $0.70 to $0.95
CLAYTONTODAY: folds 
snakeyes923: folds 
shuns snukis: folds 
jeff0465: calls $0.70
mkscorpion1: calls $0.70
*** FLOP *** [8s Qh Tc]
jeff0465: checks 
mkscorpion1: checks 
rafachevere: bets $2.30
jeff0465: calls $2.30
mkscorpion1: folds 
*** TURN *** [8s Qh Tc] [2c]
jeff0465: checks 
rafachevere: bets $3.45
jeff0465: calls $3.45
*** RIVER *** [8s Qh Tc 2c] [4h]
jeff0465: checks 
rafachevere: checks 
*** SHOW DOWN ***
jeff0465: shows [8c 6c] (a pair of Eights)
rafachevere: shows [Ac Qd] (a pair of Queens)
rafachevere collected $14 from pot
*** SUMMARY ***
Total pot $14.70 | Rake $0.70 
Board [8s Qh Tc 2c 4h]
Seat 1: snakeyes923 (small blind) folded before Flop
Seat 2: shuns snukis (big blind) folded before Flop
Seat 3: jeff0465 showed [8c 6c] and lost with a pair of Eights
Seat 4: mkscorpion1 folded on the Flop
Seat 5: qu4nTuM-fLuX folded before Flop (didn't bet)
Seat 6: Alameda22 folded before Flop (didn't bet)
Seat 7: secor2 folded before Flop (didn't bet)
Seat 8: rafachevere showed [Ac Qd] and won ($14) with a pair of Queens
Seat 9: CLAYTONTODAY (button) folded before Flop (didn't bet)



PokerStars Game #19952002127:  Hold'em No Limit ($0.10/$0.25) - 2008/08/27 - 22:12:36 (ET)
Table 'Tinette' 9-max Seat #1 is the button
Seat 1: snakeyes923 ($24.40 in chips) 
Seat 2: shuns snukis ($18.75 in chips) 
Seat 3: jeff0465 ($13.75 in chips) 
Seat 4: mkscorpion1 ($12.70 in chips) 
Seat 5: qu4nTuM-fLuX ($25.50 in chips) 
Seat 6: Alameda22 ($24.65 in chips) 
Seat 7: secor2 ($4.85 in chips) 
Seat 8: rafachevere ($47.80 in chips) 
Seat 9: CLAYTONTODAY ($16.50 in chips) 
shuns snukis: posts small blind $0.10
jeff0465: posts big blind $0.25
*** HOLE CARDS ***
Dealt to Alameda22 [4h 9h]
mkscorpion1: folds 
qu4nTuM-fLuX: calls $0.25
Alameda22: folds 
secor2: folds 
rafachevere: folds 
CLAYTONTODAY: calls $0.25
snakeyes923: folds 
shuns snukis: folds 
jeff0465: raises $0.75 to $1
qu4nTuM-fLuX: raises $2 to $3
CLAYTONTODAY: folds 
jeff0465: calls $2
*** FLOP *** [6h 8h Kh]
jeff0465: bets $10.75 and is all-in
qu4nTuM-fLuX: folds 
Uncalled bet ($10.75) returned to jeff0465
jeff0465 collected $6.05 from pot
jeff0465: doesn't show hand 
*** SUMMARY ***
Total pot $6.35 | Rake $0.30 
Board [6h 8h Kh]
Seat 1: snakeyes923 (button) folded before Flop (didn't bet)
Seat 2: shuns snukis (small blind) folded before Flop
Seat 3: jeff0465 (big blind) collected ($6.05)
Seat 4: mkscorpion1 folded before Flop (didn't bet)
Seat 5: qu4nTuM-fLuX folded on the Flop
Seat 6: Alameda22 folded before Flop (didn't bet)
Seat 7: secor2 folded before Flop (didn't bet)
Seat 8: rafachevere folded before Flop (didn't bet)
Seat 9: CLAYTONTODAY folded before Flop



PokerStars Game #19952032040:  Hold'em No Limit ($0.10/$0.25) - 2008/08/27 - 22:13:56 (ET)
Table 'Tinette' 9-max Seat #2 is the button
Seat 1: snakeyes923 ($24.40 in chips) 
Seat 2: shuns snukis ($18.65 in chips) 
Seat 3: jeff0465 ($16.80 in chips) 
Seat 4: mkscorpion1 ($12.70 in chips) 
Seat 5: qu4nTuM-fLuX ($22.50 in chips) 
Seat 6: Alameda22 ($24.65 in chips) 
Seat 7: secor2 ($4.85 in chips) 
Seat 8: rafachevere ($47.80 in chips) 
Seat 9: CLAYTONTODAY ($16.25 in chips) 
jeff0465: posts small blind $0.10
mkscorpion1: posts big blind $0.25
*** HOLE CARDS ***
Dealt to Alameda22 [Ac 7h]
qu4nTuM-fLuX: folds 
Alameda22: folds 
secor2: folds 
rafachevere: folds 
CLAYTONTODAY: raises $0.50 to $0.75
snakeyes923: folds 
shuns snukis: folds 
jeff0465: calls $0.65
mkscorpion1: folds 
*** FLOP *** [9h 5s Js]
jeff0465: checks 
CLAYTONTODAY: checks 
*** TURN *** [9h 5s Js] [4c]
jeff0465: checks 
CLAYTONTODAY: bets $0.50
jeff0465: calls $0.50
*** RIVER *** [9h 5s Js 4c] [4d]
jeff0465: checks 
CLAYTONTODAY: bets $1
jeff0465: folds 
Uncalled bet ($1) returned to CLAYTONTODAY
CLAYTONTODAY collected $2.65 from pot
CLAYTONTODAY: doesn't show hand 
*** SUMMARY ***
Total pot $2.75 | Rake $0.10 
Board [9h 5s Js 4c 4d]
Seat 1: snakeyes923 folded before Flop (didn't bet)
Seat 2: shuns snukis (button) folded before Flop (didn't bet)
Seat 3: jeff0465 (small blind) folded on the River
Seat 4: mkscorpion1 (big blind) folded before Flop
Seat 5: qu4nTuM-fLuX folded before Flop (didn't bet)
Seat 6: Alameda22 folded before Flop (didn't bet)
Seat 7: secor2 folded before Flop (didn't bet)
Seat 8: rafachevere folded before Flop (didn't bet)
Seat 9: CLAYTONTODAY collected ($2.65)



PokerStars Game #19952054919:  Hold'em No Limit ($0.10/$0.25) - 2008/08/27 - 22:14:56 (ET)
Table 'Tinette' 9-max Seat #3 is the button
Seat 1: snakeyes923 ($24.40 in chips) 
Seat 2: shuns snukis ($18.65 in chips) 
Seat 3: jeff0465 ($15.55 in chips) 
Seat 4: mkscorpion1 ($12.45 in chips) 
Seat 5: qu4nTuM-fLuX ($22.50 in chips) 
Seat 6: Alameda22 ($24.65 in chips) 
Seat 7: secor2 ($4.85 in chips) 
Seat 8: rafachevere ($47.80 in chips) 
Seat 9: CLAYTONTODAY ($17.65 in chips) 
mkscorpion1: posts small blind $0.10
qu4nTuM-fLuX: posts big blind $0.25
*** HOLE CARDS ***
Dealt to Alameda22 [5d 3c]
Alameda22: folds 
secor2: calls $0.25
rafachevere: folds 
CLAYTONTODAY: raises $0.75 to $1
snakeyes923: calls $1
shuns snukis: calls $1
jeff0465: calls $1
mkscorpion1: calls $0.90
qu4nTuM-fLuX: folds 
secor2: raises $3.85 to $4.85 and is all-in
CLAYTONTODAY: folds 
snakeyes923: calls $3.85
shuns snukis: calls $3.85
jeff0465: calls $3.85
mkscorpion1: calls $3.85
*** FLOP *** [2s 2c 2d]
mkscorpion1: checks 
snakeyes923: bets $12
mkscorpion1 said, "lol"
shuns snukis: folds 
jeff0465: folds 
mkscorpion1: folds 
Uncalled bet ($12) returned to snakeyes923
*** TURN *** [2s 2c 2d] [3s]
*** RIVER *** [2s 2c 2d 3s] [4s]
*** SHOW DOWN ***
secor2: shows [Kd Ac] (three of a kind, Deuces)
snakeyes923: shows [9s 9d] (a full house, Deuces full of Nines)
snakeyes923 collected $24.25 from pot
*** SUMMARY ***
Total pot $25.50 | Rake $1.25 
Board [2s 2c 2d 3s 4s]
Seat 1: snakeyes923 showed [9s 9d] and won ($24.25) with a full house, Deuces full of Nines
Seat 2: shuns snukis folded on the Flop
Seat 3: jeff0465 (button) folded on the Flop
Seat 4: mkscorpion1 (small blind) folded on the Flop
Seat 5: qu4nTuM-fLuX (big blind) folded before Flop
Seat 6: Alameda22 folded before Flop (didn't bet)
Seat 7: secor2 showed [Kd Ac] and lost with three of a kind, Deuces
Seat 8: rafachevere folded before Flop (didn't bet)
Seat 9: CLAYTONTODAY folded before Flop



PokerStars Game #19952091468:  Hold'em No Limit ($0.10/$0.25) - 2008/08/27 - 22:16:33 (ET)
Table 'Tinette' 9-max Seat #4 is the button
Seat 1: snakeyes923 ($43.80 in chips) 
Seat 2: shuns snukis ($13.80 in chips) 
Seat 3: jeff0465 ($10.70 in chips) 
Seat 4: mkscorpion1 ($7.60 in chips) 
Seat 5: qu4nTuM-fLuX ($22.25 in chips) 
Seat 6: Alameda22 ($24.65 in chips) 
Seat 8: rafachevere ($47.80 in chips) 
Seat 9: CLAYTONTODAY ($16.65 in chips) 
secor2 leaves the table
qu4nTuM-fLuX: posts small blind $0.10
Alameda22: posts big blind $0.25
*** HOLE CARDS ***
Dealt to Alameda22 [2s 5h]
rafachevere: calls $0.25
CLAYTONTODAY: calls $0.25
snakeyes923: folds 
shuns snukis: calls $0.25
jeff0465: calls $0.25
mkscorpion1: folds 
qu4nTuM-fLuX: folds 
Raven Jeff joins the table at seat #7 
Alameda22: checks 
*** FLOP *** [4h Kc 3h]
Alameda22: checks 
rafachevere: checks 
CLAYTONTODAY: checks 
shuns snukis: checks 
jeff0465: bets $0.75
Alameda22: folds 
rafachevere: folds 
CLAYTONTODAY: folds 
shuns snukis: folds 
Uncalled bet ($0.75) returned to jeff0465
jeff0465 collected $1.30 from pot
jeff0465: doesn't show hand 
*** SUMMARY ***
Total pot $1.35 | Rake $0.05 
Board [4h Kc 3h]
Seat 1: snakeyes923 folded before Flop (didn't bet)
Seat 2: shuns snukis folded on the Flop
Seat 3: jeff0465 collected ($1.30)
Seat 4: mkscorpion1 (button) folded before Flop (didn't bet)
Seat 5: qu4nTuM-fLuX (small blind) folded before Flop
Seat 6: Alameda22 (big blind) folded on the Flop
Seat 8: rafachevere folded on the Flop
Seat 9: CLAYTONTODAY folded on the Flop



PokerStars Game #19952130411:  Hold'em No Limit ($0.10/$0.25) - 2008/08/27 - 22:18:16 (ET)
Table 'Tinette' 9-max Seat #5 is the button
Seat 1: snakeyes923 ($43.80 in chips) 
Seat 2: shuns snukis ($13.55 in chips) 
Seat 3: jeff0465 ($11.75 in chips) 
Seat 4: mkscorpion1 ($7.60 in chips) 
Seat 5: qu4nTuM-fLuX ($22.15 in chips) 
Seat 6: Alameda22 ($24.40 in chips) 
Seat 7: Raven Jeff ($25 in chips) 
Seat 8: rafachevere ($47.55 in chips) 
Seat 9: CLAYTONTODAY ($16.40 in chips) 
Alameda22: posts small blind $0.10
Raven Jeff: posts big blind $0.25
*** HOLE CARDS ***
Dealt to Alameda22 [8h 6s]
rafachevere: raises $0.85 to $1.10
CLAYTONTODAY: folds 
snakeyes923: folds 
shuns snukis: folds 
jeff0465: folds 
mkscorpion1: folds 
qu4nTuM-fLuX: folds 
Alameda22: folds 
Raven Jeff: folds 
Uncalled bet ($0.85) returned to rafachevere
rafachevere collected $0.60 from pot
rafachevere: doesn't show hand 
*** SUMMARY ***
Total pot $0.60 | Rake $0 
Seat 1: snakeyes923 folded before Flop (didn't bet)
Seat 2: shuns snukis folded before Flop (didn't bet)
Seat 3: jeff0465 folded before Flop (didn't bet)
Seat 4: mkscorpion1 folded before Flop (didn't bet)
Seat 5: qu4nTuM-fLuX (button) folded before Flop (didn't bet)
Seat 6: Alameda22 (small blind) folded before Flop
Seat 7: Raven Jeff (big blind) folded before Flop
Seat 8: rafachevere collected ($0.60)
Seat 9: CLAYTONTODAY folded before Flop (didn't bet)



PokerStars Game #19952141556:  Hold'em No Limit ($0.10/$0.25) - 2008/08/27 - 22:18:46 (ET)
Table 'Tinette' 9-max Seat #6 is the button
Seat 1: snakeyes923 ($43.80 in chips) 
Seat 2: shuns snukis ($13.55 in chips) 
Seat 3: jeff0465 ($11.75 in chips) 
Seat 4: mkscorpion1 ($7.60 in chips) 
Seat 5: qu4nTuM-fLuX ($25 in chips) 
Seat 6: Alameda22 ($24.30 in chips) 
Seat 7: Raven Jeff ($24.75 in chips) 
Seat 8: rafachevere ($47.90 in chips) 
Seat 9: CLAYTONTODAY ($16.40 in chips) 
Raven Jeff: posts small blind $0.10
rafachevere: posts big blind $0.25
*** HOLE CARDS ***
Dealt to Alameda22 [Ks Qs]
CLAYTONTODAY: calls $0.25
snakeyes923: folds 
shuns snukis: raises $0.25 to $0.50
jeff0465: calls $0.50
mkscorpion1: folds 
qu4nTuM-fLuX: folds 
Alameda22: calls $0.50
Raven Jeff: folds 
rafachevere: calls $0.25
CLAYTONTODAY: calls $0.25
*** FLOP *** [9h 2h 9c]
rafachevere: checks 
CLAYTONTODAY: checks 
shuns snukis: bets $2
jeff0465: folds 
Alameda22: folds 
rafachevere: folds 
CLAYTONTODAY: folds 
Uncalled bet ($2) returned to shuns snukis
shuns snukis collected $2.50 from pot
shuns snukis: doesn't show hand 
*** SUMMARY ***
Total pot $2.60 | Rake $0.10 
Board [9h 2h 9c]
Seat 1: snakeyes923 folded before Flop (didn't bet)
Seat 2: shuns snukis collected ($2.50)
Seat 3: jeff0465 folded on the Flop
Seat 4: mkscorpion1 folded before Flop (didn't bet)
Seat 5: qu4nTuM-fLuX folded before Flop (didn't bet)
Seat 6: Alameda22 (button) folded on the Flop
Seat 7: Raven Jeff (small blind) folded before Flop
Seat 8: rafachevere (big blind) folded on the Flop
Seat 9: CLAYTONTODAY folded on the Flop



PokerStars Game #19952170048:  Hold'em No Limit ($0.10/$0.25) - 2008/08/27 - 22:20:01 (ET)
Table 'Tinette' 9-max Seat #7 is the button
Seat 1: snakeyes923 ($43.80 in chips) 
Seat 2: shuns snukis ($15.55 in chips) 
Seat 3: jeff0465 ($11.25 in chips) 
Seat 4: mkscorpion1 ($7.60 in chips) 
Seat 5: qu4nTuM-fLuX ($25 in chips) 
Seat 6: Alameda22 ($23.80 in chips) 
Seat 7: Raven Jeff ($24.65 in chips) 
Seat 8: rafachevere ($47.40 in chips) 
Seat 9: CLAYTONTODAY ($15.90 in chips) 
rafachevere: posts small blind $0.10
CLAYTONTODAY: posts big blind $0.25
*** HOLE CARDS ***
Dealt to Alameda22 [Js 7s]
snakeyes923: folds 
shuns snukis: calls $0.25
jeff0465: calls $0.25
mkscorpion1: folds 
qu4nTuM-fLuX: folds 
Alameda22: folds 
Raven Jeff: calls $0.25
rafachevere: raises $0.90 to $1.15
CLAYTONTODAY: raises $0.90 to $2.05
shuns snukis: folds 
jeff0465: calls $1.80
Raven Jeff: folds 
rafachevere: raises $4.95 to $7
CLAYTONTODAY: folds 
jeff0465: calls $4.95
*** FLOP *** [7h Ts Jh]
rafachevere is connected 
rafachevere: bets $4.25
jeff0465: calls $4.25 and is all-in
*** TURN *** [7h Ts Jh] [6d]
*** RIVER *** [7h Ts Jh 6d] [Kh]
*** SHOW DOWN ***
rafachevere: shows [Kd Kc] (three of a kind, Kings)
jeff0465: mucks hand 
rafachevere collected $23.85 from pot
*** SUMMARY ***
Total pot $25.05 | Rake $1.20 
Board [7h Ts Jh 6d Kh]
Seat 1: snakeyes923 folded before Flop (didn't bet)
Seat 2: shuns snukis folded before Flop
Seat 3: jeff0465 mucked [Tc 6c]
Seat 4: mkscorpion1 folded before Flop (didn't bet)
Seat 5: qu4nTuM-fLuX folded before Flop (didn't bet)
Seat 6: Alameda22 folded before Flop (didn't bet)
Seat 7: Raven Jeff (button) folded before Flop
Seat 8: rafachevere (small blind) showed [Kd Kc] and won ($23.85) with three of a kind, Kings
Seat 9: CLAYTONTODAY (big blind) folded before Flop



PokerStars Game #19952215133:  Hold'em No Limit ($0.10/$0.25) - 2008/08/27 - 22:22:00 (ET)
Table 'Tinette' 9-max Seat #8 is the button
Seat 1: snakeyes923 ($43.80 in chips) 
Seat 2: shuns snukis ($15.30 in chips) 
Seat 4: mkscorpion1 ($7.60 in chips) 
Seat 5: qu4nTuM-fLuX ($25 in chips) 
Seat 6: Alameda22 ($23.80 in chips) 
Seat 7: Raven Jeff ($24.40 in chips) 
Seat 8: rafachevere ($60 in chips) 
Seat 9: CLAYTONTODAY ($13.85 in chips) 
CLAYTONTODAY: posts small blind $0.10
snakeyes923: posts big blind $0.25
*** HOLE CARDS ***
Dealt to Alameda22 [7h Ks]
shuns snukis: folds 
mkscorpion1: calls $0.25
jeff0465 leaves the table
qu4nTuM-fLuX: folds 
FlagellumD joins the table at seat #3 
Alameda22: folds 
Raven Jeff: folds 
rafachevere: calls $0.25
CLAYTONTODAY: calls $0.15
snakeyes923: checks 
*** FLOP *** [9s Jd 2s]
CLAYTONTODAY: bets $0.25
snakeyes923: folds 
mkscorpion1 is disconnected 
mkscorpion1 is connected 
mkscorpion1: calls $0.25
rafachevere: folds 
*** TURN *** [9s Jd 2s] [Td]
CLAYTONTODAY: checks 
mkscorpion1: bets $0.75
CLAYTONTODAY: calls $0.75
*** RIVER *** [9s Jd 2s Td] [4h]
CLAYTONTODAY: checks 
mkscorpion1: checks 
*** SHOW DOWN ***
CLAYTONTODAY: shows [Ah 9c] (a pair of Nines)
mkscorpion1: shows [Th 9d] (two pair, Tens and Nines)
mkscorpion1 collected $2.90 from pot
*** SUMMARY ***
Total pot $3 | Rake $0.10 
Board [9s Jd 2s Td 4h]
Seat 1: snakeyes923 (big blind) folded on the Flop
Seat 2: shuns snukis folded before Flop (didn't bet)
Seat 4: mkscorpion1 showed [Th 9d] and won ($2.90) with two pair, Tens and Nines
Seat 5: qu4nTuM-fLuX folded before Flop (didn't bet)
Seat 6: Alameda22 folded before Flop (didn't bet)
Seat 7: Raven Jeff folded before Flop (didn't bet)
Seat 8: rafachevere (button) folded on the Flop
Seat 9: CLAYTONTODAY (small blind) showed [Ah 9c] and lost with a pair of Nines



PokerStars Game #19952254499:  Hold'em No Limit ($0.10/$0.25) - 2008/08/27 - 22:23:44 (ET)
Table 'Tinette' 9-max Seat #9 is the button
Seat 1: snakeyes923 ($43.55 in chips) 
Seat 2: shuns snukis ($15.30 in chips) 
Seat 4: mkscorpion1 ($9.25 in chips) 
Seat 5: qu4nTuM-fLuX ($25 in chips) 
Seat 6: Alameda22 ($23.80 in chips) 
Seat 7: Raven Jeff ($24.40 in chips) 
Seat 8: rafachevere ($59.75 in chips) 
Seat 9: CLAYTONTODAY ($12.60 in chips) 
snakeyes923: posts small blind $0.10
shuns snukis: posts big blind $0.25
FlagellumD: sits out 
*** HOLE CARDS ***
Dealt to Alameda22 [Qs 4s]
mkscorpion1: calls $0.25
qu4nTuM-fLuX: raises $1 to $1.25
Alameda22: folds 
Raven Jeff: folds 
rafachevere: folds 
CLAYTONTODAY: folds 
snakeyes923: folds 
shuns snukis: raises $1.75 to $3
mkscorpion1: folds 
qu4nTuM-fLuX: folds 
Uncalled bet ($1.75) returned to shuns snukis
shuns snukis collected $2.85 from pot
shuns snukis: doesn't show hand 
*** SUMMARY ***
Total pot $2.85 | Rake $0 
Seat 1: snakeyes923 (small blind) folded before Flop
Seat 2: shuns snukis (big blind) collected ($2.85)
Seat 4: mkscorpion1 folded before Flop
Seat 5: qu4nTuM-fLuX folded before Flop
Seat 6: Alameda22 folded before Flop (didn't bet)
Seat 7: Raven Jeff folded before Flop (didn't bet)
Seat 8: rafachevere folded before Flop (didn't bet)
Seat 9: CLAYTONTODAY (button) folded before Flop (didn't bet)



PokerStars Game #19952273712:  Hold'em No Limit ($0.10/$0.25) - 2008/08/27 - 22:24:35 (ET)
Table 'Tinette' 9-max Seat #1 is the button
Seat 1: snakeyes923 ($43.45 in chips) 
Seat 2: shuns snukis ($16.90 in chips) 
Seat 3: FlagellumD ($25 in chips) 
Seat 4: mkscorpion1 ($9 in chips) 
Seat 5: qu4nTuM-fLuX ($23.75 in chips) 
Seat 6: Alameda22 ($23.80 in chips) 
Seat 7: Raven Jeff ($24.40 in chips) 
Seat 8: rafachevere ($59.75 in chips) 
Seat 9: CLAYTONTODAY ($12.60 in chips) 
shuns snukis: posts small blind $0.10
FlagellumD: posts big blind $0.25
*** HOLE CARDS ***
Dealt to Alameda22 [Td 4c]
mkscorpion1: folds 
qu4nTuM-fLuX: raises $0.25 to $0.50
Alameda22: folds 
Raven Jeff: folds 
rafachevere: folds 
CLAYTONTODAY: folds 
snakeyes923: folds 
shuns snukis: calls $0.40
FlagellumD: raises $1.50 to $2
qu4nTuM-fLuX: folds 
shuns snukis: calls $1.50
*** FLOP *** [7d Ac 4d]
shuns snukis: checks 
FlagellumD: bets $1
shuns snukis: calls $1
*** TURN *** [7d Ac 4d] [Jh]
shuns snukis: checks 
mkscorpion1 said, "25 25 25"
mkscorpion1 leaves the table
FlagellumD: checks 
*** RIVER *** [7d Ac 4d Jh] [4h]
shuns snukis: bets $2
FlagellumD: calls $2
jupa02 joins the table at seat #4 
*** SHOW DOWN ***
shuns snukis: shows [Kh Kd] (two pair, Kings and Fours)
FlagellumD: shows [Kc Ks] (two pair, Kings and Fours)
shuns snukis collected $5 from pot
FlagellumD collected $5 from pot
FlagellumD said, "nh;)"
*** SUMMARY ***
Total pot $10.50 | Rake $0.50 
Board [7d Ac 4d Jh 4h]
Seat 1: snakeyes923 (button) folded before Flop (didn't bet)
Seat 2: shuns snukis (small blind) showed [Kh Kd] and won ($5) with two pair, Kings and Fours
Seat 3: FlagellumD (big blind) showed [Kc Ks] and won ($5) with two pair, Kings and Fours
Seat 4: mkscorpion1 folded before Flop (didn't bet)
Seat 5: qu4nTuM-fLuX folded before Flop
Seat 6: Alameda22 folded before Flop (didn't bet)
Seat 7: Raven Jeff folded before Flop (didn't bet)
Seat 8: rafachevere folded before Flop (didn't bet)
Seat 9: CLAYTONTODAY folded before Flop (didn't bet)



PokerStars Game #19952319558:  Hold'em No Limit ($0.10/$0.25) - 2008/08/27 - 22:26:35 (ET)
Table 'Tinette' 9-max Seat #2 is the button
Seat 1: snakeyes923 ($43.45 in chips) 
Seat 2: shuns snukis ($16.90 in chips) 
Seat 3: FlagellumD ($25 in chips) 
Seat 4: jupa02 ($10 in chips) 
Seat 5: qu4nTuM-fLuX ($25 in chips) 
Seat 6: Alameda22 ($23.80 in chips) 
Seat 7: Raven Jeff ($24.40 in chips) 
Seat 8: rafachevere ($59.75 in chips) 
Seat 9: CLAYTONTODAY ($12.60 in chips) 
FlagellumD: posts small blind $0.10
jupa02: posts big blind $0.25
*** HOLE CARDS ***
Dealt to Alameda22 [7h Kd]
qu4nTuM-fLuX: calls $0.25
Alameda22: folds 
Raven Jeff: folds 
rafachevere: folds 
CLAYTONTODAY: folds 
snakeyes923: calls $0.25
shuns snukis: calls $0.25
FlagellumD: calls $0.15
jupa02: checks 
*** FLOP *** [Ad Kc 8h]
FlagellumD: checks 
jupa02: checks 
qu4nTuM-fLuX: checks 
snakeyes923: bets $1
shuns snukis: raises $4 to $5
FlagellumD: folds 
jupa02: folds 
qu4nTuM-fLuX: folds 
snakeyes923: raises $12 to $17
shuns snukis: calls $11.65 and is all-in
Uncalled bet ($0.35) returned to snakeyes923
*** TURN *** [Ad Kc 8h] [8s]
*** RIVER *** [Ad Kc 8h 8s] [Jd]
*** SHOW DOWN ***
snakeyes923: shows [Jh Ah] (two pair, Aces and Jacks)
shuns snukis: mucks hand 
snakeyes923 collected $32.85 from pot
*** SUMMARY ***
Total pot $34.55 | Rake $1.70 
Board [Ad Kc 8h 8s Jd]
Seat 1: snakeyes923 showed [Jh Ah] and won ($32.85) with two pair, Aces and Jacks
Seat 2: shuns snukis (button) mucked [Qh As]
Seat 3: FlagellumD (small blind) folded on the Flop
Seat 4: jupa02 (big blind) folded on the Flop
Seat 5: qu4nTuM-fLuX folded on the Flop
Seat 6: Alameda22 folded before Flop (didn't bet)
Seat 7: Raven Jeff folded before Flop (didn't bet)
Seat 8: rafachevere folded before Flop (didn't bet)
Seat 9: CLAYTONTODAY folded before Flop (didn't bet)



PokerStars Game #19952354192:  Hold'em No Limit ($0.10/$0.25) - 2008/08/27 - 22:28:06 (ET)
Table 'Tinette' 9-max Seat #3 is the button
Seat 1: snakeyes923 ($59.40 in chips) 
Seat 3: FlagellumD ($24.75 in chips) 
Seat 4: jupa02 ($9.75 in chips) 
Seat 5: qu4nTuM-fLuX ($24.75 in chips) 
Seat 6: Alameda22 ($23.80 in chips) 
Seat 7: Raven Jeff ($24.40 in chips) 
Seat 8: rafachevere ($59.75 in chips) 
Seat 9: CLAYTONTODAY ($12.60 in chips) 
jupa02: posts small blind $0.10
qu4nTuM-fLuX: posts big blind $0.25
*** HOLE CARDS ***
Dealt to Alameda22 [Jc 9c]
Alameda22: folds 
Raven Jeff: folds 
rafachevere: calls $0.25
CLAYTONTODAY: calls $0.25
snakeyes923: folds 
shuns snukis said, "nh"
FlagellumD: folds 
jupa02: folds 
shuns snukis leaves the table
qu4nTuM-fLuX: raises $1 to $1.25
Bubba329 joins the table at seat #2 
rafachevere: folds 
CLAYTONTODAY: folds 
Uncalled bet ($1) returned to qu4nTuM-fLuX
qu4nTuM-fLuX collected $0.85 from pot
*** SUMMARY ***
Total pot $0.85 | Rake $0 
Seat 1: snakeyes923 folded before Flop (didn't bet)
Seat 3: FlagellumD (button) folded before Flop (didn't bet)
Seat 4: jupa02 (small blind) folded before Flop
Seat 5: qu4nTuM-fLuX (big blind) collected ($0.85)
Seat 6: Alameda22 folded before Flop (didn't bet)
Seat 7: Raven Jeff folded before Flop (didn't bet)
Seat 8: rafachevere folded before Flop
Seat 9: CLAYTONTODAY folded before Flop



PokerStars Game #19952367785:  Hold'em No Limit ($0.10/$0.25) - 2008/08/27 - 22:28:42 (ET)
Table 'Tinette' 9-max Seat #4 is the button
Seat 1: snakeyes923 ($59.40 in chips) 
Seat 2: Bubba329 ($25 in chips) 
Seat 3: FlagellumD ($24.75 in chips) 
Seat 4: jupa02 ($9.65 in chips) 
Seat 5: qu4nTuM-fLuX ($25.35 in chips) 
Seat 6: Alameda22 ($23.80 in chips) 
Seat 7: Raven Jeff ($24.40 in chips) 
Seat 8: rafachevere ($59.50 in chips) 
Seat 9: CLAYTONTODAY ($12.35 in chips) 
qu4nTuM-fLuX: posts small blind $0.10
Alameda22: posts big blind $0.25
Bubba329: posts big blind $0.25
*** HOLE CARDS ***
Dealt to Alameda22 [4c Kc]
Raven Jeff: folds 
rafachevere: raises $0.85 to $1.10
CLAYTONTODAY: folds 
snakeyes923: folds 
Bubba329: folds 
FlagellumD: folds 
jupa02: folds 
qu4nTuM-fLuX: folds 
Alameda22: folds 
Uncalled bet ($0.85) returned to rafachevere
rafachevere collected $0.85 from pot
rafachevere: doesn't show hand 
*** SUMMARY ***
Total pot $0.85 | Rake $0 
Seat 1: snakeyes923 folded before Flop (didn't bet)
Seat 2: Bubba329 folded before Flop
Seat 3: FlagellumD folded before Flop (didn't bet)
Seat 4: jupa02 (button) folded before Flop (didn't bet)
Seat 5: qu4nTuM-fLuX (small blind) folded before Flop
Seat 6: Alameda22 (big blind) folded before Flop
Seat 7: Raven Jeff folded before Flop (didn't bet)
Seat 8: rafachevere collected ($0.85)
Seat 9: CLAYTONTODAY folded before Flop (didn't bet)



PokerStars Game #19952388840:  Hold'em No Limit ($0.10/$0.25) - 2008/08/27 - 22:29:36 (ET)
Table 'Tinette' 9-max Seat #5 is the button
Seat 1: snakeyes923 ($59.40 in chips) 
Seat 2: Bubba329 ($24.75 in chips) 
Seat 3: FlagellumD ($24.75 in chips) 
Seat 4: jupa02 ($9.65 in chips) 
Seat 5: qu4nTuM-fLuX ($25.25 in chips) 
Seat 6: Alameda22 ($23.55 in chips) 
Seat 7: Raven Jeff ($24.40 in chips) 
Seat 8: rafachevere ($60.10 in chips) 
Seat 9: CLAYTONTODAY ($12.35 in chips) 
Alameda22: posts small blind $0.10
Raven Jeff: posts big blind $0.25
*** HOLE CARDS ***
Dealt to Alameda22 [Jc 3h]
rafachevere: folds 
CLAYTONTODAY: folds 
snakeyes923: folds 
Bubba329: calls $0.25
FlagellumD: folds 
jupa02: folds 
qu4nTuM-fLuX: raises $1 to $1.25
Alameda22: folds 
Raven Jeff: raises $2.75 to $4
Bubba329: folds 
qu4nTuM-fLuX: folds 
Uncalled bet ($2.75) returned to Raven Jeff
Raven Jeff collected $2.85 from pot
*** SUMMARY ***
Total pot $2.85 | Rake $0 
Seat 1: snakeyes923 folded before Flop (didn't bet)
Seat 2: Bubba329 folded before Flop
Seat 3: FlagellumD folded before Flop (didn't bet)
Seat 4: jupa02 folded before Flop (didn't bet)
Seat 5: qu4nTuM-fLuX (button) folded before Flop
Seat 6: Alameda22 (small blind) folded before Flop
Seat 7: Raven Jeff (big blind) collected ($2.85)
Seat 8: rafachevere folded before Flop (didn't bet)
Seat 9: CLAYTONTODAY folded before Flop (didn't bet)



PokerStars Game #19952413870:  Hold'em No Limit ($0.10/$0.25) - 2008/08/27 - 22:30:41 (ET)
Table 'Tinette' 9-max Seat #6 is the button
Seat 1: snakeyes923 ($59.40 in chips) 
Seat 2: Bubba329 ($24.50 in chips) 
Seat 3: FlagellumD ($24.75 in chips) 
Seat 4: jupa02 ($9.65 in chips) 
Seat 5: qu4nTuM-fLuX ($24 in chips) 
Seat 6: Alameda22 ($23.45 in chips) 
Seat 7: Raven Jeff ($26 in chips) 
Seat 8: rafachevere ($60.10 in chips) 
Seat 9: CLAYTONTODAY ($12.35 in chips) 
Raven Jeff: posts small blind $0.10
rafachevere: posts big blind $0.25
*** HOLE CARDS ***
Dealt to Alameda22 [Kc 6d]
CLAYTONTODAY: calls $0.25
snakeyes923: folds 
Bubba329: folds 
FlagellumD: folds 
jupa02: folds 
snakeyes923 leaves the table
qu4nTuM-fLuX: raises $0.50 to $0.75
Alameda22: folds 
Raven Jeff: folds 
rafachevere: folds 
CLAYTONTODAY: calls $0.50
*** FLOP *** [2s 7h Jd]
CLAYTONTODAY: bets $1
qu4nTuM-fLuX: raises $1.75 to $2.75
CLAYTONTODAY: folds 
Uncalled bet ($1.75) returned to qu4nTuM-fLuX
qu4nTuM-fLuX collected $3.70 from pot
WooLeeJung joins the table at seat #1 
*** SUMMARY ***
Total pot $3.85 | Rake $0.15 
Board [2s 7h Jd]
Seat 1: snakeyes923 folded before Flop (didn't bet)
Seat 2: Bubba329 folded before Flop (didn't bet)
Seat 3: FlagellumD folded before Flop (didn't bet)
Seat 4: jupa02 folded before Flop (didn't bet)
Seat 5: qu4nTuM-fLuX collected ($3.70)
Seat 6: Alameda22 (button) folded before Flop (didn't bet)
Seat 7: Raven Jeff (small blind) folded before Flop
Seat 8: rafachevere (big blind) folded before Flop
Seat 9: CLAYTONTODAY folded on the Flop



PokerStars Game #19952445447:  Hold'em No Limit ($0.10/$0.25) - 2008/08/27 - 22:31:59 (ET)
Table 'Tinette' 9-max Seat #7 is the button
Seat 2: Bubba329 ($24.50 in chips) 
Seat 3: FlagellumD ($24.75 in chips) 
Seat 4: jupa02 ($9.65 in chips) 
Seat 5: qu4nTuM-fLuX ($25.95 in chips) 
Seat 6: Alameda22 ($23.45 in chips) 
Seat 7: Raven Jeff ($25.90 in chips) 
Seat 8: rafachevere ($59.85 in chips) 
Seat 9: CLAYTONTODAY ($10.60 in chips) 
rafachevere: posts small blind $0.10
CLAYTONTODAY: posts big blind $0.25
WooLeeJung: sits out 
*** HOLE CARDS ***
Dealt to Alameda22 [Ts 5c]
Bubba329: raises $0.75 to $1
FlagellumD: folds 
jupa02: folds 
qu4nTuM-fLuX: folds 
Alameda22: folds 
Raven Jeff: folds 
rafachevere: folds 
CLAYTONTODAY: raises $9.60 to $10.60 and is all-in
Bubba329: calls $9.60
*** FLOP *** [5d Kh 6s]
*** TURN *** [5d Kh 6s] [4s]
*** RIVER *** [5d Kh 6s 4s] [9s]
*** SHOW DOWN ***
CLAYTONTODAY: shows [Ah Kc] (a pair of Kings)
Bubba329: mucks hand 
CLAYTONTODAY collected $20.25 from pot
*** SUMMARY ***
Total pot $21.30 | Rake $1.05 
Board [5d Kh 6s 4s 9s]
Seat 2: Bubba329 mucked [Qh Qs]
Seat 3: FlagellumD folded before Flop (didn't bet)
Seat 4: jupa02 folded before Flop (didn't bet)
Seat 5: qu4nTuM-fLuX folded before Flop (didn't bet)
Seat 6: Alameda22 folded before Flop (didn't bet)
Seat 7: Raven Jeff (button) folded before Flop (didn't bet)
Seat 8: rafachevere (small blind) folded before Flop
Seat 9: CLAYTONTODAY (big blind) showed [Ah Kc] and won ($20.25) with a pair of Kings



PokerStars Game #19952472301:  Hold'em No Limit ($0.10/$0.25) - 2008/08/27 - 22:33:04 (ET)
Table 'Tinette' 9-max Seat #8 is the button
Seat 1: WooLeeJung ($25 in chips) 
Seat 2: Bubba329 ($13.90 in chips) 
Seat 3: FlagellumD ($24.75 in chips) 
Seat 4: jupa02 ($9.65 in chips) 
Seat 5: qu4nTuM-fLuX ($25.95 in chips) 
Seat 6: Alameda22 ($23.45 in chips) 
Seat 7: Raven Jeff ($25.90 in chips) 
Seat 8: rafachevere ($59.75 in chips) 
Seat 9: CLAYTONTODAY ($20.25 in chips) 
CLAYTONTODAY: posts small blind $0.10
WooLeeJung: posts big blind $0.25
*** HOLE CARDS ***
Dealt to Alameda22 [Kd 7d]
Bubba329: folds 
FlagellumD: calls $0.25
jupa02: folds 
qu4nTuM-fLuX: folds 
Alameda22: folds 
Raven Jeff: raises $1 to $1.25
rafachevere: folds 
CLAYTONTODAY: folds 
WooLeeJung: folds 
FlagellumD: folds 
Uncalled bet ($1) returned to Raven Jeff
Raven Jeff collected $0.85 from pot
Raven Jeff: doesn't show hand 
*** SUMMARY ***
Total pot $0.85 | Rake $0 
Seat 1: WooLeeJung (big blind) folded before Flop
Seat 2: Bubba329 folded before Flop (didn't bet)
Seat 3: FlagellumD folded before Flop
Seat 4: jupa02 folded before Flop (didn't bet)
Seat 5: qu4nTuM-fLuX folded before Flop (didn't bet)
Seat 6: Alameda22 folded before Flop (didn't bet)
Seat 7: Raven Jeff collected ($0.85)
Seat 8: rafachevere (button) folded before Flop (didn't bet)
Seat 9: CLAYTONTODAY (small blind) folded before Flop



PokerStars Game #19952502068:  Hold'em No Limit ($0.10/$0.25) - 2008/08/27 - 22:34:16 (ET)
Table 'Tinette' 9-max Seat #9 is the button
Seat 1: WooLeeJung ($24.75 in chips) 
Seat 2: Bubba329 ($25 in chips) 
Seat 3: FlagellumD ($24.50 in chips) 
Seat 4: jupa02 ($9.65 in chips) 
Seat 5: qu4nTuM-fLuX ($25.95 in chips) 
Seat 6: Alameda22 ($23.45 in chips) 
Seat 7: Raven Jeff ($26.50 in chips) 
Seat 8: rafachevere ($59.75 in chips) 
Seat 9: CLAYTONTODAY ($20.15 in chips) 
WooLeeJung: posts small blind $0.10
Bubba329: posts big blind $0.25
*** HOLE CARDS ***
Dealt to Alameda22 [4c Js]
FlagellumD: folds 
jupa02: folds 
qu4nTuM-fLuX: folds 
Alameda22: folds 
Raven Jeff: folds 
rafachevere: folds 
CLAYTONTODAY: folds 
WooLeeJung: calls $0.15
Bubba329: checks 
*** FLOP *** [8s 2s Qs]
WooLeeJung: checks 
Bubba329: checks 
*** TURN *** [8s 2s Qs] [9d]
WooLeeJung: checks 
Bubba329: checks 
*** RIVER *** [8s 2s Qs 9d] [Ks]
WooLeeJung: checks 
Bubba329: checks 
*** SHOW DOWN ***
WooLeeJung: shows [Td Kd] (a pair of Kings)
Bubba329: mucks hand 
WooLeeJung collected $0.50 from pot
*** SUMMARY ***
Total pot $0.50 | Rake $0 
Board [8s 2s Qs 9d Ks]
Seat 1: WooLeeJung (small blind) showed [Td Kd] and won ($0.50) with a pair of Kings
Seat 2: Bubba329 (big blind) mucked [Jh 2c]
Seat 3: FlagellumD folded before Flop (didn't bet)
Seat 4: jupa02 folded before Flop (didn't bet)
Seat 5: qu4nTuM-fLuX folded before Flop (didn't bet)
Seat 6: Alameda22 folded before Flop (didn't bet)
Seat 7: Raven Jeff folded before Flop (didn't bet)
Seat 8: rafachevere folded before Flop (didn't bet)
Seat 9: CLAYTONTODAY (button) folded before Flop (didn't bet)



PokerStars Game #19952530182:  Hold'em No Limit ($0.10/$0.25) - 2008/08/27 - 22:35:26 (ET)
Table 'Tinette' 9-max Seat #1 is the button
Seat 1: WooLeeJung ($25 in chips) 
Seat 2: Bubba329 ($24.75 in chips) 
Seat 3: FlagellumD ($24.50 in chips) 
Seat 4: jupa02 ($9.65 in chips) 
Seat 5: qu4nTuM-fLuX ($25.95 in chips) 
Seat 6: Alameda22 ($23.45 in chips) 
Seat 7: Raven Jeff ($26.50 in chips) 
Seat 8: rafachevere ($59.75 in chips) 
Seat 9: CLAYTONTODAY ($20.15 in chips) 
Bubba329: posts small blind $0.10
FlagellumD: posts big blind $0.25
*** HOLE CARDS ***
Dealt to Alameda22 [4h 3s]
jupa02: folds 
qu4nTuM-fLuX: folds 
Alameda22: folds 
Raven Jeff: calls $0.25
rafachevere: folds 
CLAYTONTODAY: folds 
WooLeeJung: calls $0.25
Bubba329: folds 
FlagellumD: checks 
*** FLOP *** [3d Kc Qh]
FlagellumD: checks 
Raven Jeff: checks 
WooLeeJung: bets $1
FlagellumD: folds 
Raven Jeff: folds 
Uncalled bet ($1) returned to WooLeeJung
WooLeeJung collected $0.85 from pot
WooLeeJung: doesn't show hand 
*** SUMMARY ***
Total pot $0.85 | Rake $0 
Board [3d Kc Qh]
Seat 1: WooLeeJung (button) collected ($0.85)
Seat 2: Bubba329 (small blind) folded before Flop
Seat 3: FlagellumD (big blind) folded on the Flop
Seat 4: jupa02 folded before Flop (didn't bet)
Seat 5: qu4nTuM-fLuX folded before Flop (didn't bet)
Seat 6: Alameda22 folded before Flop (didn't bet)
Seat 7: Raven Jeff folded on the Flop
Seat 8: rafachevere folded before Flop (didn't bet)
Seat 9: CLAYTONTODAY folded before Flop (didn't bet)



PokerStars Game #19952549151:  Hold'em No Limit ($0.10/$0.25) - 2008/08/27 - 22:36:14 (ET)
Table 'Tinette' 9-max Seat #2 is the button
Seat 1: WooLeeJung ($25.60 in chips) 
Seat 2: Bubba329 ($24.65 in chips) 
Seat 3: FlagellumD ($24.25 in chips) 
Seat 4: jupa02 ($9.65 in chips) 
Seat 5: qu4nTuM-fLuX ($25.95 in chips) 
Seat 6: Alameda22 ($23.45 in chips) 
Seat 7: Raven Jeff ($26.25 in chips) 
Seat 8: rafachevere ($59.75 in chips) 
Seat 9: CLAYTONTODAY ($20.15 in chips) 
FlagellumD: posts small blind $0.10
jupa02: posts big blind $0.25
*** HOLE CARDS ***
Dealt to Alameda22 [As 7d]
qu4nTuM-fLuX: folds 
Alameda22: folds 
Raven Jeff: folds 
rafachevere: folds 
CLAYTONTODAY: calls $0.25
WooLeeJung: raises $0.75 to $1
Bubba329: folds 
FlagellumD: folds 
jupa02: folds 
CLAYTONTODAY: calls $0.75
*** FLOP *** [7h 9c Ks]
CLAYTONTODAY: checks 
WooLeeJung: bets $1.75
CLAYTONTODAY: folds 
Uncalled bet ($1.75) returned to WooLeeJung
WooLeeJung collected $2.25 from pot
WooLeeJung: doesn't show hand 
*** SUMMARY ***
Total pot $2.35 | Rake $0.10 
Board [7h 9c Ks]
Seat 1: WooLeeJung collected ($2.25)
Seat 2: Bubba329 (button) folded before Flop (didn't bet)
Seat 3: FlagellumD (small blind) folded before Flop
Seat 4: jupa02 (big blind) folded before Flop
Seat 5: qu4nTuM-fLuX folded before Flop (didn't bet)
Seat 6: Alameda22 folded before Flop (didn't bet)
Seat 7: Raven Jeff folded before Flop (didn't bet)
Seat 8: rafachevere folded before Flop (didn't bet)
Seat 9: CLAYTONTODAY folded on the Flop



PokerStars Game #19952570203:  Hold'em No Limit ($0.10/$0.25) - 2008/08/27 - 22:37:07 (ET)
Table 'Tinette' 9-max Seat #3 is the button
Seat 1: WooLeeJung ($26.85 in chips) 
Seat 2: Bubba329 ($24.65 in chips) 
Seat 3: FlagellumD ($24.15 in chips) 
Seat 4: jupa02 ($9.40 in chips) 
Seat 5: qu4nTuM-fLuX ($25.95 in chips) 
Seat 6: Alameda22 ($23.45 in chips) 
Seat 7: Raven Jeff ($26.25 in chips) 
Seat 8: rafachevere ($59.75 in chips) 
Seat 9: CLAYTONTODAY ($19.15 in chips) 
jupa02: posts small blind $0.10
qu4nTuM-fLuX: posts big blind $0.25
*** HOLE CARDS ***
Dealt to Alameda22 [3h 2h]
Alameda22: folds 
Raven Jeff: folds 
rafachevere: raises $0.60 to $0.85
CLAYTONTODAY: folds 
WooLeeJung: folds 
Bubba329: calls $0.85
FlagellumD: folds 
jupa02: folds 
qu4nTuM-fLuX: folds 
*** FLOP *** [9d Js 6d]
rafachevere: checks 
Bubba329: checks 
*** TURN *** [9d Js 6d] [3c]
rafachevere: bets $1.30
Bubba329: folds 
Uncalled bet ($1.30) returned to rafachevere
rafachevere collected $1.95 from pot
rafachevere: doesn't show hand 
*** SUMMARY ***
Total pot $2.05 | Rake $0.10 
Board [9d Js 6d 3c]
Seat 1: WooLeeJung folded before Flop (didn't bet)
Seat 2: Bubba329 folded on the Turn
Seat 3: FlagellumD (button) folded before Flop (didn't bet)
Seat 4: jupa02 (small blind) folded before Flop
Seat 5: qu4nTuM-fLuX (big blind) folded before Flop
Seat 6: Alameda22 folded before Flop (didn't bet)
Seat 7: Raven Jeff folded before Flop (didn't bet)
Seat 8: rafachevere collected ($1.95)
Seat 9: CLAYTONTODAY folded before Flop (didn't bet)



PokerStars Game #19952598904:  Hold'em No Limit ($0.10/$0.25) - 2008/08/27 - 22:38:17 (ET)
Table 'Tinette' 9-max Seat #4 is the button
Seat 1: WooLeeJung ($26.85 in chips) 
Seat 2: Bubba329 ($23.80 in chips) 
Seat 3: FlagellumD ($24.15 in chips) 
Seat 4: jupa02 ($9.30 in chips) 
Seat 5: qu4nTuM-fLuX ($25.70 in chips) 
Seat 6: Alameda22 ($23.45 in chips) 
Seat 7: Raven Jeff ($26.25 in chips) 
Seat 8: rafachevere ($60.85 in chips) 
Seat 9: CLAYTONTODAY ($19.15 in chips) 
qu4nTuM-fLuX: posts small blind $0.10
Alameda22: posts big blind $0.25
*** HOLE CARDS ***
Dealt to Alameda22 [2s 3h]
Raven Jeff: folds 
rafachevere: folds 
CLAYTONTODAY: folds 
WooLeeJung: folds 
Bubba329: folds 
FlagellumD: calls $0.25
jupa02: folds 
qu4nTuM-fLuX: folds 
Alameda22: checks 
*** FLOP *** [4c 7h Kd]
Alameda22: checks 
FlagellumD: bets $0.25
Alameda22: folds 
Uncalled bet ($0.25) returned to FlagellumD
FlagellumD collected $0.60 from pot
FlagellumD: doesn't show hand 
*** SUMMARY ***
Total pot $0.60 | Rake $0 
Board [4c 7h Kd]
Seat 1: WooLeeJung folded before Flop (didn't bet)
Seat 2: Bubba329 folded before Flop (didn't bet)
Seat 3: FlagellumD collected ($0.60)
Seat 4: jupa02 (button) folded before Flop (didn't bet)
Seat 5: qu4nTuM-fLuX (small blind) folded before Flop
Seat 6: Alameda22 (big blind) folded on the Flop
Seat 7: Raven Jeff folded before Flop (didn't bet)
Seat 8: rafachevere folded before Flop (didn't bet)
Seat 9: CLAYTONTODAY folded before Flop (didn't bet)



PokerStars Game #19952623971:  Hold'em No Limit ($0.10/$0.25) - 2008/08/27 - 22:39:20 (ET)
Table 'Tinette' 9-max Seat #5 is the button
Seat 1: WooLeeJung ($26.85 in chips) 
Seat 2: Bubba329 ($23.80 in chips) 
Seat 3: FlagellumD ($24.50 in chips) 
Seat 4: jupa02 ($9.30 in chips) 
Seat 5: qu4nTuM-fLuX ($25.60 in chips) 
Seat 6: Alameda22 ($23.20 in chips) 
Seat 7: Raven Jeff ($26.25 in chips) 
Seat 8: rafachevere ($60.85 in chips) 
Seat 9: CLAYTONTODAY ($19.15 in chips) 
Alameda22: posts small blind $0.10
Raven Jeff: posts big blind $0.25
*** HOLE CARDS ***
Dealt to Alameda22 [3c Kh]
rafachevere: folds 
CLAYTONTODAY: folds 
WooLeeJung: folds 
Bubba329: folds 
FlagellumD: calls $0.25
jupa02: raises $0.75 to $1
qu4nTuM-fLuX: folds 
Alameda22: folds 
Raven Jeff: folds 
FlagellumD: calls $0.75
*** FLOP *** [Qd 6c 7h]
FlagellumD: checks 
jupa02: bets $1
FlagellumD: folds 
Uncalled bet ($1) returned to jupa02
jupa02 collected $2.25 from pot
jupa02: doesn't show hand 
*** SUMMARY ***
Total pot $2.35 | Rake $0.10 
Board [Qd 6c 7h]
Seat 1: WooLeeJung folded before Flop (didn't bet)
Seat 2: Bubba329 folded before Flop (didn't bet)
Seat 3: FlagellumD folded on the Flop
Seat 4: jupa02 collected ($2.25)
Seat 5: qu4nTuM-fLuX (button) folded before Flop (didn't bet)
Seat 6: Alameda22 (small blind) folded before Flop
Seat 7: Raven Jeff (big blind) folded before Flop
Seat 8: rafachevere folded before Flop (didn't bet)
Seat 9: CLAYTONTODAY folded before Flop (didn't bet)



PokerStars Game #19952649937:  Hold'em No Limit ($0.10/$0.25) - 2008/08/27 - 22:40:24 (ET)
Table 'Tinette' 9-max Seat #6 is the button
Seat 1: WooLeeJung ($26.85 in chips) 
Seat 2: Bubba329 ($23.80 in chips) 
Seat 3: FlagellumD ($23.50 in chips) 
Seat 4: jupa02 ($10.55 in chips) 
Seat 5: qu4nTuM-fLuX ($25.60 in chips) 
Seat 6: Alameda22 ($23.10 in chips) 
Seat 7: Raven Jeff ($26 in chips) 
Seat 8: rafachevere ($60.85 in chips) 
Seat 9: CLAYTONTODAY ($19.15 in chips) 
Raven Jeff: posts small blind $0.10
rafachevere: posts big blind $0.25
*** HOLE CARDS ***
Dealt to Alameda22 [Ts 9h]
CLAYTONTODAY: folds 
WooLeeJung: folds 
Bubba329: folds 
FlagellumD: folds 
jupa02: folds 
qu4nTuM-fLuX: folds 
Alameda22: folds 
Raven Jeff: folds 
Uncalled bet ($0.15) returned to rafachevere
rafachevere collected $0.20 from pot
rafachevere: doesn't show hand 
*** SUMMARY ***
Total pot $0.20 | Rake $0 
Seat 1: WooLeeJung folded before Flop (didn't bet)
Seat 2: Bubba329 folded before Flop (didn't bet)
Seat 3: FlagellumD folded before Flop (didn't bet)
Seat 4: jupa02 folded before Flop (didn't bet)
Seat 5: qu4nTuM-fLuX folded before Flop (didn't bet)
Seat 6: Alameda22 (button) folded before Flop (didn't bet)
Seat 7: Raven Jeff (small blind) folded before Flop
Seat 8: rafachevere (big blind) collected ($0.20)
Seat 9: CLAYTONTODAY folded before Flop (didn't bet)



PokerStars Game #19952665323:  Hold'em No Limit ($0.10/$0.25) - 2008/08/27 - 22:41:02 (ET)
Table 'Tinette' 9-max Seat #7 is the button
Seat 1: WooLeeJung ($26.85 in chips) 
Seat 2: Bubba329 ($23.80 in chips) 
Seat 3: FlagellumD ($23.50 in chips) 
Seat 4: jupa02 ($10.55 in chips) 
Seat 5: qu4nTuM-fLuX ($25.60 in chips) 
Seat 6: Alameda22 ($23.10 in chips) 
Seat 7: Raven Jeff ($25.90 in chips) 
Seat 8: rafachevere ($60.95 in chips) 
Seat 9: CLAYTONTODAY ($19.15 in chips) 
rafachevere: posts small blind $0.10
CLAYTONTODAY: posts big blind $0.25
*** HOLE CARDS ***
Dealt to Alameda22 [9h Js]
WooLeeJung: folds 
Bubba329: folds 
FlagellumD: folds 
jupa02: calls $0.25
qu4nTuM-fLuX: folds 
Alameda22: folds 
Raven Jeff: calls $0.25
rafachevere: calls $0.15
CLAYTONTODAY: checks 
*** FLOP *** [4c 8d Jc]
rafachevere: checks 
CLAYTONTODAY: checks 
jupa02: bets $1
Raven Jeff: raises $2 to $3
rafachevere: folds 
CLAYTONTODAY: folds 
jupa02: folds 
Uncalled bet ($2) returned to Raven Jeff
Raven Jeff collected $2.90 from pot
Raven Jeff: doesn't show hand 
*** SUMMARY ***
Total pot $3 | Rake $0.10 
Board [4c 8d Jc]
Seat 1: WooLeeJung folded before Flop (didn't bet)
Seat 2: Bubba329 folded before Flop (didn't bet)
Seat 3: FlagellumD folded before Flop (didn't bet)
Seat 4: jupa02 folded on the Flop
Seat 5: qu4nTuM-fLuX folded before Flop (didn't bet)
Seat 6: Alameda22 folded before Flop (didn't bet)
Seat 7: Raven Jeff (button) collected ($2.90)
Seat 8: rafachevere (small blind) folded on the Flop
Seat 9: CLAYTONTODAY (big blind) folded on the Flop



PokerStars Game #19952701155:  Hold'em No Limit ($0.10/$0.25) - 2008/08/27 - 22:42:30 (ET)
Table 'Tinette' 9-max Seat #8 is the button
Seat 1: WooLeeJung ($26.85 in chips) 
Seat 2: Bubba329 ($23.80 in chips) 
Seat 3: FlagellumD ($23.50 in chips) 
Seat 4: jupa02 ($9.30 in chips) 
Seat 5: qu4nTuM-fLuX ($25.60 in chips) 
Seat 6: Alameda22 ($23.10 in chips) 
Seat 7: Raven Jeff ($27.55 in chips) 
Seat 8: rafachevere ($60.70 in chips) 
Seat 9: CLAYTONTODAY ($18.90 in chips) 
CLAYTONTODAY: posts small blind $0.10
WooLeeJung: posts big blind $0.25
*** HOLE CARDS ***
Dealt to Alameda22 [Qs Jh]
Bubba329: folds 
Bubba329 leaves the table
mspitolai joins the table at seat #2 
FlagellumD: folds 
jupa02: folds 
qu4nTuM-fLuX: folds 
Alameda22: folds 
Raven Jeff: folds 
rafachevere: folds 
CLAYTONTODAY: raises $0.50 to $0.75
WooLeeJung: folds 
Uncalled bet ($0.50) returned to CLAYTONTODAY
CLAYTONTODAY collected $0.50 from pot
CLAYTONTODAY: doesn't show hand 
*** SUMMARY ***
Total pot $0.50 | Rake $0 
Seat 1: WooLeeJung (big blind) folded before Flop
Seat 2: Bubba329 folded before Flop (didn't bet)
Seat 3: FlagellumD folded before Flop (didn't bet)
Seat 4: jupa02 folded before Flop (didn't bet)
Seat 5: qu4nTuM-fLuX folded before Flop (didn't bet)
Seat 6: Alameda22 folded before Flop (didn't bet)
Seat 7: Raven Jeff folded before Flop (didn't bet)
Seat 8: rafachevere (button) folded before Flop (didn't bet)
Seat 9: CLAYTONTODAY (small blind) collected ($0.50)



PokerStars Game #19952721841:  Hold'em No Limit ($0.10/$0.25) - 2008/08/27 - 22:43:22 (ET)
Table 'Tinette' 9-max Seat #9 is the button
Seat 1: WooLeeJung ($26.60 in chips) 
Seat 2: mspitolai ($25 in chips) 
Seat 3: FlagellumD ($23.50 in chips) 
Seat 4: jupa02 ($9.30 in chips) 
Seat 5: qu4nTuM-fLuX ($25.60 in chips) 
Seat 6: Alameda22 ($23.10 in chips) 
Seat 7: Raven Jeff ($27.55 in chips) 
Seat 8: rafachevere ($60.70 in chips) 
Seat 9: CLAYTONTODAY ($19.15 in chips) 
WooLeeJung: posts small blind $0.10
mspitolai: posts big blind $0.25
*** HOLE CARDS ***
Dealt to Alameda22 [Th 6s]
FlagellumD: calls $0.25
jupa02: folds 
qu4nTuM-fLuX: folds 
Alameda22: folds 
Raven Jeff: folds 
rafachevere: calls $0.25
CLAYTONTODAY: folds 
WooLeeJung: calls $0.15
mspitolai: checks 
*** FLOP *** [3c 5h 5c]
WooLeeJung: checks 
mspitolai: checks 
FlagellumD: checks 
rafachevere: checks 
*** TURN *** [3c 5h 5c] [Qc]
WooLeeJung: checks 
mspitolai: checks 
FlagellumD: bets $0.25
rafachevere: raises $0.70 to $0.95
WooLeeJung: folds 
mspitolai: folds 
FlagellumD: folds 
Uncalled bet ($0.70) returned to rafachevere
rafachevere collected $1.45 from pot
rafachevere: doesn't show hand 
*** SUMMARY ***
Total pot $1.50 | Rake $0.05 
Board [3c 5h 5c Qc]
Seat 1: WooLeeJung (small blind) folded on the Turn
Seat 2: mspitolai (big blind) folded on the Turn
Seat 3: FlagellumD folded on the Turn
Seat 4: jupa02 folded before Flop (didn't bet)
Seat 5: qu4nTuM-fLuX folded before Flop (didn't bet)
Seat 6: Alameda22 folded before Flop (didn't bet)
Seat 7: Raven Jeff folded before Flop (didn't bet)
Seat 8: rafachevere collected ($1.45)
Seat 9: CLAYTONTODAY (button) folded before Flop (didn't bet)



PokerStars Game #19952777267:  Hold'em No Limit ($0.10/$0.25) - 2008/08/27 - 22:45:40 (ET)
Table 'Tinette' 9-max Seat #1 is the button
Seat 1: WooLeeJung ($26.35 in chips) 
Seat 2: mspitolai ($25 in chips) 
Seat 3: FlagellumD ($23 in chips) 
Seat 4: jupa02 ($9.30 in chips) 
Seat 5: qu4nTuM-fLuX ($25.60 in chips) 
Seat 6: Alameda22 ($23.10 in chips) 
Seat 7: Raven Jeff ($27.55 in chips) 
Seat 8: rafachevere ($61.65 in chips) 
Seat 9: CLAYTONTODAY ($19.15 in chips) 
mspitolai: posts small blind $0.10
FlagellumD: posts big blind $0.25
*** HOLE CARDS ***
Dealt to Alameda22 [7d 9s]
jupa02: folds 
qu4nTuM-fLuX: folds 
Alameda22: folds 
Raven Jeff: folds 
rafachevere: folds 
CLAYTONTODAY: folds 
WooLeeJung: raises $0.75 to $1
mspitolai: folds 
FlagellumD: folds 
Uncalled bet ($0.75) returned to WooLeeJung
WooLeeJung collected $0.60 from pot
WooLeeJung: doesn't show hand 
*** SUMMARY ***
Total pot $0.60 | Rake $0 
Seat 1: WooLeeJung (button) collected ($0.60)
Seat 2: mspitolai (small blind) folded before Flop
Seat 3: FlagellumD (big blind) folded before Flop
Seat 4: jupa02 folded before Flop (didn't bet)
Seat 5: qu4nTuM-fLuX folded before Flop (didn't bet)
Seat 6: Alameda22 folded before Flop (didn't bet)
Seat 7: Raven Jeff folded before Flop (didn't bet)
Seat 8: rafachevere folded before Flop (didn't bet)
Seat 9: CLAYTONTODAY folded before Flop (didn't bet)



PokerStars Game #19952796050:  Hold'em No Limit ($0.10/$0.25) - 2008/08/27 - 22:46:27 (ET)
Table 'Tinette' 9-max Seat #2 is the button
Seat 1: WooLeeJung ($26.70 in chips) 
Seat 2: mspitolai ($25 in chips) 
Seat 3: FlagellumD ($22.75 in chips) 
Seat 4: jupa02 ($9.30 in chips) 
Seat 5: qu4nTuM-fLuX ($25.60 in chips) 
Seat 6: Alameda22 ($23.10 in chips) 
Seat 7: Raven Jeff ($27.55 in chips) 
Seat 8: rafachevere ($61.65 in chips) 
Seat 9: CLAYTONTODAY ($19.15 in chips) 
FlagellumD: posts small blind $0.10
jupa02: posts big blind $0.25
*** HOLE CARDS ***
Dealt to Alameda22 [5h Ts]
qu4nTuM-fLuX: folds 
qu4nTuM-fLuX leaves the table
Alameda22: folds 
Raven Jeff: folds 
rafachevere: folds 
CLAYTONTODAY: raises $0.50 to $0.75
WooLeeJung: folds 
mspitolai: folds 
FlagellumD: calls $0.65
jupa02: folds 
*** FLOP *** [As 6d Jc]
FlagellumD: checks 
CLAYTONTODAY: bets $0.50
FlagellumD: calls $0.50
*** TURN *** [As 6d Jc] [Qc]
FlagellumD: checks 
CLAYTONTODAY: checks 
*** RIVER *** [As 6d Jc Qc] [Qh]
FlagellumD: bets $2
CLAYTONTODAY: calls $2
*** SHOW DOWN ***
FlagellumD: shows [Td Tc] (two pair, Queens and Tens)
CLAYTONTODAY: shows [Kc Jd] (two pair, Queens and Jacks)
CLAYTONTODAY collected $6.45 from pot
*** SUMMARY ***
Total pot $6.75 | Rake $0.30 
Board [As 6d Jc Qc Qh]
Seat 1: WooLeeJung folded before Flop (didn't bet)
Seat 2: mspitolai (button) folded before Flop (didn't bet)
Seat 3: FlagellumD (small blind) showed [Td Tc] and lost with two pair, Queens and Tens
Seat 4: jupa02 (big blind) folded before Flop
Seat 5: qu4nTuM-fLuX folded before Flop (didn't bet)
Seat 6: Alameda22 folded before Flop (didn't bet)
Seat 7: Raven Jeff folded before Flop (didn't bet)
Seat 8: rafachevere folded before Flop (didn't bet)
Seat 9: CLAYTONTODAY showed [Kc Jd] and won ($6.45) with two pair, Queens and Jacks



PokerStars Game #19952819577:  Hold'em No Limit ($0.10/$0.25) - 2008/08/27 - 22:47:25 (ET)
Table 'Tinette' 9-max Seat #3 is the button
Seat 1: WooLeeJung ($26.70 in chips) 
Seat 2: mspitolai ($25 in chips) 
Seat 3: FlagellumD ($19.50 in chips) 
Seat 4: jupa02 ($9.05 in chips) 
Seat 6: Alameda22 ($23.10 in chips) 
Seat 7: Raven Jeff ($27.55 in chips) 
Seat 8: rafachevere ($61.65 in chips) 
Seat 9: CLAYTONTODAY ($22.35 in chips) 
jupa02: posts small blind $0.10
Alameda22: posts big blind $0.25
*** HOLE CARDS ***
Dealt to Alameda22 [Ac Qc]
Raven Jeff: folds 
rafachevere: folds 
CLAYTONTODAY: calls $0.25
WooLeeJung: folds 
mspitolai: folds 
FlagellumD: folds 
jupa02: folds 
Alameda22: raises $0.75 to $1
CLAYTONTODAY: calls $0.75
*** FLOP *** [8c 5c As]
Alameda22: bets $1.25
CLAYTONTODAY: folds 
Uncalled bet ($1.25) returned to Alameda22
Alameda22 collected $2 from pot
Alameda22: doesn't show hand 
*** SUMMARY ***
Total pot $2.10 | Rake $0.10 
Board [8c 5c As]
Seat 1: WooLeeJung folded before Flop (didn't bet)
Seat 2: mspitolai folded before Flop (didn't bet)
Seat 3: FlagellumD (button) folded before Flop (didn't bet)
Seat 4: jupa02 (small blind) folded before Flop
Seat 6: Alameda22 (big blind) collected ($2)
Seat 7: Raven Jeff folded before Flop (didn't bet)
Seat 8: rafachevere folded before Flop (didn't bet)
Seat 9: CLAYTONTODAY folded on the Flop



PokerStars Game #19952834650:  Hold'em No Limit ($0.10/$0.25) - 2008/08/27 - 22:48:03 (ET)
Table 'Tinette' 9-max Seat #4 is the button
Seat 1: WooLeeJung ($26.70 in chips) 
Seat 2: mspitolai ($25 in chips) 
Seat 3: FlagellumD ($19.50 in chips) 
Seat 4: jupa02 ($8.95 in chips) 
Seat 6: Alameda22 ($24.10 in chips) 
Seat 7: Raven Jeff ($27.55 in chips) 
Seat 8: rafachevere ($61.65 in chips) 
Seat 9: CLAYTONTODAY ($21.35 in chips) 
onecarat joins the table at seat #5 
Alameda22: posts small blind $0.10
Raven Jeff: posts big blind $0.25
*** HOLE CARDS ***
Dealt to Alameda22 [4h 6h]
rafachevere: folds 
CLAYTONTODAY: calls $0.25
WooLeeJung: calls $0.25
mspitolai: folds 
FlagellumD: folds 
jupa02: folds 
Alameda22: calls $0.15
Raven Jeff: checks 
*** FLOP *** [6s Kh Jd]
Alameda22: checks 
Raven Jeff: checks 
CLAYTONTODAY: checks 
WooLeeJung: checks 
*** TURN *** [6s Kh Jd] [Ah]
Alameda22: checks 
Raven Jeff: checks 
CLAYTONTODAY: checks 
WooLeeJung: checks 
*** RIVER *** [6s Kh Jd Ah] [Qs]
Alameda22: checks 
Raven Jeff: checks 
CLAYTONTODAY: bets $0.50
WooLeeJung: folds 
Alameda22: folds 
Raven Jeff: folds 
Uncalled bet ($0.50) returned to CLAYTONTODAY
CLAYTONTODAY collected $0.95 from pot
CLAYTONTODAY: doesn't show hand 
*** SUMMARY ***
Total pot $1 | Rake $0.05 
Board [6s Kh Jd Ah Qs]
Seat 1: WooLeeJung folded on the River
Seat 2: mspitolai folded before Flop (didn't bet)
Seat 3: FlagellumD folded before Flop (didn't bet)
Seat 4: jupa02 (button) folded before Flop (didn't bet)
Seat 6: Alameda22 (small blind) folded on the River
Seat 7: Raven Jeff (big blind) folded on the River
Seat 8: rafachevere folded before Flop (didn't bet)
Seat 9: CLAYTONTODAY collected ($0.95)



PokerStars Game #19952879453:  Hold'em No Limit ($0.10/$0.25) - 2008/08/27 - 22:49:55 (ET)
Table 'Tinette' 9-max Seat #6 is the button
Seat 1: WooLeeJung ($26.45 in chips) 
Seat 2: mspitolai ($25 in chips) 
Seat 3: FlagellumD ($19.50 in chips) 
Seat 4: jupa02 ($8.95 in chips) 
Seat 6: Alameda22 ($23.85 in chips) 
Seat 7: Raven Jeff ($27.30 in chips) 
Seat 8: rafachevere ($61.65 in chips) 
Seat 9: CLAYTONTODAY ($22.05 in chips) 
Raven Jeff: posts small blind $0.10
rafachevere: posts big blind $0.25
onecarat: sits out 
*** HOLE CARDS ***
Dealt to Alameda22 [7c 9d]
CLAYTONTODAY: calls $0.25
WooLeeJung: folds 
mspitolai: folds 
FlagellumD: folds 
jupa02: folds 
Alameda22: folds 
Raven Jeff: calls $0.15
rafachevere: checks 
*** FLOP *** [8s 4s 8c]
Raven Jeff: checks 
rafachevere: checks 
CLAYTONTODAY: bets $0.50
Raven Jeff: folds 
rafachevere: folds 
Uncalled bet ($0.50) returned to CLAYTONTODAY
CLAYTONTODAY collected $0.75 from pot
CLAYTONTODAY: doesn't show hand 
*** SUMMARY ***
Total pot $0.75 | Rake $0 
Board [8s 4s 8c]
Seat 1: WooLeeJung folded before Flop (didn't bet)
Seat 2: mspitolai folded before Flop (didn't bet)
Seat 3: FlagellumD folded before Flop (didn't bet)
Seat 4: jupa02 folded before Flop (didn't bet)
Seat 6: Alameda22 (button) folded before Flop (didn't bet)
Seat 7: Raven Jeff (small blind) folded on the Flop
Seat 8: rafachevere (big blind) folded on the Flop
Seat 9: CLAYTONTODAY collected ($0.75)



PokerStars Game #19952906886:  Hold'em No Limit ($0.10/$0.25) - 2008/08/27 - 22:51:03 (ET)
Table 'Tinette' 9-max Seat #7 is the button
Seat 1: WooLeeJung ($26.45 in chips) 
Seat 2: mspitolai ($25 in chips) 
Seat 3: FlagellumD ($19.50 in chips) 
Seat 4: jupa02 ($8.95 in chips) 
Seat 6: Alameda22 ($23.85 in chips) 
Seat 7: Raven Jeff ($27.05 in chips) 
Seat 8: rafachevere ($61.40 in chips) 
Seat 9: CLAYTONTODAY ($22.55 in chips) 
rafachevere: posts small blind $0.10
CLAYTONTODAY: posts big blind $0.25
onecarat: sits out 
*** HOLE CARDS ***
Dealt to Alameda22 [9d Tc]
WooLeeJung: folds 
mspitolai: folds 
FlagellumD: folds 
jupa02: folds 
Alameda22: folds 
Raven Jeff: folds 
rafachevere: raises $0.60 to $0.85
CLAYTONTODAY: folds 
Uncalled bet ($0.60) returned to rafachevere
rafachevere collected $0.50 from pot
rafachevere: doesn't show hand 
*** SUMMARY ***
Total pot $0.50 | Rake $0 
Seat 1: WooLeeJung folded before Flop (didn't bet)
Seat 2: mspitolai folded before Flop (didn't bet)
Seat 3: FlagellumD folded before Flop (didn't bet)
Seat 4: jupa02 folded before Flop (didn't bet)
Seat 6: Alameda22 folded before Flop (didn't bet)
Seat 7: Raven Jeff (button) folded before Flop (didn't bet)
Seat 8: rafachevere (small blind) collected ($0.50)
Seat 9: CLAYTONTODAY (big blind) folded before Flop



PokerStars Game #19952921447:  Hold'em No Limit ($0.10/$0.25) - 2008/08/27 - 22:51:39 (ET)
Table 'Tinette' 9-max Seat #8 is the button
Seat 1: WooLeeJung ($26.45 in chips) 
Seat 2: mspitolai ($25 in chips) 
Seat 3: FlagellumD ($19.50 in chips) 
Seat 4: jupa02 ($8.95 in chips) 
Seat 6: Alameda22 ($23.85 in chips) 
Seat 7: Raven Jeff ($27.05 in chips) 
Seat 8: rafachevere ($61.65 in chips) 
Seat 9: CLAYTONTODAY ($22.30 in chips) 
CLAYTONTODAY: posts small blind $0.10
WooLeeJung: posts big blind $0.25
onecarat: sits out 
*** HOLE CARDS ***
Dealt to Alameda22 [4c Tc]
mspitolai: folds 
FlagellumD: folds 
jupa02: folds 
Alameda22: folds 
Raven Jeff: folds 
rafachevere: folds 
CLAYTONTODAY: calls $0.15
WooLeeJung: checks 
*** FLOP *** [Js As 7s]
CLAYTONTODAY: bets $1
WooLeeJung: folds 
Uncalled bet ($1) returned to CLAYTONTODAY
CLAYTONTODAY collected $0.50 from pot
CLAYTONTODAY: doesn't show hand 
*** SUMMARY ***
Total pot $0.50 | Rake $0 
Board [Js As 7s]
Seat 1: WooLeeJung (big blind) folded on the Flop
Seat 2: mspitolai folded before Flop (didn't bet)
Seat 3: FlagellumD folded before Flop (didn't bet)
Seat 4: jupa02 folded before Flop (didn't bet)
Seat 6: Alameda22 folded before Flop (didn't bet)
Seat 7: Raven Jeff folded before Flop (didn't bet)
Seat 8: rafachevere (button) folded before Flop (didn't bet)
Seat 9: CLAYTONTODAY (small blind) collected ($0.50)



PokerStars Game #19952940339:  Hold'em No Limit ($0.10/$0.25) - 2008/08/27 - 22:52:27 (ET)
Table 'Tinette' 9-max Seat #9 is the button
Seat 1: WooLeeJung ($26.20 in chips) 
Seat 2: mspitolai ($25 in chips) 
Seat 3: FlagellumD ($19.50 in chips) 
Seat 4: jupa02 ($8.95 in chips) 
Seat 6: Alameda22 ($23.85 in chips) 
Seat 7: Raven Jeff ($27.05 in chips) 
Seat 8: rafachevere ($61.65 in chips) 
Seat 9: CLAYTONTODAY ($22.55 in chips) 
WooLeeJung: posts small blind $0.10
mspitolai: posts big blind $0.25
onecarat: sits out 
*** HOLE CARDS ***
Dealt to Alameda22 [5c 9d]
FlagellumD: folds 
jupa02: folds 
Alameda22: folds 
Raven Jeff: folds 
rafachevere: folds 
CLAYTONTODAY: calls $0.25
WooLeeJung: calls $0.15
FlagellumD leaves the table
mspitolai: checks 
*** FLOP *** [Ks 3c 5h]
WooLeeJung: checks 
mspitolai: checks 
CLAYTONTODAY: bets $0.50
WooLeeJung: folds 
mspitolai: calls $0.50
*** TURN *** [Ks 3c 5h] [Jc]
mspitolai: checks 
CLAYTONTODAY: bets $0.75
mspitolai: calls $0.75
*** RIVER *** [Ks 3c 5h Jc] [Qc]
yjqian23 joins the table at seat #3 
mspitolai: checks 
CLAYTONTODAY: checks 
*** SHOW DOWN ***
mspitolai: shows [Kd 7d] (a pair of Kings)
CLAYTONTODAY: shows [Kh 7h] (a pair of Kings)
mspitolai collected $1.55 from pot
CLAYTONTODAY collected $1.55 from pot
*** SUMMARY ***
Total pot $3.25 | Rake $0.15 
Board [Ks 3c 5h Jc Qc]
Seat 1: WooLeeJung (small blind) folded on the Flop
Seat 2: mspitolai (big blind) showed [Kd 7d] and won ($1.55) with a pair of Kings
Seat 3: FlagellumD folded before Flop (didn't bet)
Seat 4: jupa02 folded before Flop (didn't bet)
Seat 6: Alameda22 folded before Flop (didn't bet)
Seat 7: Raven Jeff folded before Flop (didn't bet)
Seat 8: rafachevere folded before Flop (didn't bet)
Seat 9: CLAYTONTODAY (button) showed [Kh 7h] and won ($1.55) with a pair of Kings



PokerStars Game #19952967959:  Hold'em No Limit ($0.10/$0.25) - 2008/08/27 - 22:53:35 (ET)
Table 'Tinette' 9-max Seat #1 is the button
Seat 1: WooLeeJung ($25.95 in chips) 
Seat 2: mspitolai ($25.05 in chips) 
Seat 3: yjqian23 ($25 in chips) 
Seat 4: jupa02 ($8.95 in chips) 
Seat 6: Alameda22 ($23.85 in chips) 
Seat 7: Raven Jeff ($27.05 in chips) 
Seat 8: rafachevere ($61.65 in chips) 
Seat 9: CLAYTONTODAY ($22.60 in chips) 
mspitolai: posts small blind $0.10
yjqian23: posts big blind $0.25
onecarat: sits out 
*** HOLE CARDS ***
Dealt to Alameda22 [6c Td]
jupa02: folds 
Alameda22: folds 
Raven Jeff: folds 
rafachevere: calls $0.25
CLAYTONTODAY: calls $0.25
WooLeeJung: folds 
mspitolai: calls $0.15
yjqian23: checks 
*** FLOP *** [Qh Qd 9h]
mspitolai: checks 
yjqian23: checks 
rafachevere: checks 
CLAYTONTODAY: checks 
*** TURN *** [Qh Qd 9h] [Jh]
mspitolai: checks 
yjqian23: checks 
rafachevere: checks 
CLAYTONTODAY: checks 
*** RIVER *** [Qh Qd 9h Jh] [6d]
mspitolai: checks 
yjqian23: checks 
rafachevere: checks 
CLAYTONTODAY: checks 
*** SHOW DOWN ***
mspitolai: shows [5s 7s] (a pair of Queens)
yjqian23: shows [Kc 3s] (a pair of Queens - King kicker)
rafachevere: shows [3c Jc] (two pair, Queens and Jacks)
CLAYTONTODAY: mucks hand 
rafachevere collected $0.95 from pot
*** SUMMARY ***
Total pot $1 | Rake $0.05 
Board [Qh Qd 9h Jh 6d]
Seat 1: WooLeeJung (button) folded before Flop (didn't bet)
Seat 2: mspitolai (small blind) showed [5s 7s] and lost with a pair of Queens
Seat 3: yjqian23 (big blind) showed [Kc 3s] and lost with a pair of Queens
Seat 4: jupa02 folded before Flop (didn't bet)
Seat 6: Alameda22 folded before Flop (didn't bet)
Seat 7: Raven Jeff folded before Flop (didn't bet)
Seat 8: rafachevere showed [3c Jc] and won ($0.95) with two pair, Queens and Jacks
Seat 9: CLAYTONTODAY mucked [2c 2d]



PokerStars Game #19953010758:  Hold'em No Limit ($0.10/$0.25) - 2008/08/27 - 22:55:25 (ET)
Table 'Tinette' 9-max Seat #2 is the button
Seat 1: WooLeeJung ($25.95 in chips) 
Seat 2: mspitolai ($24.80 in chips) 
Seat 3: yjqian23 ($24.75 in chips) 
Seat 4: jupa02 ($8.95 in chips) 
Seat 6: Alameda22 ($23.85 in chips) 
Seat 7: Raven Jeff ($27.05 in chips) 
Seat 8: rafachevere ($62.35 in chips) 
Seat 9: CLAYTONTODAY ($22.35 in chips) 
yjqian23: posts small blind $0.10
jupa02: posts big blind $0.25
onecarat: sits out 
*** HOLE CARDS ***
Dealt to Alameda22 [4s 8s]
Alameda22: folds 
Raven Jeff: folds 
rafachevere: folds 
CLAYTONTODAY: folds 
WooLeeJung: folds 
mspitolai: raises $0.75 to $1
yjqian23: folds 
jupa02: folds 
Uncalled bet ($0.75) returned to mspitolai
mspitolai collected $0.60 from pot
mspitolai: doesn't show hand 
*** SUMMARY ***
Total pot $0.60 | Rake $0 
Seat 1: WooLeeJung folded before Flop (didn't bet)
Seat 2: mspitolai (button) collected ($0.60)
Seat 3: yjqian23 (small blind) folded before Flop
Seat 4: jupa02 (big blind) folded before Flop
Seat 6: Alameda22 folded before Flop (didn't bet)
Seat 7: Raven Jeff folded before Flop (didn't bet)
Seat 8: rafachevere folded before Flop (didn't bet)
Seat 9: CLAYTONTODAY folded before Flop (didn't bet)



PokerStars Game #19953027114:  Hold'em No Limit ($0.10/$0.25) - 2008/08/27 - 22:56:07 (ET)
Table 'Tinette' 9-max Seat #3 is the button
Seat 1: WooLeeJung ($25.95 in chips) 
Seat 2: mspitolai ($25.15 in chips) 
Seat 3: yjqian23 ($24.65 in chips) 
Seat 4: jupa02 ($8.70 in chips) 
Seat 5: onecarat ($15 in chips) 
Seat 6: Alameda22 ($23.85 in chips) 
Seat 7: Raven Jeff ($27.05 in chips) 
Seat 8: rafachevere ($62.35 in chips) 
Seat 9: CLAYTONTODAY ($22.35 in chips) 
jupa02: posts small blind $0.10
onecarat: posts big blind $0.25
*** HOLE CARDS ***
Dealt to Alameda22 [7s 5s]
Alameda22: folds 
Raven Jeff: folds 
rafachevere: folds 
CLAYTONTODAY: calls $0.25
WooLeeJung: folds 
mspitolai: folds 
yjqian23: calls $0.25
jupa02: calls $0.15
onecarat: checks 
*** FLOP *** [3c 9s Ah]
jupa02: checks 
onecarat: bets $0.25
CLAYTONTODAY: calls $0.25
yjqian23: folds 
jupa02: folds 
*** TURN *** [3c 9s Ah] [2d]
onecarat: bets $0.25
CLAYTONTODAY: calls $0.25
*** RIVER *** [3c 9s Ah 2d] [As]
onecarat: bets $0.25
CLAYTONTODAY: raises $0.75 to $1
onecarat: folds 
Uncalled bet ($0.75) returned to CLAYTONTODAY
CLAYTONTODAY collected $2.40 from pot
CLAYTONTODAY: doesn't show hand 
*** SUMMARY ***
Total pot $2.50 | Rake $0.10 
Board [3c 9s Ah 2d As]
Seat 1: WooLeeJung folded before Flop (didn't bet)
Seat 2: mspitolai folded before Flop (didn't bet)
Seat 3: yjqian23 (button) folded on the Flop
Seat 4: jupa02 (small blind) folded on the Flop
Seat 5: onecarat (big blind) folded on the River
Seat 6: Alameda22 folded before Flop (didn't bet)
Seat 7: Raven Jeff folded before Flop (didn't bet)
Seat 8: rafachevere folded before Flop (didn't bet)
Seat 9: CLAYTONTODAY collected ($2.40)



PokerStars Game #19953065028:  Hold'em No Limit ($0.10/$0.25) - 2008/08/27 - 22:57:45 (ET)
Table 'Tinette' 9-max Seat #4 is the button
Seat 1: WooLeeJung ($25.95 in chips) 
Seat 2: mspitolai ($25.15 in chips) 
Seat 3: yjqian23 ($24.40 in chips) 
Seat 4: jupa02 ($8.45 in chips) 
Seat 5: onecarat ($14 in chips) 
Seat 6: Alameda22 ($23.85 in chips) 
Seat 7: Raven Jeff ($27.05 in chips) 
Seat 8: rafachevere ($62.35 in chips) 
Seat 9: CLAYTONTODAY ($23.75 in chips) 
onecarat: posts small blind $0.10
Alameda22: posts big blind $0.25
*** HOLE CARDS ***
Dealt to Alameda22 [Kh 5s]
Raven Jeff: folds 
rafachevere: folds 
CLAYTONTODAY: calls $0.25
Raven Jeff leaves the table
WooLeeJung: calls $0.25
mspitolai: folds 
yjqian23: folds 
jupa02: folds 
onecarat: calls $0.15
Alameda22: checks 
*** FLOP *** [8h 2h 4s]
onecarat: checks 
Alameda22: checks 
CLAYTONTODAY: bets $0.50
WooLeeJung: raises $1 to $1.50
onecarat: folds 
Alameda22: folds 
CLAYTONTODAY: calls $1
*** TURN *** [8h 2h 4s] [Ks]
N Jesus Name joins the table at seat #7 
CLAYTONTODAY: bets $0.50
WooLeeJung: raises $2.75 to $3.25
CLAYTONTODAY: folds 
Uncalled bet ($2.75) returned to WooLeeJung
WooLeeJung collected $4.80 from pot
WooLeeJung: doesn't show hand 
*** SUMMARY ***
Total pot $5 | Rake $0.20 
Board [8h 2h 4s Ks]
Seat 1: WooLeeJung collected ($4.80)
Seat 2: mspitolai folded before Flop (didn't bet)
Seat 3: yjqian23 folded before Flop (didn't bet)
Seat 4: jupa02 (button) folded before Flop (didn't bet)
Seat 5: onecarat (small blind) folded on the Flop
Seat 6: Alameda22 (big blind) folded on the Flop
Seat 7: Raven Jeff folded before Flop (didn't bet)
Seat 8: rafachevere folded before Flop (didn't bet)
Seat 9: CLAYTONTODAY folded on the Turn



PokerStars Game #19953092057:  Hold'em No Limit ($0.10/$0.25) - 2008/08/27 - 22:58:54 (ET)
Table 'Tinette' 9-max Seat #5 is the button
Seat 1: WooLeeJung ($28.50 in chips) 
Seat 2: mspitolai ($25.15 in chips) 
Seat 3: yjqian23 ($24.40 in chips) 
Seat 4: jupa02 ($8.45 in chips) 
Seat 5: onecarat ($13.75 in chips) 
Seat 6: Alameda22 ($23.60 in chips) 
Seat 7: N Jesus Name ($25 in chips) 
Seat 8: rafachevere ($62.35 in chips) 
Seat 9: CLAYTONTODAY ($21.50 in chips) 
Alameda22: posts small blind $0.10
N Jesus Name: posts big blind $0.25
*** HOLE CARDS ***
Dealt to Alameda22 [4h 3c]
rafachevere: folds 
CLAYTONTODAY: raises $0.75 to $1
WooLeeJung: folds 
mspitolai: folds 
yjqian23: folds 
jupa02: folds 
onecarat: folds 
Alameda22: folds 
N Jesus Name: calls $0.75
*** FLOP *** [6h Qd 7s]
N Jesus Name: checks 
CLAYTONTODAY: bets $1
N Jesus Name: folds 
Uncalled bet ($1) returned to CLAYTONTODAY
CLAYTONTODAY collected $2 from pot
CLAYTONTODAY: doesn't show hand 
*** SUMMARY ***
Total pot $2.10 | Rake $0.10 
Board [6h Qd 7s]
Seat 1: WooLeeJung folded before Flop (didn't bet)
Seat 2: mspitolai folded before Flop (didn't bet)
Seat 3: yjqian23 folded before Flop (didn't bet)
Seat 4: jupa02 folded before Flop (didn't bet)
Seat 5: onecarat (button) folded before Flop (didn't bet)
Seat 6: Alameda22 (small blind) folded before Flop
Seat 7: N Jesus Name (big blind) folded on the Flop
Seat 8: rafachevere folded before Flop (didn't bet)
Seat 9: CLAYTONTODAY collected ($2)



PokerStars Game #19953115723:  Hold'em No Limit ($0.10/$0.25) - 2008/08/27 - 22:59:54 (ET)
Table 'Tinette' 9-max Seat #6 is the button
Seat 1: WooLeeJung ($28.50 in chips) 
Seat 2: mspitolai ($25.15 in chips) 
Seat 3: yjqian23 ($24.40 in chips) 
Seat 4: jupa02 ($8.45 in chips) 
Seat 5: onecarat ($13.75 in chips) 
Seat 6: Alameda22 ($23.50 in chips) 
Seat 7: N Jesus Name ($24 in chips) 
Seat 8: rafachevere ($62.35 in chips) 
Seat 9: CLAYTONTODAY ($22.50 in chips) 
N Jesus Name: posts small blind $0.10
rafachevere: posts big blind $0.25
*** HOLE CARDS ***
Dealt to Alameda22 [3c 9d]
CLAYTONTODAY: folds 
WooLeeJung: folds 
WooLeeJung is sitting out
mspitolai: folds 
yjqian23: folds 
jupa02: folds 
onecarat: raises $0.50 to $0.75
Alameda22: folds 
N Jesus Name: folds 
rafachevere: folds 
Uncalled bet ($0.50) returned to onecarat
onecarat collected $0.60 from pot
onecarat: doesn't show hand 
*** SUMMARY ***
Total pot $0.60 | Rake $0 
Seat 1: WooLeeJung folded before Flop (didn't bet)
Seat 2: mspitolai folded before Flop (didn't bet)
Seat 3: yjqian23 folded before Flop (didn't bet)
Seat 4: jupa02 folded before Flop (didn't bet)
Seat 5: onecarat collected ($0.60)
Seat 6: Alameda22 (button) folded before Flop (didn't bet)
Seat 7: N Jesus Name (small blind) folded before Flop
Seat 8: rafachevere (big blind) folded before Flop
Seat 9: CLAYTONTODAY folded before Flop (didn't bet)



PokerStars Game #19953139277:  Hold'em No Limit ($0.10/$0.25) - 2008/08/27 - 23:00:52 (ET)
Table 'Tinette' 9-max Seat #7 is the button
Seat 2: mspitolai ($25.15 in chips) 
Seat 3: yjqian23 ($24.40 in chips) 
Seat 4: jupa02 ($8.45 in chips) 
Seat 5: onecarat ($14.10 in chips) 
Seat 6: Alameda22 ($23.50 in chips) 
Seat 7: N Jesus Name ($23.90 in chips) 
Seat 8: rafachevere ($62.10 in chips) 
Seat 9: CLAYTONTODAY ($22.50 in chips) 
rafachevere: posts small blind $0.10
CLAYTONTODAY: posts big blind $0.25
*** HOLE CARDS ***
Dealt to Alameda22 [2h 5c]
mspitolai: folds 
yjqian23: folds 
jupa02: folds 
onecarat: folds 
Alameda22: folds 
N Jesus Name: folds 
rafachevere: raises $0.85 to $1.10
CLAYTONTODAY: folds 
Uncalled bet ($0.85) returned to rafachevere
rafachevere collected $0.50 from pot
rafachevere: doesn't show hand 
*** SUMMARY ***
Total pot $0.50 | Rake $0 
Seat 2: mspitolai folded before Flop (didn't bet)
Seat 3: yjqian23 folded before Flop (didn't bet)
Seat 4: jupa02 folded before Flop (didn't bet)
Seat 5: onecarat folded before Flop (didn't bet)
Seat 6: Alameda22 folded before Flop (didn't bet)
Seat 7: N Jesus Name (button) folded before Flop (didn't bet)
Seat 8: rafachevere (small blind) collected ($0.50)
Seat 9: CLAYTONTODAY (big blind) folded before Flop



PokerStars Game #19953161262:  Hold'em No Limit ($0.10/$0.25) - 2008/08/27 - 23:01:47 (ET)
Table 'Tinette' 9-max Seat #8 is the button
Seat 2: mspitolai ($25.15 in chips) 
Seat 3: yjqian23 ($24.40 in chips) 
Seat 4: jupa02 ($8.45 in chips) 
Seat 5: onecarat ($14.10 in chips) 
Seat 6: Alameda22 ($23.50 in chips) 
Seat 7: N Jesus Name ($23.90 in chips) 
Seat 8: rafachevere ($62.35 in chips) 
Seat 9: CLAYTONTODAY ($22.25 in chips) 
CLAYTONTODAY: posts small blind $0.10
mspitolai: posts big blind $0.25
*** HOLE CARDS ***
Dealt to Alameda22 [7c 2s]
yjqian23: folds 
jupa02: calls $0.25
onecarat: calls $0.25
Alameda22: folds 
N Jesus Name: calls $0.25
rafachevere: calls $0.25
CLAYTONTODAY: calls $0.15
mspitolai: checks 
*** FLOP *** [7d 2d Qh]
CLAYTONTODAY: checks 
mspitolai: checks 
jupa02: checks 
onecarat: bets $0.50
N Jesus Name: raises $0.75 to $1.25
rafachevere: folds 
CLAYTONTODAY: folds 
mspitolai: folds 
jupa02: folds 
onecarat: calls $0.75
*** TURN *** [7d 2d Qh] [3d]
onecarat: checks 
N Jesus Name: bets $8.25
onecarat: folds 
Uncalled bet ($8.25) returned to N Jesus Name
N Jesus Name collected $3.85 from pot
N Jesus Name: doesn't show hand 
*** SUMMARY ***
Total pot $4 | Rake $0.15 
Board [7d 2d Qh 3d]
Seat 2: mspitolai (big blind) folded on the Flop
Seat 3: yjqian23 folded before Flop (didn't bet)
Seat 4: jupa02 folded on the Flop
Seat 5: onecarat folded on the Turn
Seat 6: Alameda22 folded before Flop (didn't bet)
Seat 7: N Jesus Name collected ($3.85)
Seat 8: rafachevere (button) folded on the Flop
Seat 9: CLAYTONTODAY (small blind) folded on the Flop



PokerStars Game #19953208786:  Hold'em No Limit ($0.10/$0.25) - 2008/08/27 - 23:03:47 (ET)
Table 'Tinette' 9-max Seat #9 is the button
Seat 2: mspitolai ($25 in chips) 
Seat 4: jupa02 ($8.20 in chips) 
Seat 5: onecarat ($12.60 in chips) 
Seat 6: Alameda22 ($23.50 in chips) 
Seat 7: N Jesus Name ($26.25 in chips) 
Seat 8: rafachevere ($62.10 in chips) 
Seat 9: CLAYTONTODAY ($22 in chips) 
mspitolai: posts small blind $0.10
yjqian23: is sitting out 
yjqian23 leaves the table
jupa02: posts big blind $0.25
*** HOLE CARDS ***
Dealt to Alameda22 [8c Kc]
onecarat: raises $0.75 to $1
WooLeeJung has returned
Alameda22: folds 
N Jesus Name: folds 
rafachevere: folds 
CLAYTONTODAY: folds 
mspitolai: folds 
jupa02: folds 
Uncalled bet ($0.75) returned to onecarat
onecarat collected $0.60 from pot
onecarat: doesn't show hand 
*** SUMMARY ***
Total pot $0.60 | Rake $0 
Seat 2: mspitolai (small blind) folded before Flop
Seat 4: jupa02 (big blind) folded before Flop
Seat 5: onecarat collected ($0.60)
Seat 6: Alameda22 folded before Flop (didn't bet)
Seat 7: N Jesus Name folded before Flop (didn't bet)
Seat 8: rafachevere folded before Flop (didn't bet)
Seat 9: CLAYTONTODAY (button) folded before Flop (didn't bet)



PokerStars Game #19953225134:  Hold'em No Limit ($0.10/$0.25) - 2008/08/27 - 23:04:29 (ET)
Table 'Tinette' 9-max Seat #2 is the button
Seat 2: mspitolai ($24.90 in chips) 
Seat 4: jupa02 ($7.95 in chips) 
Seat 5: onecarat ($12.95 in chips) 
Seat 6: Alameda22 ($23.50 in chips) 
Seat 7: N Jesus Name ($26.25 in chips) 
Seat 8: rafachevere ($62.10 in chips) 
Seat 9: CLAYTONTODAY ($22 in chips) 
jupa02: posts small blind $0.10
onecarat: posts big blind $0.25
WooLeeJung: sits out 
*** HOLE CARDS ***
Dealt to Alameda22 [5c As]
elconchi joins the table at seat #3 
Alameda22: folds 
N Jesus Name: calls $0.25
rafachevere: folds 
CLAYTONTODAY: folds 
mspitolai: folds 
jupa02: calls $0.15
onecarat: checks 
*** FLOP *** [7d 8d 3s]
jupa02: checks 
onecarat: bets $0.50
N Jesus Name: folds 
jupa02: folds 
Uncalled bet ($0.50) returned to onecarat
onecarat collected $0.75 from pot
onecarat: doesn't show hand 
*** SUMMARY ***
Total pot $0.75 | Rake $0 
Board [7d 8d 3s]
Seat 2: mspitolai (button) folded before Flop (didn't bet)
Seat 4: jupa02 (small blind) folded on the Flop
Seat 5: onecarat (big blind) collected ($0.75)
Seat 6: Alameda22 folded before Flop (didn't bet)
Seat 7: N Jesus Name folded on the Flop
Seat 8: rafachevere folded before Flop (didn't bet)
Seat 9: CLAYTONTODAY folded before Flop (didn't bet)



PokerStars Game #19953246855:  Hold'em No Limit ($0.10/$0.25) - 2008/08/27 - 23:05:23 (ET)
Table 'Tinette' 9-max Seat #4 is the button
Seat 2: mspitolai ($25 in chips) 
Seat 3: elconchi ($5 in chips) 
Seat 4: jupa02 ($7.70 in chips) 
Seat 5: onecarat ($13.45 in chips) 
Seat 6: Alameda22 ($23.50 in chips) 
Seat 7: N Jesus Name ($26 in chips) 
Seat 8: rafachevere ($62.10 in chips) 
Seat 9: CLAYTONTODAY ($22 in chips) 
onecarat: posts small blind $0.10
Alameda22: posts big blind $0.25
WooLeeJung: sits out 
elconchi: posts big blind $0.25
*** HOLE CARDS ***
Dealt to Alameda22 [5c 4h]
N Jesus Name: calls $0.25
rafachevere: folds 
CLAYTONTODAY: raises $1 to $1.25
mspitolai: folds 
elconchi: calls $1
jupa02: folds 
onecarat: folds 
Alameda22: folds 
N Jesus Name: folds 
*** FLOP *** [7h 2h Th]
CLAYTONTODAY: bets $0.75
elconchi: folds 
Uncalled bet ($0.75) returned to CLAYTONTODAY
CLAYTONTODAY collected $2.95 from pot
CLAYTONTODAY: doesn't show hand 
*** SUMMARY ***
Total pot $3.10 | Rake $0.15 
Board [7h 2h Th]
Seat 2: mspitolai folded before Flop (didn't bet)
Seat 3: elconchi folded on the Flop
Seat 4: jupa02 (button) folded before Flop (didn't bet)
Seat 5: onecarat (small blind) folded before Flop
Seat 6: Alameda22 (big blind) folded before Flop
Seat 7: N Jesus Name folded before Flop
Seat 8: rafachevere folded before Flop (didn't bet)
Seat 9: CLAYTONTODAY collected ($2.95)



PokerStars Game #19953273167:  Hold'em No Limit ($0.10/$0.25) - 2008/08/27 - 23:06:30 (ET)
Table 'Tinette' 9-max Seat #5 is the button
Seat 2: mspitolai ($25 in chips) 
Seat 3: elconchi ($3.75 in chips) 
Seat 4: jupa02 ($7.70 in chips) 
Seat 5: onecarat ($13.35 in chips) 
Seat 6: Alameda22 ($23.25 in chips) 
Seat 7: N Jesus Name ($25.75 in chips) 
Seat 8: rafachevere ($62.10 in chips) 
Seat 9: CLAYTONTODAY ($23.70 in chips) 
Alameda22: posts small blind $0.10
N Jesus Name: posts big blind $0.25
WooLeeJung: sits out 
*** HOLE CARDS ***
Dealt to Alameda22 [9d Kc]
rafachevere: raises $0.50 to $0.75
CLAYTONTODAY: folds 
mspitolai: folds 
elconchi: folds 
jupa02: raises $1.25 to $2
onecarat: folds 
Alameda22: folds 
N Jesus Name: folds 
rafachevere: folds 
Uncalled bet ($1.25) returned to jupa02
jupa02 collected $1.85 from pot
jupa02: doesn't show hand 
*** SUMMARY ***
Total pot $1.85 | Rake $0 
Seat 2: mspitolai folded before Flop (didn't bet)
Seat 3: elconchi folded before Flop (didn't bet)
Seat 4: jupa02 collected ($1.85)
Seat 5: onecarat (button) folded before Flop (didn't bet)
Seat 6: Alameda22 (small blind) folded before Flop
Seat 7: N Jesus Name (big blind) folded before Flop
Seat 8: rafachevere folded before Flop
Seat 9: CLAYTONTODAY folded before Flop (didn't bet)



PokerStars Game #19953293246:  Hold'em No Limit ($0.10/$0.25) - 2008/08/27 - 23:07:21 (ET)
Table 'Tinette' 9-max Seat #6 is the button
Seat 2: mspitolai ($25 in chips) 
Seat 3: elconchi ($3.75 in chips) 
Seat 4: jupa02 ($8.80 in chips) 
Seat 5: onecarat ($13.35 in chips) 
Seat 6: Alameda22 ($23.15 in chips) 
Seat 7: N Jesus Name ($25.50 in chips) 
Seat 8: rafachevere ($61.35 in chips) 
Seat 9: CLAYTONTODAY ($23.70 in chips) 
N Jesus Name: posts small blind $0.10
rafachevere: posts big blind $0.25
WooLeeJung: sits out 
*** HOLE CARDS ***
Dealt to Alameda22 [Qs Kd]
CLAYTONTODAY: raises $0.75 to $1
mspitolai: folds 
elconchi: folds 
jupa02: folds 
onecarat: folds 
Alameda22: folds 
N Jesus Name: folds 
rafachevere: folds 
Uncalled bet ($0.75) returned to CLAYTONTODAY
CLAYTONTODAY collected $0.60 from pot
CLAYTONTODAY: doesn't show hand 
*** SUMMARY ***
Total pot $0.60 | Rake $0 
Seat 2: mspitolai folded before Flop (didn't bet)
Seat 3: elconchi folded before Flop (didn't bet)
Seat 4: jupa02 folded before Flop (didn't bet)
Seat 5: onecarat folded before Flop (didn't bet)
Seat 6: Alameda22 (button) folded before Flop (didn't bet)
Seat 7: N Jesus Name (small blind) folded before Flop
Seat 8: rafachevere (big blind) folded before Flop
Seat 9: CLAYTONTODAY collected ($0.60)



PokerStars Game #19953315687:  Hold'em No Limit ($0.10/$0.25) - 2008/08/27 - 23:08:18 (ET)
Table 'Tinette' 9-max Seat #7 is the button
Seat 2: mspitolai ($25 in chips) 
Seat 3: elconchi ($3.75 in chips) 
Seat 4: jupa02 ($8.80 in chips) 
Seat 5: onecarat ($13.35 in chips) 
Seat 6: Alameda22 ($23.15 in chips) 
Seat 7: N Jesus Name ($25.40 in chips) 
Seat 8: rafachevere ($61.10 in chips) 
Seat 9: CLAYTONTODAY ($24.05 in chips) 
rafachevere: posts small blind $0.10
CLAYTONTODAY: posts big blind $0.25
WooLeeJung: sits out 
*** HOLE CARDS ***
Dealt to Alameda22 [2c Kc]
mspitolai: folds 
elconchi: raises $0.50 to $0.75
jupa02: folds 
onecarat: folds 
Alameda22: folds 
N Jesus Name: raises $0.50 to $1.25
rafachevere: folds 
CLAYTONTODAY: folds 
elconchi: calls $0.50
*** FLOP *** [9d 7h Qd]
elconchi: checks 
N Jesus Name: checks 
*** TURN *** [9d 7h Qd] [Jc]
elconchi: checks 
N Jesus Name: checks 
*** RIVER *** [9d 7h Qd Jc] [6d]
elconchi: checks 
N Jesus Name: checks 
*** SHOW DOWN ***
elconchi: shows [4h 4s] (a pair of Fours)
N Jesus Name: mucks hand 
elconchi collected $2.75 from pot
*** SUMMARY ***
Total pot $2.85 | Rake $0.10 
Board [9d 7h Qd Jc 6d]
Seat 2: mspitolai folded before Flop (didn't bet)
Seat 3: elconchi showed [4h 4s] and won ($2.75) with a pair of Fours
Seat 4: jupa02 folded before Flop (didn't bet)
Seat 5: onecarat folded before Flop (didn't bet)
Seat 6: Alameda22 folded before Flop (didn't bet)
Seat 7: N Jesus Name (button) mucked [Ks Ac]
Seat 8: rafachevere (small blind) folded before Flop
Seat 9: CLAYTONTODAY (big blind) folded before Flop



PokerStars Game #19953338520:  Hold'em No Limit ($0.10/$0.25) - 2008/08/27 - 23:09:16 (ET)
Table 'Tinette' 9-max Seat #8 is the button
Seat 1: WooLeeJung ($28.50 in chips) 
Seat 2: mspitolai ($25 in chips) 
Seat 3: elconchi ($5.25 in chips) 
Seat 4: jupa02 ($8.80 in chips) 
Seat 5: onecarat ($13.35 in chips) 
Seat 6: Alameda22 ($23.15 in chips) 
Seat 7: N Jesus Name ($24.15 in chips) 
Seat 8: rafachevere ($61 in chips) 
Seat 9: CLAYTONTODAY ($23.80 in chips) 
CLAYTONTODAY: posts small blind $0.10
WooLeeJung: posts big blind $0.25
*** HOLE CARDS ***
Dealt to Alameda22 [Jc 7s]
mspitolai: folds 
elconchi: raises $0.50 to $0.75
jupa02: folds 
onecarat: folds 
Alameda22: folds 
N Jesus Name: folds 
rafachevere: folds 
CLAYTONTODAY: folds 
WooLeeJung: folds 
Uncalled bet ($0.50) returned to elconchi
elconchi collected $0.60 from pot
elconchi: doesn't show hand 
*** SUMMARY ***
Total pot $0.60 | Rake $0 
Seat 1: WooLeeJung (big blind) folded before Flop
Seat 2: mspitolai folded before Flop (didn't bet)
Seat 3: elconchi collected ($0.60)
Seat 4: jupa02 folded before Flop (didn't bet)
Seat 5: onecarat folded before Flop (didn't bet)
Seat 6: Alameda22 folded before Flop (didn't bet)
Seat 7: N Jesus Name folded before Flop (didn't bet)
Seat 8: rafachevere (button) folded before Flop (didn't bet)
Seat 9: CLAYTONTODAY (small blind) folded before Flop



PokerStars Game #19953348929:  Hold'em No Limit ($0.10/$0.25) - 2008/08/27 - 23:09:44 (ET)
Table 'Tinette' 9-max Seat #9 is the button
Seat 1: WooLeeJung ($28.25 in chips) 
Seat 2: mspitolai ($25 in chips) 
Seat 3: elconchi ($5.60 in chips) 
Seat 4: jupa02 ($8.80 in chips) 
Seat 5: onecarat ($13.35 in chips) 
Seat 6: Alameda22 ($23.15 in chips) 
Seat 7: N Jesus Name ($24.15 in chips) 
Seat 8: rafachevere ($61 in chips) 
Seat 9: CLAYTONTODAY ($23.70 in chips) 
WooLeeJung: posts small blind $0.10
mspitolai: posts big blind $0.25
*** HOLE CARDS ***
Dealt to Alameda22 [Jd Kc]
elconchi: calls $0.25
jupa02: folds 
onecarat: calls $0.25
Alameda22: folds 
N Jesus Name: calls $0.25
rafachevere: folds 
CLAYTONTODAY: folds 
WooLeeJung: calls $0.15
mspitolai: checks 
*** FLOP *** [Kh 5s 9h]
WooLeeJung: checks 
mspitolai: checks 
elconchi: bets $0.75
onecarat: folds 
N Jesus Name: folds 
WooLeeJung: folds 
mspitolai: folds 
Uncalled bet ($0.75) returned to elconchi
elconchi collected $1.20 from pot
elconchi: doesn't show hand 
*** SUMMARY ***
Total pot $1.25 | Rake $0.05 
Board [Kh 5s 9h]
Seat 1: WooLeeJung (small blind) folded on the Flop
Seat 2: mspitolai (big blind) folded on the Flop
Seat 3: elconchi collected ($1.20)
Seat 4: jupa02 folded before Flop (didn't bet)
Seat 5: onecarat folded on the Flop
Seat 6: Alameda22 folded before Flop (didn't bet)
Seat 7: N Jesus Name folded on the Flop
Seat 8: rafachevere folded before Flop (didn't bet)
Seat 9: CLAYTONTODAY (button) folded before Flop (didn't bet)



PokerStars Game #19953373259:  Hold'em No Limit ($0.10/$0.25) - 2008/08/27 - 23:10:47 (ET)
Table 'Tinette' 9-max Seat #1 is the button
Seat 1: WooLeeJung ($28 in chips) 
Seat 2: mspitolai ($25 in chips) 
Seat 3: elconchi ($6.55 in chips) 
Seat 4: jupa02 ($8.80 in chips) 
Seat 5: onecarat ($13.10 in chips) 
Seat 6: Alameda22 ($23.15 in chips) 
Seat 7: N Jesus Name ($23.90 in chips) 
Seat 8: rafachevere ($61 in chips) 
Seat 9: CLAYTONTODAY ($23.70 in chips) 
mspitolai: posts small blind $0.10
elconchi: posts big blind $0.25
*** HOLE CARDS ***
Dealt to Alameda22 [8s Tc]
jupa02: folds 
onecarat: folds 
Alameda22: folds 
N Jesus Name: folds 
rafachevere: folds 
CLAYTONTODAY: folds 
WooLeeJung: folds 
mspitolai: folds 
Uncalled bet ($0.15) returned to elconchi
elconchi collected $0.20 from pot
elconchi: doesn't show hand 
*** SUMMARY ***
Total pot $0.20 | Rake $0 
Seat 1: WooLeeJung (button) folded before Flop (didn't bet)
Seat 2: mspitolai (small blind) folded before Flop
Seat 3: elconchi (big blind) collected ($0.20)
Seat 4: jupa02 folded before Flop (didn't bet)
Seat 5: onecarat folded before Flop (didn't bet)
Seat 6: Alameda22 folded before Flop (didn't bet)
Seat 7: N Jesus Name folded before Flop (didn't bet)
Seat 8: rafachevere folded before Flop (didn't bet)
Seat 9: CLAYTONTODAY folded before Flop (didn't bet)



PokerStars Game #19953400916:  Hold'em No Limit ($0.10/$0.25) - 2008/08/27 - 23:12:00 (ET)
Table 'Tinette' 9-max Seat #2 is the button
Seat 1: WooLeeJung ($28 in chips) 
Seat 2: mspitolai ($24.90 in chips) 
Seat 3: elconchi ($6.65 in chips) 
Seat 4: jupa02 ($8.80 in chips) 
Seat 5: onecarat ($13.10 in chips) 
Seat 6: Alameda22 ($23.15 in chips) 
Seat 7: N Jesus Name ($23.90 in chips) 
Seat 8: rafachevere ($61 in chips) 
Seat 9: CLAYTONTODAY ($23.70 in chips) 
elconchi: posts small blind $0.10
jupa02: posts big blind $0.25
*** HOLE CARDS ***
Dealt to Alameda22 [5s Ks]
onecarat: folds 
Alameda22: folds 
N Jesus Name: folds 
rafachevere: folds 
CLAYTONTODAY: folds 
WooLeeJung: folds 
mspitolai: folds 
elconchi: raises $0.50 to $0.75
onecarat is sitting out
onecarat leaves the table
jupa02: calls $0.50
*** FLOP *** [6c 6h Td]
elconchi: bets $1.25
jupa02: folds 
Uncalled bet ($1.25) returned to elconchi
elconchi collected $1.45 from pot
elconchi: doesn't show hand 
*** SUMMARY ***
Total pot $1.50 | Rake $0.05 
Board [6c 6h Td]
Seat 1: WooLeeJung folded before Flop (didn't bet)
Seat 2: mspitolai (button) folded before Flop (didn't bet)
Seat 3: elconchi (small blind) collected ($1.45)
Seat 4: jupa02 (big blind) folded on the Flop
Seat 5: onecarat folded before Flop (didn't bet)
Seat 6: Alameda22 folded before Flop (didn't bet)
Seat 7: N Jesus Name folded before Flop (didn't bet)
Seat 8: rafachevere folded before Flop (didn't bet)
Seat 9: CLAYTONTODAY folded before Flop (didn't bet)



PokerStars Game #19953420017:  Hold'em No Limit ($0.10/$0.25) - 2008/08/27 - 23:12:50 (ET)
Table 'Tinette' 9-max Seat #3 is the button
Seat 1: WooLeeJung ($28 in chips) 
Seat 2: mspitolai ($24.90 in chips) 
Seat 3: elconchi ($7.35 in chips) 
Seat 4: jupa02 ($8.05 in chips) 
Seat 6: Alameda22 ($23.15 in chips) 
Seat 7: N Jesus Name ($23.90 in chips) 
Seat 8: rafachevere ($61 in chips) 
Seat 9: CLAYTONTODAY ($23.70 in chips) 
jupa02: posts small blind $0.10
Alameda22: posts big blind $0.25
*** HOLE CARDS ***
Dealt to Alameda22 [4h 8h]
N Jesus Name: folds 
rafachevere: folds 
CLAYTONTODAY: folds 
WooLeeJung: folds 
mspitolai: folds 
elconchi: calls $0.25
jupa02: calls $0.15
Alameda22: checks 
*** FLOP *** [As 9d 5h]
jupa02: checks 
Alameda22: checks 
elconchi: bets $0.75
jupa02: folds 
Alameda22: folds 
Uncalled bet ($0.75) returned to elconchi
elconchi collected $0.75 from pot
elconchi: doesn't show hand 
*** SUMMARY ***
Total pot $0.75 | Rake $0 
Board [As 9d 5h]
Seat 1: WooLeeJung folded before Flop (didn't bet)
Seat 2: mspitolai folded before Flop (didn't bet)
Seat 3: elconchi (button) collected ($0.75)
Seat 4: jupa02 (small blind) folded on the Flop
Seat 6: Alameda22 (big blind) folded on the Flop
Seat 7: N Jesus Name folded before Flop (didn't bet)
Seat 8: rafachevere folded before Flop (didn't bet)
Seat 9: CLAYTONTODAY folded before Flop (didn't bet)



PokerStars Game #19953444338:  Hold'em No Limit ($0.10/$0.25) - 2008/08/27 - 23:13:54 (ET)
Table 'Tinette' 9-max Seat #4 is the button
Seat 1: WooLeeJung ($28 in chips) 
Seat 2: mspitolai ($24.90 in chips) 
Seat 3: elconchi ($7.85 in chips) 
Seat 4: jupa02 ($7.80 in chips) 
Seat 6: Alameda22 ($22.90 in chips) 
Seat 7: N Jesus Name ($23.90 in chips) 
Seat 8: rafachevere ($61 in chips) 
Seat 9: CLAYTONTODAY ($23.70 in chips) 
Alameda22: posts small blind $0.10
N Jesus Name: posts big blind $0.25
*** HOLE CARDS ***
Dealt to Alameda22 [7h 7d]
rafachevere: folds 
CLAYTONTODAY: calls $0.25
WooLeeJung: folds 
yjqian23 joins the table at seat #5 
mspitolai: folds 
elconchi: folds 
jupa02: folds 
Alameda22: calls $0.15
N Jesus Name: checks 
*** FLOP *** [8c 5d 4s]
Alameda22: checks 
N Jesus Name: checks 
CLAYTONTODAY: checks 
*** TURN *** [8c 5d 4s] [5h]
N Jesus Name said, "zzzz"
Alameda22: checks 
N Jesus Name: checks 
CLAYTONTODAY: checks 
*** RIVER *** [8c 5d 4s 5h] [9d]
Alameda22: checks 
N Jesus Name: bets $1.25
CLAYTONTODAY: folds 
Alameda22: folds 
Uncalled bet ($1.25) returned to N Jesus Name
N Jesus Name collected $0.75 from pot
N Jesus Name: doesn't show hand 
*** SUMMARY ***
Total pot $0.75 | Rake $0 
Board [8c 5d 4s 5h 9d]
Seat 1: WooLeeJung folded before Flop (didn't bet)
Seat 2: mspitolai folded before Flop (didn't bet)
Seat 3: elconchi folded before Flop (didn't bet)
Seat 4: jupa02 (button) folded before Flop (didn't bet)
Seat 6: Alameda22 (small blind) folded on the River
Seat 7: N Jesus Name (big blind) collected ($0.75)
Seat 8: rafachevere folded before Flop (didn't bet)
Seat 9: CLAYTONTODAY folded on the River



PokerStars Game #19953504892:  Hold'em No Limit ($0.10/$0.25) - 2008/08/27 - 23:16:16 (ET)
Table 'Tinette' 9-max Seat #6 is the button
Seat 1: WooLeeJung ($28 in chips) 
Seat 2: mspitolai ($24.90 in chips) 
Seat 3: elconchi ($7.85 in chips) 
Seat 4: jupa02 ($7.80 in chips) 
Seat 6: Alameda22 ($22.65 in chips) 
Seat 7: N Jesus Name ($24.40 in chips) 
Seat 8: rafachevere ($61 in chips) 
Seat 9: CLAYTONTODAY ($23.45 in chips) 
N Jesus Name: posts small blind $0.10
rafachevere: posts big blind $0.25
yjqian23: sits out 
*** HOLE CARDS ***
Dealt to Alameda22 [Kh 9c]
CLAYTONTODAY: calls $0.25
WooLeeJung: calls $0.25
mspitolai: folds 
elconchi: folds 
jupa02: folds 
elconchi leaves the table
Alameda22: folds 
N Jesus Name: calls $0.15
rafachevere: checks 
*** FLOP *** [4c Jc Ac]
N Jesus Name: checks 
rafachevere: checks 
CLAYTONTODAY: checks 
WooLeeJung: bets $1
N Jesus Name: folds 
rafachevere: folds 
CLAYTONTODAY: folds 
Uncalled bet ($1) returned to WooLeeJung
WooLeeJung collected $0.95 from pot
WooLeeJung: doesn't show hand 
*** SUMMARY ***
Total pot $1 | Rake $0.05 
Board [4c Jc Ac]
Seat 1: WooLeeJung collected ($0.95)
Seat 2: mspitolai folded before Flop (didn't bet)
Seat 3: elconchi folded before Flop (didn't bet)
Seat 4: jupa02 folded before Flop (didn't bet)
Seat 6: Alameda22 (button) folded before Flop (didn't bet)
Seat 7: N Jesus Name (small blind) folded on the Flop
Seat 8: rafachevere (big blind) folded on the Flop
Seat 9: CLAYTONTODAY folded on the Flop



PokerStars Game #19953529460:  Hold'em No Limit ($0.10/$0.25) - 2008/08/27 - 23:17:14 (ET)
Table 'Tinette' 9-max Seat #7 is the button
Seat 1: WooLeeJung ($28.70 in chips) 
Seat 2: mspitolai ($24.90 in chips) 
Seat 4: jupa02 ($7.80 in chips) 
Seat 6: Alameda22 ($22.65 in chips) 
Seat 7: N Jesus Name ($24.15 in chips) 
Seat 8: rafachevere ($60.75 in chips) 
Seat 9: CLAYTONTODAY ($23.20 in chips) 
rafachevere: posts small blind $0.10
CLAYTONTODAY: posts big blind $0.25
yjqian23: sits out 
*** HOLE CARDS ***
Dealt to Alameda22 [Td 3h]
WooLeeJung: folds 
mspitolai: folds 
jupa02: raises $0.75 to $1
Alameda22: folds 
N Jesus Name: folds 
rafachevere: folds 
CLAYTONTODAY: folds 
Uncalled bet ($0.75) returned to jupa02
jupa02 collected $0.60 from pot
jupa02: doesn't show hand 
*** SUMMARY ***
Total pot $0.60 | Rake $0 
Seat 1: WooLeeJung folded before Flop (didn't bet)
Seat 2: mspitolai folded before Flop (didn't bet)
Seat 4: jupa02 collected ($0.60)
Seat 6: Alameda22 folded before Flop (didn't bet)
Seat 7: N Jesus Name (button) folded before Flop (didn't bet)
Seat 8: rafachevere (small blind) folded before Flop
Seat 9: CLAYTONTODAY (big blind) folded before Flop



PokerStars Game #19953545341:  Hold'em No Limit ($0.10/$0.25) - 2008/08/27 - 23:17:52 (ET)
Table 'Tinette' 9-max Seat #8 is the button
Seat 1: WooLeeJung ($28.70 in chips) 
Seat 2: mspitolai ($24.90 in chips) 
Seat 4: jupa02 ($8.15 in chips) 
Seat 6: Alameda22 ($22.65 in chips) 
Seat 7: N Jesus Name ($24.15 in chips) 
Seat 8: rafachevere ($60.65 in chips) 
Seat 9: CLAYTONTODAY ($22.95 in chips) 
weepeel joins the table at seat #3 
CLAYTONTODAY: posts small blind $0.10
WooLeeJung: posts big blind $0.25
yjqian23: sits out 
*** HOLE CARDS ***
Dealt to Alameda22 [Js 7d]
mspitolai: calls $0.25
jupa02: folds 
Alameda22: folds 
N Jesus Name: raises $0.50 to $0.75
rafachevere: folds 
CLAYTONTODAY: folds 
WooLeeJung: folds 
mspitolai: raises $2.25 to $3
N Jesus Name: folds 
Uncalled bet ($2.25) returned to mspitolai
mspitolai collected $1.85 from pot
mspitolai: doesn't show hand 
*** SUMMARY ***
Total pot $1.85 | Rake $0 
Seat 1: WooLeeJung (big blind) folded before Flop
Seat 2: mspitolai collected ($1.85)
Seat 4: jupa02 folded before Flop (didn't bet)
Seat 6: Alameda22 folded before Flop (didn't bet)
Seat 7: N Jesus Name folded before Flop
Seat 8: rafachevere (button) folded before Flop (didn't bet)
Seat 9: CLAYTONTODAY (small blind) folded before Flop



PokerStars Game #19953565791:  Hold'em No Limit ($0.10/$0.25) - 2008/08/27 - 23:18:40 (ET)
Table 'Tinette' 9-max Seat #9 is the button
Seat 1: WooLeeJung ($28.45 in chips) 
Seat 2: mspitolai ($26 in chips) 
Seat 4: jupa02 ($8.15 in chips) 
Seat 6: Alameda22 ($22.65 in chips) 
Seat 7: N Jesus Name ($23.40 in chips) 
Seat 8: rafachevere ($60.65 in chips) 
Seat 9: CLAYTONTODAY ($22.85 in chips) 
WooLeeJung: posts small blind $0.10
mspitolai: posts big blind $0.25
weepeel: sits out 
yjqian23: sits out 
*** HOLE CARDS ***
Dealt to Alameda22 [9h 8h]
N Jesus Name said, "nb"
jupa02: calls $0.25
Alameda22: folds 
N Jesus Name: calls $0.25
rafachevere: folds 
CLAYTONTODAY: folds 
WooLeeJung: calls $0.15
mspitolai: checks 
*** FLOP *** [5s 6c Ks]
WooLeeJung: checks 
mspitolai: checks 
jupa02: checks 
N Jesus Name: checks 
*** TURN *** [5s 6c Ks] [Qs]
WooLeeJung: bets $1
mspitolai: folds 
jupa02: folds 
N Jesus Name: folds 
Uncalled bet ($1) returned to WooLeeJung
WooLeeJung collected $0.95 from pot
WooLeeJung: doesn't show hand 
*** SUMMARY ***
Total pot $1 | Rake $0.05 
Board [5s 6c Ks Qs]
Seat 1: WooLeeJung (small blind) collected ($0.95)
Seat 2: mspitolai (big blind) folded on the Turn
Seat 4: jupa02 folded on the Turn
Seat 6: Alameda22 folded before Flop (didn't bet)
Seat 7: N Jesus Name folded on the Turn
Seat 8: rafachevere folded before Flop (didn't bet)
Seat 9: CLAYTONTODAY (button) folded before Flop (didn't bet)



PokerStars Game #19953600145:  Hold'em No Limit ($0.10/$0.25) - 2008/08/27 - 23:20:02 (ET)
Table 'Tinette' 9-max Seat #1 is the button
Seat 1: WooLeeJung ($29.15 in chips) 
Seat 2: mspitolai ($25.75 in chips) 
Seat 3: weepeel ($25 in chips) 
Seat 4: jupa02 ($7.90 in chips) 
Seat 6: Alameda22 ($22.65 in chips) 
Seat 7: N Jesus Name ($23.15 in chips) 
Seat 8: rafachevere ($60.65 in chips) 
Seat 9: CLAYTONTODAY ($22.85 in chips) 
mspitolai: posts small blind $0.10
weepeel: posts big blind $0.25
yjqian23: sits out 
*** HOLE CARDS ***
Dealt to Alameda22 [6h 8s]
jupa02: folds 
Alameda22: folds 
N Jesus Name: folds 
rafachevere: folds 
CLAYTONTODAY: folds 
WooLeeJung: folds 
mspitolai: folds 
Uncalled bet ($0.15) returned to weepeel
weepeel collected $0.20 from pot
weepeel: doesn't show hand 
*** SUMMARY ***
Total pot $0.20 | Rake $0 
Seat 1: WooLeeJung (button) folded before Flop (didn't bet)
Seat 2: mspitolai (small blind) folded before Flop
Seat 3: weepeel (big blind) collected ($0.20)
Seat 4: jupa02 folded before Flop (didn't bet)
Seat 6: Alameda22 folded before Flop (didn't bet)
Seat 7: N Jesus Name folded before Flop (didn't bet)
Seat 8: rafachevere folded before Flop (didn't bet)
Seat 9: CLAYTONTODAY folded before Flop (didn't bet)



PokerStars Game #19953616982:  Hold'em No Limit ($0.10/$0.25) - 2008/08/27 - 23:20:43 (ET)
Table 'Tinette' 9-max Seat #2 is the button
Seat 1: WooLeeJung ($29.15 in chips) 
Seat 2: mspitolai ($25.65 in chips) 
Seat 3: weepeel ($25.10 in chips) 
Seat 4: jupa02 ($10.90 in chips) 
Seat 6: Alameda22 ($22.65 in chips) 
Seat 7: N Jesus Name ($23.15 in chips) 
Seat 8: rafachevere ($60.65 in chips) 
Seat 9: CLAYTONTODAY ($22.85 in chips) 
weepeel: posts small blind $0.10
jupa02: posts big blind $0.25
yjqian23: sits out 
*** HOLE CARDS ***
Dealt to Alameda22 [3d Qh]
Alameda22: folds 
N Jesus Name: calls $0.25
rafachevere: folds 
CLAYTONTODAY: folds 
WooLeeJung: folds 
mspitolai: folds 
weepeel: calls $0.15
jupa02: checks 
*** FLOP *** [2h 5c Ts]
weepeel: checks 
jupa02: checks 
N Jesus Name: checks 
*** TURN *** [2h 5c Ts] [Ad]
weepeel: checks 
jupa02: checks 
N Jesus Name: bets $0.75
weepeel: folds 
jupa02: folds 
Uncalled bet ($0.75) returned to N Jesus Name
N Jesus Name collected $0.75 from pot
N Jesus Name: doesn't show hand 
*** SUMMARY ***
Total pot $0.75 | Rake $0 
Board [2h 5c Ts Ad]
Seat 1: WooLeeJung folded before Flop (didn't bet)
Seat 2: mspitolai (button) folded before Flop (didn't bet)
Seat 3: weepeel (small blind) folded on the Turn
Seat 4: jupa02 (big blind) folded on the Turn
Seat 6: Alameda22 folded before Flop (didn't bet)
Seat 7: N Jesus Name collected ($0.75)
Seat 8: rafachevere folded before Flop (didn't bet)
Seat 9: CLAYTONTODAY folded before Flop (didn't bet)



PokerStars Game #19953654443:  Hold'em No Limit ($0.10/$0.25) - 2008/08/27 - 23:22:14 (ET)
Table 'Tinette' 9-max Seat #3 is the button
Seat 1: WooLeeJung ($29.15 in chips) 
Seat 2: mspitolai ($25.65 in chips) 
Seat 3: weepeel ($24.85 in chips) 
Seat 4: jupa02 ($10.65 in chips) 
Seat 5: yjqian23 ($25 in chips) 
Seat 6: Alameda22 ($22.65 in chips) 
Seat 7: N Jesus Name ($23.65 in chips) 
Seat 8: rafachevere ($60.65 in chips) 
Seat 9: CLAYTONTODAY ($22.85 in chips) 
jupa02: posts small blind $0.10
yjqian23: posts big blind $0.25
*** HOLE CARDS ***
Dealt to Alameda22 [5c 2d]
Alameda22: folds 
N Jesus Name: calls $0.25
rafachevere: folds 
CLAYTONTODAY: folds 
WooLeeJung: folds 
mspitolai: folds 
weepeel: folds 
jupa02: folds 
yjqian23: checks 
*** FLOP *** [7s 9d Qd]
yjqian23: bets $0.50
N Jesus Name: calls $0.50
*** TURN *** [7s 9d Qd] [2c]
yjqian23: checks 
N Jesus Name: bets $0.75
yjqian23: folds 
Uncalled bet ($0.75) returned to N Jesus Name
N Jesus Name collected $1.55 from pot
N Jesus Name: doesn't show hand 
*** SUMMARY ***
Total pot $1.60 | Rake $0.05 
Board [7s 9d Qd 2c]
Seat 1: WooLeeJung folded before Flop (didn't bet)
Seat 2: mspitolai folded before Flop (didn't bet)
Seat 3: weepeel (button) folded before Flop (didn't bet)
Seat 4: jupa02 (small blind) folded before Flop
Seat 5: yjqian23 (big blind) folded on the Turn
Seat 6: Alameda22 folded before Flop (didn't bet)
Seat 7: N Jesus Name collected ($1.55)
Seat 8: rafachevere folded before Flop (didn't bet)
Seat 9: CLAYTONTODAY folded before Flop (didn't bet)



PokerStars Game #19953701360:  Hold'em No Limit ($0.10/$0.25) - 2008/08/27 - 23:24:10 (ET)
Table 'Tinette' 9-max Seat #4 is the button
Seat 1: WooLeeJung ($29.15 in chips) 
Seat 2: mspitolai ($25.65 in chips) 
Seat 3: weepeel ($24.85 in chips) 
Seat 4: jupa02 ($10.55 in chips) 
Seat 5: yjqian23 ($24.25 in chips) 
Seat 6: Alameda22 ($22.65 in chips) 
Seat 7: N Jesus Name ($24.45 in chips) 
Seat 8: rafachevere ($60.65 in chips) 
Seat 9: CLAYTONTODAY ($22.85 in chips) 
yjqian23: posts small blind $0.10
Alameda22: posts big blind $0.25
*** HOLE CARDS ***
Dealt to Alameda22 [7h 9h]
N Jesus Name: calls $0.25
rafachevere: raises $0.90 to $1.15
CLAYTONTODAY: folds 
WooLeeJung: folds 
mspitolai: folds 
weepeel: folds 
jupa02: folds 
yjqian23: folds 
Alameda22: folds 
N Jesus Name: folds 
Uncalled bet ($0.90) returned to rafachevere
rafachevere collected $0.85 from pot
rafachevere: doesn't show hand 
*** SUMMARY ***
Total pot $0.85 | Rake $0 
Seat 1: WooLeeJung folded before Flop (didn't bet)
Seat 2: mspitolai folded before Flop (didn't bet)
Seat 3: weepeel folded before Flop (didn't bet)
Seat 4: jupa02 (button) folded before Flop (didn't bet)
Seat 5: yjqian23 (small blind) folded before Flop
Seat 6: Alameda22 (big blind) folded before Flop
Seat 7: N Jesus Name folded before Flop
Seat 8: rafachevere collected ($0.85)
Seat 9: CLAYTONTODAY folded before Flop (didn't bet)



PokerStars Game #19953737738:  Hold'em No Limit ($0.10/$0.25) - 2008/08/27 - 23:25:41 (ET)
Table 'Tinette' 9-max Seat #5 is the button
Seat 1: WooLeeJung ($29.15 in chips) 
Seat 2: mspitolai ($25.65 in chips) 
Seat 3: weepeel ($24.85 in chips) 
Seat 4: jupa02 ($10.55 in chips) 
Seat 5: yjqian23 ($24.15 in chips) 
Seat 6: Alameda22 ($22.40 in chips) 
Seat 7: N Jesus Name ($24.20 in chips) 
Seat 8: rafachevere ($61.25 in chips) 
Seat 9: CLAYTONTODAY ($22.85 in chips) 
Alameda22: posts small blind $0.10
N Jesus Name: posts big blind $0.25
*** HOLE CARDS ***
Dealt to Alameda22 [Kc 6s]
rafachevere: calls $0.25
CLAYTONTODAY: folds 
WooLeeJung: folds 
mspitolai: folds 
weepeel: folds 
jupa02: folds 
yjqian23: folds 
Alameda22: folds 
N Jesus Name: checks 
*** FLOP *** [7s Qh 2h]
N Jesus Name: checks 
rafachevere: bets $0.70
N Jesus Name: folds 
Uncalled bet ($0.70) returned to rafachevere
rafachevere collected $0.60 from pot
rafachevere: doesn't show hand 
*** SUMMARY ***
Total pot $0.60 | Rake $0 
Board [7s Qh 2h]
Seat 1: WooLeeJung folded before Flop (didn't bet)
Seat 2: mspitolai folded before Flop (didn't bet)
Seat 3: weepeel folded before Flop (didn't bet)
Seat 4: jupa02 folded before Flop (didn't bet)
Seat 5: yjqian23 (button) folded before Flop (didn't bet)
Seat 6: Alameda22 (small blind) folded before Flop
Seat 7: N Jesus Name (big blind) folded on the Flop
Seat 8: rafachevere collected ($0.60)
Seat 9: CLAYTONTODAY folded before Flop (didn't bet)



PokerStars Game #19953762424:  Hold'em No Limit ($0.10/$0.25) - 2008/08/27 - 23:26:43 (ET)
Table 'Tinette' 9-max Seat #6 is the button
Seat 1: WooLeeJung ($29.15 in chips) 
Seat 2: mspitolai ($25.65 in chips) 
Seat 3: weepeel ($24.85 in chips) 
Seat 4: jupa02 ($10.55 in chips) 
Seat 5: yjqian23 ($24.15 in chips) 
Seat 6: Alameda22 ($22.30 in chips) 
Seat 7: N Jesus Name ($23.95 in chips) 
Seat 8: rafachevere ($61.60 in chips) 
Seat 9: CLAYTONTODAY ($22.85 in chips) 
N Jesus Name: posts small blind $0.10
rafachevere: posts big blind $0.25
*** HOLE CARDS ***
Dealt to Alameda22 [Td 2c]
CLAYTONTODAY: folds 
WooLeeJung: folds 
CLAYTONTODAY leaves the table
mspitolai: folds 
weepeel: folds 
jupa02: folds 
yjqian23: raises $0.25 to $0.50
Alameda22: folds 
N Jesus Name: folds 
rafachevere: calls $0.25
*** FLOP *** [3h 5d 4s]
rafachevere: bets $0.90
yjqian23: calls $0.90
*** TURN *** [3h 5d 4s] [6c]
rafachevere: checks 
yjqian23: checks 
*** RIVER *** [3h 5d 4s 6c] [9c]
rafachevere: checks 
yjqian23: checks 
*** SHOW DOWN ***
rafachevere: shows [Jh Kd] (high card King)
yjqian23: shows [Ad Ah] (a pair of Aces)
yjqian23 collected $2.80 from pot
*** SUMMARY ***
Total pot $2.90 | Rake $0.10 
Board [3h 5d 4s 6c 9c]
Seat 1: WooLeeJung folded before Flop (didn't bet)
Seat 2: mspitolai folded before Flop (didn't bet)
Seat 3: weepeel folded before Flop (didn't bet)
Seat 4: jupa02 folded before Flop (didn't bet)
Seat 5: yjqian23 showed [Ad Ah] and won ($2.80) with a pair of Aces
Seat 6: Alameda22 (button) folded before Flop (didn't bet)
Seat 7: N Jesus Name (small blind) folded before Flop
Seat 8: rafachevere (big blind) showed [Jh Kd] and lost with high card King
Seat 9: CLAYTONTODAY folded before Flop (didn't bet)



PokerStars Game #19953795105:  Hold'em No Limit ($0.10/$0.25) - 2008/08/27 - 23:28:05 (ET)
Table 'Tinette' 9-max Seat #7 is the button
Seat 1: WooLeeJung ($29.15 in chips) 
Seat 2: mspitolai ($25.65 in chips) 
Seat 3: weepeel ($24.85 in chips) 
Seat 4: jupa02 ($10.55 in chips) 
Seat 5: yjqian23 ($25.55 in chips) 
Seat 6: Alameda22 ($22.30 in chips) 
Seat 7: N Jesus Name ($23.85 in chips) 
Seat 8: rafachevere ($60.20 in chips) 
rafachevere: posts small blind $0.10
WooLeeJung: posts big blind $0.25
*** HOLE CARDS ***
Dealt to Alameda22 [7c 7s]
mspitolai: folds 
weepeel: folds 
jupa02: folds 
yjqian23: folds 
Alameda22: calls $0.25
N Jesus Name: calls $0.25
JE Electric joins the table at seat #9 
rafachevere: calls $0.15
WooLeeJung: checks 
*** FLOP *** [3h 4s 7h]
rafachevere: checks 
WooLeeJung: checks 
Alameda22: bets $0.50
N Jesus Name: folds 
rafachevere: folds 
WooLeeJung: folds 
Uncalled bet ($0.50) returned to Alameda22
Alameda22 collected $0.95 from pot
Alameda22: doesn't show hand 
*** SUMMARY ***
Total pot $1 | Rake $0.05 
Board [3h 4s 7h]
Seat 1: WooLeeJung (big blind) folded on the Flop
Seat 2: mspitolai folded before Flop (didn't bet)
Seat 3: weepeel folded before Flop (didn't bet)
Seat 4: jupa02 folded before Flop (didn't bet)
Seat 5: yjqian23 folded before Flop (didn't bet)
Seat 6: Alameda22 collected ($0.95)
Seat 7: N Jesus Name (button) folded on the Flop
Seat 8: rafachevere (small blind) folded on the Flop



PokerStars Game #19953831349:  Hold'em No Limit ($0.10/$0.25) - 2008/08/27 - 23:29:38 (ET)
Table 'Tinette' 9-max Seat #8 is the button
Seat 1: WooLeeJung ($28.90 in chips) 
Seat 2: mspitolai ($25.65 in chips) 
Seat 3: weepeel ($24.85 in chips) 
Seat 4: jupa02 ($10.55 in chips) 
Seat 5: yjqian23 ($25.55 in chips) 
Seat 6: Alameda22 ($23 in chips) 
Seat 7: N Jesus Name ($23.60 in chips) 
Seat 8: rafachevere ($59.95 in chips) 
JE Electric will be allowed to play after the button
WooLeeJung: posts small blind $0.10
mspitolai: posts big blind $0.25
*** HOLE CARDS ***
Dealt to Alameda22 [6s 6c]
weepeel: folds 
jupa02: folds 
yjqian23: folds 
Alameda22: calls $0.25
N Jesus Name: folds 
rafachevere: folds 
WooLeeJung: folds 
mspitolai: checks 
*** FLOP *** [Kc Ac Ah]
mspitolai: checks 
Alameda22: bets $0.25
mspitolai: calls $0.25
*** TURN *** [Kc Ac Ah] [8d]
mspitolai: checks 
Alameda22: checks 
*** RIVER *** [Kc Ac Ah 8d] [Qh]
mspitolai: bets $1.50
Alameda22: folds 
Uncalled bet ($1.50) returned to mspitolai
mspitolai collected $1.05 from pot
mspitolai: doesn't show hand 
*** SUMMARY ***
Total pot $1.10 | Rake $0.05 
Board [Kc Ac Ah 8d Qh]
Seat 1: WooLeeJung (small blind) folded before Flop
Seat 2: mspitolai (big blind) collected ($1.05)
Seat 3: weepeel folded before Flop (didn't bet)
Seat 4: jupa02 folded before Flop (didn't bet)
Seat 5: yjqian23 folded before Flop (didn't bet)
Seat 6: Alameda22 folded on the River
Seat 7: N Jesus Name folded before Flop (didn't bet)
Seat 8: rafachevere (button) folded before Flop (didn't bet)



PokerStars Game #19953874779:  Hold'em No Limit ($0.10/$0.25) - 2008/08/27 - 23:31:29 (ET)
Table 'Tinette' 9-max Seat #1 is the button
Seat 1: WooLeeJung ($28.80 in chips) 
Seat 2: mspitolai ($26.20 in chips) 
Seat 3: weepeel ($24.85 in chips) 
Seat 4: jupa02 ($10.55 in chips) 
Seat 5: yjqian23 ($25.55 in chips) 
Seat 6: Alameda22 ($22.50 in chips) 
Seat 7: N Jesus Name ($23.60 in chips) 
Seat 8: rafachevere ($59.95 in chips) 
mspitolai: posts small blind $0.10
weepeel: posts big blind $0.25
JE Electric: sits out 
*** HOLE CARDS ***
Dealt to Alameda22 [Ah Jc]
jupa02: calls $0.25
yjqian23: folds 
Alameda22: folds 
N Jesus Name: calls $0.25
rafachevere is disconnected 
rafachevere is connected 
rafachevere: folds 
WooLeeJung: calls $0.25
mspitolai: calls $0.15
weepeel: checks 
*** FLOP *** [5h 4h 2s]
mspitolai: checks 
weepeel: checks 
jupa02: checks 
N Jesus Name: bets $0.75
WooLeeJung: raises $1.25 to $2
mspitolai: folds 
weepeel: folds 
jupa02: folds 
N Jesus Name: calls $1.25
*** TURN *** [5h 4h 2s] [Jh]
N Jesus Name: checks 
WooLeeJung: checks 
*** RIVER *** [5h 4h 2s Jh] [6c]
N Jesus Name: checks 
WooLeeJung: checks 
*** SHOW DOWN ***
N Jesus Name: shows [5c 4s] (two pair, Fives and Fours)
WooLeeJung: mucks hand 
N Jesus Name collected $5 from pot
*** SUMMARY ***
Total pot $5.25 | Rake $0.25 
Board [5h 4h 2s Jh 6c]
Seat 1: WooLeeJung (button) mucked [Td Tc]
Seat 2: mspitolai (small blind) folded on the Flop
Seat 3: weepeel (big blind) folded on the Flop
Seat 4: jupa02 folded on the Flop
Seat 5: yjqian23 folded before Flop (didn't bet)
Seat 6: Alameda22 folded before Flop (didn't bet)
Seat 7: N Jesus Name showed [5c 4s] and won ($5) with two pair, Fives and Fours
Seat 8: rafachevere folded before Flop (didn't bet)



PokerStars Game #19953927746:  Hold'em No Limit ($0.10/$0.25) - 2008/08/27 - 23:33:43 (ET)
Table 'Tinette' 9-max Seat #2 is the button
Seat 1: WooLeeJung ($26.55 in chips) 
Seat 2: mspitolai ($25.95 in chips) 
Seat 3: weepeel ($24.60 in chips) 
Seat 4: jupa02 ($10.30 in chips) 
Seat 5: yjqian23 ($25.55 in chips) 
Seat 6: Alameda22 ($22.50 in chips) 
Seat 7: N Jesus Name ($26.35 in chips) 
Seat 8: rafachevere ($59.95 in chips) 
weepeel: posts small blind $0.10
jupa02: posts big blind $0.25
JE Electric: sits out 
*** HOLE CARDS ***
Dealt to Alameda22 [5s 7d]
yjqian23: folds 
Alameda22: folds 
N Jesus Name: folds 
rafachevere: folds 
WooLeeJung: folds 
mspitolai: folds 
weepeel: calls $0.15
jupa02: checks 
*** FLOP *** [4c Ah 3s]
weepeel: checks 
jupa02: checks 
*** TURN *** [4c Ah 3s] [4h]
weepeel: bets $0.50
jupa02: folds 
Uncalled bet ($0.50) returned to weepeel
weepeel collected $0.50 from pot
weepeel: doesn't show hand 
*** SUMMARY ***
Total pot $0.50 | Rake $0 
Board [4c Ah 3s 4h]
Seat 1: WooLeeJung folded before Flop (didn't bet)
Seat 2: mspitolai (button) folded before Flop (didn't bet)
Seat 3: weepeel (small blind) collected ($0.50)
Seat 4: jupa02 (big blind) folded on the Turn
Seat 5: yjqian23 folded before Flop (didn't bet)
Seat 6: Alameda22 folded before Flop (didn't bet)
Seat 7: N Jesus Name folded before Flop (didn't bet)
Seat 8: rafachevere folded before Flop (didn't bet)



PokerStars Game #19953943779:  Hold'em No Limit ($0.10/$0.25) - 2008/08/27 - 23:34:24 (ET)
Table 'Tinette' 9-max Seat #3 is the button
Seat 1: WooLeeJung ($26.55 in chips) 
Seat 2: mspitolai ($25.95 in chips) 
Seat 3: weepeel ($24.85 in chips) 
Seat 4: jupa02 ($10.05 in chips) 
Seat 6: Alameda22 ($22.50 in chips) 
Seat 7: N Jesus Name ($26.35 in chips) 
Seat 8: rafachevere ($59.95 in chips) 
jupa02: posts small blind $0.10
yjqian23: is sitting out 
yjqian23 leaves the table
Alameda22: posts big blind $0.25
JE Electric: sits out 
*** HOLE CARDS ***
Dealt to Alameda22 [Jh 8s]
N Jesus Name: calls $0.25
rafachevere: calls $0.25
WooLeeJung: raises $1 to $1.25
mspitolai: folds 
weepeel: folds 
jupa02: folds 
Alameda22: folds 
N Jesus Name: folds 
rafachevere: folds 
Uncalled bet ($1) returned to WooLeeJung
WooLeeJung collected $1.10 from pot
WooLeeJung: doesn't show hand 
*** SUMMARY ***
Total pot $1.10 | Rake $0 
Seat 1: WooLeeJung collected ($1.10)
Seat 2: mspitolai folded before Flop (didn't bet)
Seat 3: weepeel (button) folded before Flop (didn't bet)
Seat 4: jupa02 (small blind) folded before Flop
Seat 6: Alameda22 (big blind) folded before Flop
Seat 7: N Jesus Name folded before Flop
Seat 8: rafachevere folded before Flop



PokerStars Game #19953963166:  Hold'em No Limit ($0.10/$0.25) - 2008/08/27 - 23:35:13 (ET)
Table 'Tinette' 9-max Seat #4 is the button
Seat 1: WooLeeJung ($27.40 in chips) 
Seat 2: mspitolai ($25.95 in chips) 
Seat 3: weepeel ($24.85 in chips) 
Seat 4: jupa02 ($9.95 in chips) 
Seat 6: Alameda22 ($22.25 in chips) 
Seat 7: N Jesus Name ($26.10 in chips) 
Seat 8: rafachevere ($59.70 in chips) 
Alameda22: posts small blind $0.10
N Jesus Name: posts big blind $0.25
JE Electric: sits out 
*** HOLE CARDS ***
Dealt to Alameda22 [3s 6s]
rafachevere: folds 
WooLeeJung: folds 
mspitolai: raises $2.25 to $2.50
weepeel: folds 
jupa02: folds 
Alameda22: folds 
N Jesus Name: folds 
Uncalled bet ($2.25) returned to mspitolai
mspitolai collected $0.60 from pot
mspitolai: doesn't show hand 
*** SUMMARY ***
Total pot $0.60 | Rake $0 
Seat 1: WooLeeJung folded before Flop (didn't bet)
Seat 2: mspitolai collected ($0.60)
Seat 3: weepeel folded before Flop (didn't bet)
Seat 4: jupa02 (button) folded before Flop (didn't bet)
Seat 6: Alameda22 (small blind) folded before Flop
Seat 7: N Jesus Name (big blind) folded before Flop
Seat 8: rafachevere folded before Flop (didn't bet)



PokerStars Game #19953981222:  Hold'em No Limit ($0.10/$0.25) - 2008/08/27 - 23:35:58 (ET)
Table 'Tinette' 9-max Seat #6 is the button
Seat 1: WooLeeJung ($27.40 in chips) 
Seat 2: mspitolai ($26.30 in chips) 
Seat 3: weepeel ($24.85 in chips) 
Seat 4: jupa02 ($9.95 in chips) 
Seat 6: Alameda22 ($22.15 in chips) 
Seat 7: N Jesus Name ($25.85 in chips) 
Seat 8: rafachevere ($59.70 in chips) 
N Jesus Name: posts small blind $0.10
rafachevere: posts big blind $0.25
JE Electric: sits out 
*** HOLE CARDS ***
Dealt to Alameda22 [2c 6h]
WooLeeJung: folds 
mspitolai: folds 
weepeel: folds 
jupa02: folds 
Alameda22: folds 
N Jesus Name: folds 
Uncalled bet ($0.15) returned to rafachevere
rafachevere collected $0.20 from pot
rafachevere: doesn't show hand 
Dooley2005 joins the table at seat #5 
*** SUMMARY ***
Total pot $0.20 | Rake $0 
Seat 1: WooLeeJung folded before Flop (didn't bet)
Seat 2: mspitolai folded before Flop (didn't bet)
Seat 3: weepeel folded before Flop (didn't bet)
Seat 4: jupa02 folded before Flop (didn't bet)
Seat 6: Alameda22 (button) folded before Flop (didn't bet)
Seat 7: N Jesus Name (small blind) folded before Flop
Seat 8: rafachevere (big blind) collected ($0.20)



PokerStars Game #19953991390:  Hold'em No Limit ($0.10/$0.25) - 2008/08/27 - 23:36:24 (ET)
Table 'Tinette' 9-max Seat #7 is the button
Seat 1: WooLeeJung ($27.40 in chips) 
Seat 2: mspitolai ($26.30 in chips) 
Seat 3: weepeel ($24.85 in chips) 
Seat 4: jupa02 ($9.95 in chips) 
Seat 5: Dooley2005 ($25 in chips) 
Seat 6: Alameda22 ($22.15 in chips) 
Seat 7: N Jesus Name ($25.75 in chips) 
Seat 8: rafachevere ($59.80 in chips) 
Seat 9: JE Electric ($24.30 in chips) 
rafachevere: posts small blind $0.10
JE Electric: posts big blind $0.25
Dooley2005: posts big blind $0.25
*** HOLE CARDS ***
Dealt to Alameda22 [5h 8c]
WooLeeJung: folds 
mspitolai: folds 
weepeel: folds 
jupa02: folds 
Dooley2005: raises $1 to $1.25
Alameda22: folds 
N Jesus Name: folds 
rafachevere: folds 
JE Electric: calls $1
*** FLOP *** [3d 7s Qh]
JE Electric: checks 
Dooley2005: bets $2
JE Electric: raises $2 to $4
Dooley2005: folds 
Uncalled bet ($2) returned to JE Electric
JE Electric collected $6.30 from pot
*** SUMMARY ***
Total pot $6.60 | Rake $0.30 
Board [3d 7s Qh]
Seat 1: WooLeeJung folded before Flop (didn't bet)
Seat 2: mspitolai folded before Flop (didn't bet)
Seat 3: weepeel folded before Flop (didn't bet)
Seat 4: jupa02 folded before Flop (didn't bet)
Seat 5: Dooley2005 folded on the Flop
Seat 6: Alameda22 folded before Flop (didn't bet)
Seat 7: N Jesus Name (button) folded before Flop (didn't bet)
Seat 8: rafachevere (small blind) folded before Flop
Seat 9: JE Electric (big blind) collected ($6.30)



PokerStars Game #19954020768:  Hold'em No Limit ($0.10/$0.25) - 2008/08/27 - 23:37:39 (ET)
Table 'Tinette' 9-max Seat #8 is the button
Seat 1: WooLeeJung ($27.40 in chips) 
Seat 2: mspitolai ($26.30 in chips) 
Seat 3: weepeel ($24.85 in chips) 
Seat 4: jupa02 ($9.95 in chips) 
Seat 5: Dooley2005 ($25 in chips) 
Seat 6: Alameda22 ($22.15 in chips) 
Seat 7: N Jesus Name ($25.75 in chips) 
Seat 8: rafachevere ($59.70 in chips) 
Seat 9: JE Electric ($27.35 in chips) 
JE Electric: posts small blind $0.10
WooLeeJung: posts big blind $0.25
*** HOLE CARDS ***
Dealt to Alameda22 [4h Qs]
mspitolai: folds 
mspitolai leaves the table
weepeel: folds 
JE Electric said, "7-3 is such a great hand"
jupa02: folds 
Dooley2005: folds 
Alameda22: folds 
N Jesus Name: calls $0.25
rafachevere: folds 
JE Electric: calls $0.15
WooLeeJung: checks 
*** FLOP *** [9s 4d 3h]
JE Electric: checks 
WooLeeJung: checks 
Dooley2005 said, "ur a ****"
N Jesus Name: bets $0.50
shaktale66 joins the table at seat #2 
JE Electric: folds 
WooLeeJung: folds 
Uncalled bet ($0.50) returned to N Jesus Name
Dooley2005 said, "homosexual"
JE Electric said, "yeah i know"
N Jesus Name collected $0.75 from pot
N Jesus Name: doesn't show hand 
*** SUMMARY ***
Total pot $0.75 | Rake $0 
Board [9s 4d 3h]
Seat 1: WooLeeJung (big blind) folded on the Flop
Seat 2: mspitolai folded before Flop (didn't bet)
Seat 3: weepeel folded before Flop (didn't bet)
Seat 4: jupa02 folded before Flop (didn't bet)
Seat 5: Dooley2005 folded before Flop (didn't bet)
Seat 6: Alameda22 folded before Flop (didn't bet)
Seat 7: N Jesus Name collected ($0.75)
Seat 8: rafachevere (button) folded before Flop (didn't bet)
Seat 9: JE Electric (small blind) folded on the Flop



PokerStars Game #19954047292:  Hold'em No Limit ($0.10/$0.25) - 2008/08/27 - 23:38:47 (ET)
Table 'Tinette' 9-max Seat #9 is the button
Seat 1: WooLeeJung ($27.15 in chips) 
Seat 2: shaktale66 ($15 in chips) 
Seat 3: weepeel ($24.85 in chips) 
Seat 4: jupa02 ($9.95 in chips) 
Seat 5: Dooley2005 ($25 in chips) 
Seat 6: Alameda22 ($22.15 in chips) 
Seat 7: N Jesus Name ($26.25 in chips) 
Seat 8: rafachevere ($59.70 in chips) 
Seat 9: JE Electric ($27.10 in chips) 
WooLeeJung: posts small blind $0.10
JE Electric said, "get called that all the time"
shaktale66: posts big blind $0.25
*** HOLE CARDS ***
Dealt to Alameda22 [6h As]
JE Electric said, "hehe"
weepeel: calls $0.25
JE Electric said, "i will bust you with stupid cards"
jupa02: folds 
Dooley2005: folds 
Alameda22: folds 
N Jesus Name: folds 
rafachevere: folds 
JE Electric: calls $0.25
WooLeeJung: folds 
shaktale66: checks 
*** FLOP *** [Ah Tc 4c]
shaktale66: checks 
weepeel: checks 
JE Electric said, "i get yelled at all the time lol"
JE Electric: checks 
*** TURN *** [Ah Tc 4c] [Ac]
shaktale66: checks 
JE Electric said, "i live for it"
weepeel: checks 
JE Electric said, "i like bad beats"
JE Electric: checks 
*** RIVER *** [Ah Tc 4c Ac] [4s]
shaktale66: checks 
weepeel: checks 
JE Electric: checks 
*** SHOW DOWN ***
shaktale66: shows [Qs 2d] (two pair, Aces and Fours)
weepeel: mucks hand 
JE Electric: shows [4h 8h] (a full house, Fours full of Aces)
JE Electric collected $0.85 from pot
*** SUMMARY ***
Total pot $0.85 | Rake $0 
Board [Ah Tc 4c Ac 4s]
Seat 1: WooLeeJung (small blind) folded before Flop
Seat 2: shaktale66 (big blind) showed [Qs 2d] and lost with two pair, Aces and Fours
Seat 3: weepeel mucked [3h 3s]
Seat 4: jupa02 folded before Flop (didn't bet)
Seat 5: Dooley2005 folded before Flop (didn't bet)
Seat 6: Alameda22 folded before Flop (didn't bet)
Seat 7: N Jesus Name folded before Flop (didn't bet)
Seat 8: rafachevere folded before Flop (didn't bet)
Seat 9: JE Electric (button) showed [4h 8h] and won ($0.85) with a full house, Fours full of Aces



PokerStars Game #19954078836:  Hold'em No Limit ($0.10/$0.25) - 2008/08/27 - 23:40:08 (ET)
Table 'Tinette' 9-max Seat #1 is the button
Seat 1: WooLeeJung ($27.05 in chips) 
Seat 2: shaktale66 ($14.75 in chips) 
Seat 3: weepeel ($24.60 in chips) 
Seat 4: jupa02 ($9.95 in chips) 
Seat 5: Dooley2005 ($25 in chips) 
Seat 6: Alameda22 ($22.15 in chips) 
Seat 7: N Jesus Name ($26.25 in chips) 
Seat 8: rafachevere ($59.70 in chips) 
Seat 9: JE Electric ($27.70 in chips) 
shaktale66: posts small blind $0.10
weepeel: posts big blind $0.25
*** HOLE CARDS ***
Dealt to Alameda22 [Qh 8h]
jupa02: folds 
jupa02 is sitting out
Dooley2005: folds 
Alameda22: folds 
N Jesus Name: folds 
rafachevere: folds 
JE Electric: folds 
WooLeeJung: folds 
shaktale66: folds 
Uncalled bet ($0.15) returned to weepeel
weepeel collected $0.20 from pot
weepeel: doesn't show hand 
*** SUMMARY ***
Total pot $0.20 | Rake $0 
Seat 1: WooLeeJung (button) folded before Flop (didn't bet)
Seat 2: shaktale66 (small blind) folded before Flop
Seat 3: weepeel (big blind) collected ($0.20)
Seat 4: jupa02 folded before Flop (didn't bet)
Seat 5: Dooley2005 folded before Flop (didn't bet)
Seat 6: Alameda22 folded before Flop (didn't bet)
Seat 7: N Jesus Name folded before Flop (didn't bet)
Seat 8: rafachevere folded before Flop (didn't bet)
Seat 9: JE Electric folded before Flop (didn't bet)



PokerStars Game #19954093306:  Hold'em No Limit ($0.10/$0.25) - 2008/08/27 - 23:40:45 (ET)
Table 'Tinette' 9-max Seat #2 is the button
Seat 1: WooLeeJung ($27.05 in chips) 
Seat 2: shaktale66 ($14.65 in chips) 
Seat 3: weepeel ($24.70 in chips) 
Seat 5: Dooley2005 ($25 in chips) 
Seat 6: Alameda22 ($22.15 in chips) 
Seat 7: N Jesus Name ($26.25 in chips) 
Seat 8: rafachevere ($59.70 in chips) 
Seat 9: JE Electric ($27.70 in chips) 
weepeel: posts small blind $0.10
Dooley2005: posts big blind $0.25
*** HOLE CARDS ***
Dealt to Alameda22 [2h 6h]
Alameda22: folds 
N Jesus Name: folds 
rafachevere: folds 
JE Electric: folds 
WooLeeJung: folds 
shaktale66: folds 
weepeel: folds 
Uncalled bet ($0.15) returned to Dooley2005
Dooley2005 collected $0.20 from pot
*** SUMMARY ***
Total pot $0.20 | Rake $0 
Seat 1: WooLeeJung folded before Flop (didn't bet)
Seat 2: shaktale66 (button) folded before Flop (didn't bet)
Seat 3: weepeel (small blind) folded before Flop
Seat 5: Dooley2005 (big blind) collected ($0.20)
Seat 6: Alameda22 folded before Flop (didn't bet)
Seat 7: N Jesus Name folded before Flop (didn't bet)
Seat 8: rafachevere folded before Flop (didn't bet)
Seat 9: JE Electric folded before Flop (didn't bet)



PokerStars Game #19954107930:  Hold'em No Limit ($0.10/$0.25) - 2008/08/27 - 23:41:24 (ET)
Table 'Tinette' 9-max Seat #3 is the button
Seat 1: WooLeeJung ($27.05 in chips) 
Seat 2: shaktale66 ($14.65 in chips) 
Seat 3: weepeel ($24.60 in chips) 
Seat 5: Dooley2005 ($25.10 in chips) 
Seat 6: Alameda22 ($22.15 in chips) 
Seat 7: N Jesus Name ($26.25 in chips) 
Seat 8: rafachevere ($59.70 in chips) 
Seat 9: JE Electric ($27.70 in chips) 
Dooley2005: posts small blind $0.10
Alameda22: posts big blind $0.25
*** HOLE CARDS ***
Dealt to Alameda22 [9c 6h]
N Jesus Name: folds 
rafachevere: folds 
JE Electric: folds 
WooLeeJung: folds 
shaktale66: calls $0.25
weepeel: folds 
Dooley2005: folds 
Alameda22: checks 
*** FLOP *** [Ad Kd 9s]
Alameda22: checks 
shaktale66: bets $0.50
Alameda22: folds 
Uncalled bet ($0.50) returned to shaktale66
shaktale66 collected $0.60 from pot
shaktale66: doesn't show hand 
*** SUMMARY ***
Total pot $0.60 | Rake $0 
Board [Ad Kd 9s]
Seat 1: WooLeeJung folded before Flop (didn't bet)
Seat 2: shaktale66 collected ($0.60)
Seat 3: weepeel (button) folded before Flop (didn't bet)
Seat 5: Dooley2005 (small blind) folded before Flop
Seat 6: Alameda22 (big blind) folded on the Flop
Seat 7: N Jesus Name folded before Flop (didn't bet)
Seat 8: rafachevere folded before Flop (didn't bet)
Seat 9: JE Electric folded before Flop (didn't bet)



PokerStars Game #19954131141:  Hold'em No Limit ($0.10/$0.25) - 2008/08/27 - 23:42:25 (ET)
Table 'Tinette' 9-max Seat #5 is the button
Seat 1: WooLeeJung ($27.05 in chips) 
Seat 2: shaktale66 ($15 in chips) 
Seat 3: weepeel ($24.60 in chips) 
Seat 5: Dooley2005 ($25 in chips) 
Seat 6: Alameda22 ($21.90 in chips) 
Seat 7: N Jesus Name ($26.25 in chips) 
Seat 8: rafachevere ($59.70 in chips) 
Seat 9: JE Electric ($27.70 in chips) 
Alameda22: posts small blind $0.10
N Jesus Name: posts big blind $0.25
*** HOLE CARDS ***
Dealt to Alameda22 [Kd Qd]
rafachevere: folds 
JE Electric: folds 
WooLeeJung: folds 
shaktale66: folds 
weepeel: folds 
Dooley2005: raises $0.75 to $1
Alameda22: folds 
N Jesus Name: folds 
Uncalled bet ($0.75) returned to Dooley2005
Dooley2005 collected $0.60 from pot
Dooley2005: doesn't show hand 
*** SUMMARY ***
Total pot $0.60 | Rake $0 
Seat 1: WooLeeJung folded before Flop (didn't bet)
Seat 2: shaktale66 folded before Flop (didn't bet)
Seat 3: weepeel folded before Flop (didn't bet)
Seat 5: Dooley2005 (button) collected ($0.60)
Seat 6: Alameda22 (small blind) folded before Flop
Seat 7: N Jesus Name (big blind) folded before Flop
Seat 8: rafachevere folded before Flop (didn't bet)
Seat 9: JE Electric folded before Flop (didn't bet)



PokerStars Game #19954152547:  Hold'em No Limit ($0.10/$0.25) - 2008/08/27 - 23:43:21 (ET)
Table 'Tinette' 9-max Seat #6 is the button
Seat 1: WooLeeJung ($27.05 in chips) 
Seat 2: shaktale66 ($15 in chips) 
Seat 3: weepeel ($24.60 in chips) 
Seat 5: Dooley2005 ($25.35 in chips) 
Seat 6: Alameda22 ($21.80 in chips) 
Seat 7: N Jesus Name ($26 in chips) 
Seat 8: rafachevere ($59.70 in chips) 
Seat 9: JE Electric ($27.70 in chips) 
N Jesus Name: posts small blind $0.10
rafachevere: posts big blind $0.25
*** HOLE CARDS ***
Dealt to Alameda22 [3d 9s]
JE Electric: folds 
WooLeeJung: folds 
shaktale66: folds 
weepeel: folds 
Dooley2005: folds 
Alameda22: folds 
N Jesus Name: folds 
Uncalled bet ($0.15) returned to rafachevere
rafachevere collected $0.20 from pot
rafachevere: doesn't show hand 
*** SUMMARY ***
Total pot $0.20 | Rake $0 
Seat 1: WooLeeJung folded before Flop (didn't bet)
Seat 2: shaktale66 folded before Flop (didn't bet)
Seat 3: weepeel folded before Flop (didn't bet)
Seat 5: Dooley2005 folded before Flop (didn't bet)
Seat 6: Alameda22 (button) folded before Flop (didn't bet)
Seat 7: N Jesus Name (small blind) folded before Flop
Seat 8: rafachevere (big blind) collected ($0.20)
Seat 9: JE Electric folded before Flop (didn't bet)



PokerStars Game #19954162646:  Hold'em No Limit ($0.10/$0.25) - 2008/08/27 - 23:43:47 (ET)
Table 'Tinette' 9-max Seat #7 is the button
Seat 1: WooLeeJung ($27.05 in chips) 
Seat 2: shaktale66 ($15 in chips) 
Seat 3: weepeel ($24.60 in chips) 
Seat 5: Dooley2005 ($25.35 in chips) 
Seat 6: Alameda22 ($21.80 in chips) 
Seat 7: N Jesus Name ($25.90 in chips) 
Seat 8: rafachevere ($59.80 in chips) 
Seat 9: JE Electric ($27.70 in chips) 
rafachevere: posts small blind $0.10
JE Electric: posts big blind $0.25
*** HOLE CARDS ***
Dealt to Alameda22 [8c Qs]
WooLeeJung: folds 
shaktale66: folds 
weepeel: folds 
Dooley2005: folds 
Alameda22: folds 
N Jesus Name: raises $0.25 to $0.50
rafachevere: folds 
JE Electric: calls $0.25
*** FLOP *** [9d As Jc]
JE Electric: checks 
N Jesus Name: bets $0.75
JE Electric: folds 
Uncalled bet ($0.75) returned to N Jesus Name
N Jesus Name collected $1.05 from pot
N Jesus Name: doesn't show hand 
*** SUMMARY ***
Total pot $1.10 | Rake $0.05 
Board [9d As Jc]
Seat 1: WooLeeJung folded before Flop (didn't bet)
Seat 2: shaktale66 folded before Flop (didn't bet)
Seat 3: weepeel folded before Flop (didn't bet)
Seat 5: Dooley2005 folded before Flop (didn't bet)
Seat 6: Alameda22 folded before Flop (didn't bet)
Seat 7: N Jesus Name (button) collected ($1.05)
Seat 8: rafachevere (small blind) folded before Flop
Seat 9: JE Electric (big blind) folded on the Flop



PokerStars Game #19954187901:  Hold'em No Limit ($0.10/$0.25) - 2008/08/27 - 23:44:53 (ET)
Table 'Tinette' 9-max Seat #8 is the button
Seat 1: WooLeeJung ($27.05 in chips) 
Seat 2: shaktale66 ($15 in chips) 
Seat 3: weepeel ($24.60 in chips) 
Seat 5: Dooley2005 ($25.35 in chips) 
Seat 6: Alameda22 ($21.80 in chips) 
Seat 7: N Jesus Name ($26.45 in chips) 
Seat 8: rafachevere ($59.70 in chips) 
Seat 9: JE Electric ($27.20 in chips) 
JE Electric: posts small blind $0.10
WooLeeJung: posts big blind $0.25
*** HOLE CARDS ***
Dealt to Alameda22 [7d 6h]
shaktale66: folds 
weepeel: folds 
Dooley2005: raises $0.75 to $1
Alameda22: folds 
N Jesus Name: folds 
rafachevere: folds 
Dooley2005 said, "call w/ 82"
JE Electric: calls $0.90
WooLeeJung: calls $0.75
*** FLOP *** [2s 4c 7s]
JE Electric: checks 
WooLeeJung: checks 
Dooley2005: checks 
*** TURN *** [2s 4c 7s] [Kd]
JE Electric: checks 
WooLeeJung: checks 
Dooley2005: bets $2
JE Electric: folds 
WooLeeJung: raises $3.50 to $5.50
N Jesus Name said, "ak"
Dooley2005: folds 
Uncalled bet ($3.50) returned to WooLeeJung
WooLeeJung collected $6.70 from pot
WooLeeJung: doesn't show hand 
*** SUMMARY ***
Total pot $7 | Rake $0.30 
Board [2s 4c 7s Kd]
Seat 1: WooLeeJung (big blind) collected ($6.70)
Seat 2: shaktale66 folded before Flop (didn't bet)
Seat 3: weepeel folded before Flop (didn't bet)
Seat 5: Dooley2005 folded on the Turn
Seat 6: Alameda22 folded before Flop (didn't bet)
Seat 7: N Jesus Name folded before Flop (didn't bet)
Seat 8: rafachevere (button) folded before Flop (didn't bet)
Seat 9: JE Electric (small blind) folded on the Turn



PokerStars Game #19954252635:  Hold'em No Limit ($0.10/$0.25) - 2008/08/27 - 23:47:48 (ET)
Table 'Tinette' 9-max Seat #9 is the button
Seat 1: WooLeeJung ($30.75 in chips) 
Seat 2: shaktale66 ($15 in chips) 
Seat 3: weepeel ($24.60 in chips) 
Seat 5: Dooley2005 ($22.35 in chips) 
Seat 6: Alameda22 ($21.80 in chips) 
Seat 7: N Jesus Name ($26.45 in chips) 
Seat 8: rafachevere ($59.70 in chips) 
Seat 9: JE Electric ($26.20 in chips) 
WooLeeJung: posts small blind $0.10
shaktale66: posts big blind $0.25
*** HOLE CARDS ***
Dealt to Alameda22 [7h Kc]
weepeel: folds 
Dooley2005: folds 
weepeel is sitting out
N Jesus Name said, "vh"
N Jesus Name said, "nh"
Alameda22: folds 
N Jesus Name: folds 
rafachevere: folds 
JE Electric: folds 
WooLeeJung: folds 
Uncalled bet ($0.15) returned to shaktale66
shaktale66 collected $0.20 from pot
shaktale66: doesn't show hand 
*** SUMMARY ***
Total pot $0.20 | Rake $0 
Seat 1: WooLeeJung (small blind) folded before Flop
Seat 2: shaktale66 (big blind) collected ($0.20)
Seat 3: weepeel folded before Flop (didn't bet)
Seat 5: Dooley2005 folded before Flop (didn't bet)
Seat 6: Alameda22 folded before Flop (didn't bet)
Seat 7: N Jesus Name folded before Flop (didn't bet)
Seat 8: rafachevere folded before Flop (didn't bet)
Seat 9: JE Electric (button) folded before Flop (didn't bet)



PokerStars Game #19954275006:  Hold'em No Limit ($0.10/$0.25) - 2008/08/27 - 23:48:49 (ET)
Table 'Tinette' 9-max Seat #1 is the button
Seat 1: WooLeeJung ($30.65 in chips) 
Seat 2: shaktale66 ($15.10 in chips) 
Seat 5: Dooley2005 ($22.35 in chips) 
Seat 6: Alameda22 ($21.80 in chips) 
Seat 7: N Jesus Name ($26.45 in chips) 
Seat 8: rafachevere ($59.70 in chips) 
Seat 9: JE Electric ($26.20 in chips) 
shaktale66: posts small blind $0.10
Dooley2005: posts big blind $0.25
*** HOLE CARDS ***
Dealt to Alameda22 [9d 8s]
Alameda22: folds 
N Jesus Name: folds 
rafachevere: folds 
Dooley2005 said, "did u say he had ak?"
Dooley2005 said, "if he had ak he's ******ed"
JE Electric: folds 
WooLeeJung: folds 
shaktale66: folds 
Uncalled bet ($0.15) returned to Dooley2005
Dooley2005 collected $0.20 from pot
Dooley2005: doesn't show hand 
*** SUMMARY ***
Total pot $0.20 | Rake $0 
Seat 1: WooLeeJung (button) folded before Flop (didn't bet)
Seat 2: shaktale66 (small blind) folded before Flop
Seat 5: Dooley2005 (big blind) collected ($0.20)
Seat 6: Alameda22 folded before Flop (didn't bet)
Seat 7: N Jesus Name folded before Flop (didn't bet)
Seat 8: rafachevere folded before Flop (didn't bet)
Seat 9: JE Electric folded before Flop (didn't bet)



PokerStars Game #19954291431:  Hold'em No Limit ($0.10/$0.25) - 2008/08/27 - 23:49:34 (ET)
Table 'Tinette' 9-max Seat #2 is the button
Seat 1: WooLeeJung ($30.65 in chips) 
Seat 2: shaktale66 ($15 in chips) 
Seat 5: Dooley2005 ($22.45 in chips) 
Seat 6: Alameda22 ($21.80 in chips) 
Seat 7: N Jesus Name ($26.45 in chips) 
Seat 8: rafachevere ($59.70 in chips) 
Seat 9: JE Electric ($26.20 in chips) 
Dooley2005: posts small blind $0.10
Alameda22: posts big blind $0.25
*** HOLE CARDS ***
Dealt to Alameda22 [Kc 2s]
N Jesus Name: folds 
rafachevere: folds 
JE Electric: folds 
WooLeeJung: folds 
shaktale66: folds 
Dooley2005: folds 
Uncalled bet ($0.15) returned to Alameda22
Alameda22 collected $0.20 from pot
Alameda22: doesn't show hand 
*** SUMMARY ***
Total pot $0.20 | Rake $0 
Seat 1: WooLeeJung folded before Flop (didn't bet)
Seat 2: shaktale66 (button) folded before Flop (didn't bet)
Seat 5: Dooley2005 (small blind) folded before Flop
Seat 6: Alameda22 (big blind) collected ($0.20)
Seat 7: N Jesus Name folded before Flop (didn't bet)
Seat 8: rafachevere folded before Flop (didn't bet)
Seat 9: JE Electric folded before Flop (didn't bet)



PokerStars Game #19954308091:  Hold'em No Limit ($0.10/$0.25) - 2008/08/27 - 23:50:21 (ET)
Table 'Tinette' 9-max Seat #5 is the button
Seat 1: WooLeeJung ($30.65 in chips) 
Seat 2: shaktale66 ($15 in chips) 
Seat 5: Dooley2005 ($25 in chips) 
Seat 6: Alameda22 ($21.90 in chips) 
Seat 7: N Jesus Name ($26.45 in chips) 
Seat 8: rafachevere ($59.70 in chips) 
Seat 9: JE Electric ($26.20 in chips) 
Alameda22: posts small blind $0.10
N Jesus Name: posts big blind $0.25
*** HOLE CARDS ***
Dealt to Alameda22 [Th Jc]
rafachevere: folds 
JE Electric: folds 
WooLeeJung: folds 
shaktale66: folds 
Dooley2005: folds 
Alameda22: folds 
Uncalled bet ($0.15) returned to N Jesus Name
N Jesus Name collected $0.20 from pot
N Jesus Name: doesn't show hand 
*** SUMMARY ***
Total pot $0.20 | Rake $0 
Seat 1: WooLeeJung folded before Flop (didn't bet)
Seat 2: shaktale66 folded before Flop (didn't bet)
Seat 5: Dooley2005 (button) folded before Flop (didn't bet)
Seat 6: Alameda22 (small blind) folded before Flop
Seat 7: N Jesus Name (big blind) collected ($0.20)
Seat 8: rafachevere folded before Flop (didn't bet)
Seat 9: JE Electric folded before Flop (didn't bet)



PokerStars Game #19954317687:  Hold'em No Limit ($0.10/$0.25) - 2008/08/27 - 23:50:48 (ET)
Table 'Tinette' 9-max Seat #6 is the button
Seat 1: WooLeeJung ($30.65 in chips) 
Seat 2: shaktale66 ($15 in chips) 
Seat 5: Dooley2005 ($25 in chips) 
Seat 6: Alameda22 ($21.80 in chips) 
Seat 7: N Jesus Name ($26.55 in chips) 
Seat 8: rafachevere ($59.70 in chips) 
Seat 9: JE Electric ($26.20 in chips) 
N Jesus Name: posts small blind $0.10
rafachevere: posts big blind $0.25
*** HOLE CARDS ***
Dealt to Alameda22 [Td 4s]
jupa02 has returned
JE Electric: folds 
WooLeeJung: calls $0.25
shaktale66: calls $0.25
JE Electric leaves the table
Dooley2005: folds 
Alameda22: folds 
N Jesus Name: calls $0.15
rafachevere: checks 
*** FLOP *** [3s Jd 4c]
N Jesus Name: bets $0.50
rafachevere: folds 
WooLeeJung: folds 
shaktale66: folds 
Uncalled bet ($0.50) returned to N Jesus Name
N Jesus Name collected $0.95 from pot
N Jesus Name: doesn't show hand 
*** SUMMARY ***
Total pot $1 | Rake $0.05 
Board [3s Jd 4c]
Seat 1: WooLeeJung folded on the Flop
Seat 2: shaktale66 folded on the Flop
Seat 5: Dooley2005 folded before Flop (didn't bet)
Seat 6: Alameda22 (button) folded before Flop (didn't bet)
Seat 7: N Jesus Name (small blind) collected ($0.95)
Seat 8: rafachevere (big blind) folded on the Flop
Seat 9: JE Electric folded before Flop (didn't bet)



PokerStars Game #19954340893:  Hold'em No Limit ($0.10/$0.25) - 2008/08/27 - 23:51:53 (ET)
Table 'Tinette' 9-max Seat #7 is the button
Seat 2: shaktale66 ($14.75 in chips) 
Seat 5: Dooley2005 ($25 in chips) 
Seat 6: Alameda22 ($21.80 in chips) 
Seat 7: N Jesus Name ($27.25 in chips) 
Seat 8: rafachevere ($59.45 in chips) 
rafachevere: posts small blind $0.10
WooLeeJung: is sitting out 
shaktale66: posts big blind $0.25
jupa02: sits out 
*** HOLE CARDS ***
Dealt to Alameda22 [8d 5d]
Dooley2005: folds 
Alameda22: folds 
N Jesus Name: folds 
rafachevere: calls $0.15
shaktale66: checks 
*** FLOP *** [Ah Kh 6d]
rafachevere: checks 
shaktale66: checks 
*** TURN *** [Ah Kh 6d] [Ac]
rafachevere: checks 
shaktale66: checks 
*** RIVER *** [Ah Kh 6d Ac] [Jc]
rafachevere: checks 
shaktale66: checks 
*** SHOW DOWN ***
rafachevere: shows [Qd 2s] (a pair of Aces)
shaktale66: shows [Kd 2c] (two pair, Aces and Kings)
shaktale66 collected $0.50 from pot
*** SUMMARY ***
Total pot $0.50 | Rake $0 
Board [Ah Kh 6d Ac Jc]
Seat 2: shaktale66 (big blind) showed [Kd 2c] and won ($0.50) with two pair, Aces and Kings
Seat 5: Dooley2005 folded before Flop (didn't bet)
Seat 6: Alameda22 folded before Flop (didn't bet)
Seat 7: N Jesus Name (button) folded before Flop (didn't bet)
Seat 8: rafachevere (small blind) showed [Qd 2s] and lost with a pair of Aces



PokerStars Game #19954363133:  Hold'em No Limit ($0.10/$0.25) - 2008/08/27 - 23:52:55 (ET)
Table 'Tinette' 9-max Seat #8 is the button
Seat 2: shaktale66 ($15 in chips) 
Seat 4: jupa02 ($9.95 in chips) 
Seat 5: Dooley2005 ($25 in chips) 
Seat 6: Alameda22 ($21.80 in chips) 
Seat 7: N Jesus Name ($27.25 in chips) 
Seat 8: rafachevere ($59.20 in chips) 
shaktale66: posts small blind $0.10
jupa02: posts big blind $0.25
*** HOLE CARDS ***
Dealt to Alameda22 [8h Td]
Gracyacey joins the table at seat #9 
Dooley2005: folds 
Alameda22: folds 
N Jesus Name: folds 
rafachevere: folds 
shaktale66: folds 
Uncalled bet ($0.15) returned to jupa02
jupa02 collected $0.20 from pot
jupa02: doesn't show hand 
*** SUMMARY ***
Total pot $0.20 | Rake $0 
Seat 2: shaktale66 (small blind) folded before Flop
Seat 4: jupa02 (big blind) collected ($0.20)
Seat 5: Dooley2005 folded before Flop (didn't bet)
Seat 6: Alameda22 folded before Flop (didn't bet)
Seat 7: N Jesus Name folded before Flop (didn't bet)
Seat 8: rafachevere (button) folded before Flop (didn't bet)



PokerStars Game #19954369806:  Hold'em No Limit ($0.10/$0.25) - 2008/08/27 - 23:53:14 (ET)
Table 'Tinette' 9-max Seat #2 is the button
Seat 2: shaktale66 ($14.90 in chips) 
Seat 4: jupa02 ($10.05 in chips) 
Seat 5: Dooley2005 ($25 in chips) 
Seat 6: Alameda22 ($21.80 in chips) 
Seat 7: N Jesus Name ($27.25 in chips) 
Seat 8: rafachevere ($59.20 in chips) 
Seat 9: Gracyacey ($15 in chips) 
jupa02: posts small blind $0.10
Dooley2005: posts big blind $0.25
Gracyacey: posts big blind $0.25
*** HOLE CARDS ***
Dealt to Alameda22 [Js 8d]
Alameda22: folds 
N Jesus Name: folds 
rafachevere: folds 
Gracyacey: checks 
shaktale66: folds 
jupa02: folds 
Dooley2005: raises $1 to $1.25
Gracyacey: folds 
Uncalled bet ($1) returned to Dooley2005
Dooley2005 collected $0.60 from pot
*** SUMMARY ***
Total pot $0.60 | Rake $0 
Seat 2: shaktale66 (button) folded before Flop (didn't bet)
Seat 4: jupa02 (small blind) folded before Flop
Seat 5: Dooley2005 (big blind) collected ($0.60)
Seat 6: Alameda22 folded before Flop (didn't bet)
Seat 7: N Jesus Name folded before Flop (didn't bet)
Seat 8: rafachevere folded before Flop (didn't bet)
Seat 9: Gracyacey folded before Flop



PokerStars Game #19954391850:  Hold'em No Limit ($0.10/$0.25) - 2008/08/27 - 23:54:16 (ET)
Table 'Tinette' 9-max Seat #4 is the button
Seat 2: shaktale66 ($14.90 in chips) 
Seat 4: jupa02 ($9.95 in chips) 
Seat 5: Dooley2005 ($25.35 in chips) 
Seat 6: Alameda22 ($21.80 in chips) 
Seat 7: N Jesus Name ($27.25 in chips) 
Seat 8: rafachevere ($59.20 in chips) 
Seat 9: Gracyacey ($14.75 in chips) 
Dooley2005: posts small blind $0.10
Alameda22: posts big blind $0.25
*** HOLE CARDS ***
Dealt to Alameda22 [3c Ad]
N Jesus Name: folds 
N Jesus Name leaves the table
rafachevere: folds 
Gracyacey: calls $0.25
shaktale66: folds 
jupa02: folds 
Dooley2005: folds 
Alameda22: checks 
*** FLOP *** [Jc 3h 8s]
Alameda22: checks 
Gracyacey: checks 
*** TURN *** [Jc 3h 8s] [9h]
Alameda22: checks 
Gracyacey: checks 
*** RIVER *** [Jc 3h 8s 9h] [Jh]
Alameda22: checks 
Gracyacey: checks 
*** SHOW DOWN ***
Alameda22: shows [3c Ad] (two pair, Jacks and Threes)
Gracyacey: mucks hand 
Alameda22 collected $0.60 from pot
*** SUMMARY ***
Total pot $0.60 | Rake $0 
Board [Jc 3h 8s 9h Jh]
Seat 2: shaktale66 folded before Flop (didn't bet)
Seat 4: jupa02 (button) folded before Flop (didn't bet)
Seat 5: Dooley2005 (small blind) folded before Flop
Seat 6: Alameda22 (big blind) showed [3c Ad] and won ($0.60) with two pair, Jacks and Threes
Seat 7: N Jesus Name folded before Flop (didn't bet)
Seat 8: rafachevere folded before Flop (didn't bet)
Seat 9: Gracyacey mucked [Qs Ac]



PokerStars Game #19954416021:  Hold'em No Limit ($0.10/$0.25) - 2008/08/27 - 23:55:25 (ET)
Table 'Tinette' 9-max Seat #5 is the button
Seat 2: shaktale66 ($14.90 in chips) 
Seat 4: jupa02 ($9.95 in chips) 
Seat 5: Dooley2005 ($25.25 in chips) 
Seat 6: Alameda22 ($22.15 in chips) 
Seat 8: rafachevere ($59.20 in chips) 
Seat 9: Gracyacey ($14.50 in chips) 
Alameda22: posts small blind $0.10
rafachevere: posts big blind $0.25
*** HOLE CARDS ***
Dealt to Alameda22 [4h Ks]
Gracyacey: folds 
shaktale66: calls $0.25
jupa02: folds 
Dooley2005: folds 
Alameda22: folds 
rafachevere: raises $0.80 to $1.05
shaktale66: folds 
Uncalled bet ($0.80) returned to rafachevere
rafachevere collected $0.60 from pot
rafachevere: doesn't show hand 
*** SUMMARY ***
Total pot $0.60 | Rake $0 
Seat 2: shaktale66 folded before Flop
Seat 4: jupa02 folded before Flop (didn't bet)
Seat 5: Dooley2005 (button) folded before Flop (didn't bet)
Seat 6: Alameda22 (small blind) folded before Flop
Seat 8: rafachevere (big blind) collected ($0.60)
Seat 9: Gracyacey folded before Flop (didn't bet)



PokerStars Game #19954429553:  Hold'em No Limit ($0.10/$0.25) - 2008/08/27 - 23:56:03 (ET)
Table 'Tinette' 9-max Seat #6 is the button
Seat 2: shaktale66 ($14.65 in chips) 
Seat 4: jupa02 ($9.95 in chips) 
Seat 5: Dooley2005 ($25.25 in chips) 
Seat 6: Alameda22 ($22.05 in chips) 
Seat 8: rafachevere ($59.55 in chips) 
Seat 9: Gracyacey ($14.50 in chips) 
rafachevere: posts small blind $0.10
Gracyacey: posts big blind $0.25
*** HOLE CARDS ***
Dealt to Alameda22 [7d Qh]
shaktale66: folds 
jupa02: folds 
Dooley2005: raises $0.75 to $1
Alameda22: folds 
rafachevere: folds 
Gracyacey: folds 
Uncalled bet ($0.75) returned to Dooley2005
Dooley2005 collected $0.60 from pot
Dooley2005: doesn't show hand 
*** SUMMARY ***
Total pot $0.60 | Rake $0 
Seat 2: shaktale66 folded before Flop (didn't bet)
Seat 4: jupa02 folded before Flop (didn't bet)
Seat 5: Dooley2005 collected ($0.60)
Seat 6: Alameda22 (button) folded before Flop (didn't bet)
Seat 8: rafachevere (small blind) folded before Flop
Seat 9: Gracyacey (big blind) folded before Flop



PokerStars Game #19954446617:  Hold'em No Limit ($0.10/$0.25) - 2008/08/27 - 23:56:52 (ET)
Table 'Tinette' 9-max Seat #8 is the button
Seat 2: shaktale66 ($14.65 in chips) 
Seat 4: jupa02 ($9.95 in chips) 
Seat 5: Dooley2005 ($25.60 in chips) 
Seat 6: Alameda22 ($22.05 in chips) 
Seat 8: rafachevere ($59.45 in chips) 
Seat 9: Gracyacey ($14.25 in chips) 
Gracyacey: posts small blind $0.10
shaktale66: posts big blind $0.25
*** HOLE CARDS ***
Dealt to Alameda22 [As Jd]
jupa02: folds 
Dooley2005: folds 
Dooley2005 leaves the table
Alameda22: raises $0.50 to $0.75
rafachevere: folds 
Gracyacey: folds 
shaktale66: folds 
Uncalled bet ($0.50) returned to Alameda22
Alameda22 collected $0.60 from pot
Alameda22: doesn't show hand 
*** SUMMARY ***
Total pot $0.60 | Rake $0 
Seat 2: shaktale66 (big blind) folded before Flop
Seat 4: jupa02 folded before Flop (didn't bet)
Seat 5: Dooley2005 folded before Flop (didn't bet)
Seat 6: Alameda22 collected ($0.60)
Seat 8: rafachevere (button) folded before Flop (didn't bet)
Seat 9: Gracyacey (small blind) folded before Flop



PokerStars Game #19954461228:  Hold'em No Limit ($0.10/$0.25) - 2008/08/27 - 23:57:34 (ET)
Table 'Tinette' 9-max Seat #9 is the button
Seat 2: shaktale66 ($14.40 in chips) 
Seat 4: jupa02 ($9.95 in chips) 
Seat 6: Alameda22 ($22.40 in chips) 
Seat 8: rafachevere ($59.45 in chips) 
Seat 9: Gracyacey ($14.15 in chips) 
shaktale66: posts small blind $0.10
jupa02: posts big blind $0.25
*** HOLE CARDS ***
Dealt to Alameda22 [4h Qh]
Alameda22: folds 
rafachevere: folds 
Gracyacey: folds 
shaktale66: folds 
Uncalled bet ($0.15) returned to jupa02
jupa02 collected $0.20 from pot
jupa02: doesn't show hand 
*** SUMMARY ***
Total pot $0.20 | Rake $0 
Seat 2: shaktale66 (small blind) folded before Flop
Seat 4: jupa02 (big blind) collected ($0.20)
Seat 6: Alameda22 folded before Flop (didn't bet)
Seat 8: rafachevere folded before Flop (didn't bet)
Seat 9: Gracyacey (button) folded before Flop (didn't bet)



