PokerStars Game #19929207288:  Hold'em No Limit ($0.10/$0.25) - 2008/08/27 - 00:00:36 (ET)
Table 'Murzim II' 9-max Seat #4 is the button
Seat 1: yuge0205 ($23.95 in chips) 
Seat 2: LyolikBY ($5.90 in chips) 
Seat 3: Alameda22 ($25.40 in chips) 
Seat 4: xeL)n.Agent ($9.75 in chips) 
Seat 5: KIDNIC ($18.55 in chips) 
Seat 6: garrymdp ($5.70 in chips) 
Seat 7: Marmel88 ($14.05 in chips) 
Seat 8: StlouiestL ($24.75 in chips) 
Seat 9: shaktale66 ($28.05 in chips) 
KIDNIC: posts small blind $0.10
garrymdp: posts big blind $0.25
*** HOLE CARDS ***
Dealt to Alameda22 [4d Th]
Marmel88: folds 
StlouiestL: folds 
shaktale66: folds 
yuge0205: raises $0.25 to $0.50
LyolikBY: folds 
Alameda22: folds 
xeL)n.Agent: folds 
KIDNIC: folds 
garrymdp: folds 
Uncalled bet ($0.25) returned to yuge0205
yuge0205 collected $0.60 from pot
yuge0205: shows [As Ah] (a pair of Aces)
*** SUMMARY ***
Total pot $0.60 | Rake $0 
Seat 1: yuge0205 collected ($0.60)
Seat 2: LyolikBY folded before Flop (didn't bet)
Seat 3: Alameda22 folded before Flop (didn't bet)
Seat 4: xeL)n.Agent (button) folded before Flop (didn't bet)
Seat 5: KIDNIC (small blind) folded before Flop
Seat 6: garrymdp (big blind) folded before Flop
Seat 7: Marmel88 folded before Flop (didn't bet)
Seat 8: StlouiestL folded before Flop (didn't bet)
Seat 9: shaktale66 folded before Flop (didn't bet)



PokerStars Game #19929220508:  Hold'em No Limit ($0.10/$0.25) - 2008/08/27 - 00:01:18 (ET)
Table 'Murzim II' 9-max Seat #5 is the button
Seat 1: yuge0205 ($24.30 in chips) 
Seat 2: LyolikBY ($5.90 in chips) 
Seat 3: Alameda22 ($25.40 in chips) 
Seat 4: xeL)n.Agent ($9.75 in chips) 
Seat 5: KIDNIC ($18.45 in chips) 
Seat 6: garrymdp ($5.45 in chips) 
Seat 7: Marmel88 ($14.05 in chips) 
Seat 8: StlouiestL ($24.75 in chips) 
Seat 9: shaktale66 ($28.05 in chips) 
garrymdp: posts small blind $0.10
Marmel88: posts big blind $0.25
*** HOLE CARDS ***
Dealt to Alameda22 [6d 5c]
StlouiestL: folds 
shaktale66: folds 
yuge0205: folds 
LyolikBY: raises $0.75 to $1
Alameda22: folds 
xeL)n.Agent: folds 
KIDNIC: folds 
garrymdp: folds 
Marmel88: folds 
Uncalled bet ($0.75) returned to LyolikBY
LyolikBY collected $0.60 from pot
LyolikBY: doesn't show hand 
*** SUMMARY ***
Total pot $0.60 | Rake $0 
Seat 1: yuge0205 folded before Flop (didn't bet)
Seat 2: LyolikBY collected ($0.60)
Seat 3: Alameda22 folded before Flop (didn't bet)
Seat 4: xeL)n.Agent folded before Flop (didn't bet)
Seat 5: KIDNIC (button) folded before Flop (didn't bet)
Seat 6: garrymdp (small blind) folded before Flop
Seat 7: Marmel88 (big blind) folded before Flop
Seat 8: StlouiestL folded before Flop (didn't bet)
Seat 9: shaktale66 folded before Flop (didn't bet)



PokerStars Game #19929236607:  Hold'em No Limit ($0.10/$0.25) - 2008/08/27 - 00:02:11 (ET)
Table 'Murzim II' 9-max Seat #6 is the button
Seat 1: yuge0205 ($24.30 in chips) 
Seat 2: LyolikBY ($6.25 in chips) 
Seat 3: Alameda22 ($25.40 in chips) 
Seat 4: xeL)n.Agent ($9.75 in chips) 
Seat 5: KIDNIC ($18.45 in chips) 
Seat 6: garrymdp ($5.35 in chips) 
Seat 7: Marmel88 ($13.80 in chips) 
Seat 8: StlouiestL ($24.75 in chips) 
Seat 9: shaktale66 ($28.05 in chips) 
Marmel88: posts small blind $0.10
StlouiestL: posts big blind $0.25
*** HOLE CARDS ***
Dealt to Alameda22 [9c Ac]
shaktale66: folds 
yuge0205: raises $0.25 to $0.50
LyolikBY: folds 
Alameda22: folds 
xeL)n.Agent: folds 
KIDNIC: folds 
garrymdp: folds 
Marmel88: folds 
StlouiestL: folds 
Uncalled bet ($0.25) returned to yuge0205
yuge0205 collected $0.60 from pot
*** SUMMARY ***
Total pot $0.60 | Rake $0 
Seat 1: yuge0205 collected ($0.60)
Seat 2: LyolikBY folded before Flop (didn't bet)
Seat 3: Alameda22 folded before Flop (didn't bet)
Seat 4: xeL)n.Agent folded before Flop (didn't bet)
Seat 5: KIDNIC folded before Flop (didn't bet)
Seat 6: garrymdp (button) folded before Flop (didn't bet)
Seat 7: Marmel88 (small blind) folded before Flop
Seat 8: StlouiestL (big blind) folded before Flop
Seat 9: shaktale66 folded before Flop (didn't bet)



PokerStars Game #19929251937:  Hold'em No Limit ($0.10/$0.25) - 2008/08/27 - 00:03:02 (ET)
Table 'Murzim II' 9-max Seat #7 is the button
Seat 1: yuge0205 ($24.65 in chips) 
Seat 2: LyolikBY ($6.25 in chips) 
Seat 3: Alameda22 ($25.40 in chips) 
Seat 4: xeL)n.Agent ($9.75 in chips) 
Seat 5: KIDNIC ($18.45 in chips) 
Seat 6: garrymdp ($5.35 in chips) 
Seat 7: Marmel88 ($13.70 in chips) 
Seat 8: StlouiestL ($24.50 in chips) 
Seat 9: shaktale66 ($28.05 in chips) 
StlouiestL: posts small blind $0.10
shaktale66: posts big blind $0.25
*** HOLE CARDS ***
Dealt to Alameda22 [Ts 8c]
yuge0205: calls $0.25
LyolikBY: folds 
Alameda22: folds 
xeL)n.Agent: folds 
KIDNIC: folds 
garrymdp: folds 
Marmel88: calls $0.25
StlouiestL: calls $0.15
shaktale66: checks 
*** FLOP *** [Jd Tc Qd]
StlouiestL: checks 
shaktale66: checks 
yuge0205: checks 
Marmel88: bets $0.25
StlouiestL: calls $0.25
shaktale66: folds 
shaktale66 leaves the table
yuge0205: folds 
*** TURN *** [Jd Tc Qd] [5h]
StlouiestL: checks 
yuge0205 leaves the table
Marmel88: bets $0.50
StlouiestL: calls $0.50
*** RIVER *** [Jd Tc Qd 5h] [9h]
StlouiestL: checks 
Marmel88: bets $0.75
StlouiestL: folds 
Uncalled bet ($0.75) returned to Marmel88
Marmel88 collected $2.40 from pot
Marmel88: doesn't show hand 
*** SUMMARY ***
Total pot $2.50 | Rake $0.10 
Board [Jd Tc Qd 5h 9h]
Seat 1: yuge0205 folded on the Flop
Seat 2: LyolikBY folded before Flop (didn't bet)
Seat 3: Alameda22 folded before Flop (didn't bet)
Seat 4: xeL)n.Agent folded before Flop (didn't bet)
Seat 5: KIDNIC folded before Flop (didn't bet)
Seat 6: garrymdp folded before Flop (didn't bet)
Seat 7: Marmel88 (button) collected ($2.40)
Seat 8: StlouiestL (small blind) folded on the River
Seat 9: shaktale66 (big blind) folded on the Flop



PokerStars Game #19929295027:  Hold'em No Limit ($0.10/$0.25) - 2008/08/27 - 00:05:23 (ET)
Table 'Murzim II' 9-max Seat #8 is the button
Seat 3: Alameda22 ($25.40 in chips) 
Seat 4: xeL)n.Agent ($9.75 in chips) 
Seat 5: KIDNIC ($18.45 in chips) 
Seat 6: garrymdp ($5.35 in chips) 
Seat 7: Marmel88 ($15.10 in chips) 
Seat 8: StlouiestL ($23.50 in chips) 
LyolikBY: is sitting out 
Alameda22: posts small blind $0.10
xeL)n.Agent: posts big blind $0.25
*** HOLE CARDS ***
Dealt to Alameda22 [9s As]
LyolikBY leaves the table
KIDNIC: folds 
KIDNIC leaves the table
garrymdp: folds 
Marmel88: calls $0.25
StlouiestL: folds 
Alameda22: calls $0.15
xeL)n.Agent: checks 
*** FLOP *** [2c 4s 4c]
Alameda22: checks 
xeL)n.Agent: bets $0.75
Marmel88: folds 
Alameda22: folds 
Uncalled bet ($0.75) returned to xeL)n.Agent
xeL)n.Agent collected $0.75 from pot
xeL)n.Agent: doesn't show hand 
*** SUMMARY ***
Total pot $0.75 | Rake $0 
Board [2c 4s 4c]
Seat 3: Alameda22 (small blind) folded on the Flop
Seat 4: xeL)n.Agent (big blind) collected ($0.75)
Seat 5: KIDNIC folded before Flop (didn't bet)
Seat 6: garrymdp folded before Flop (didn't bet)
Seat 7: Marmel88 folded on the Flop
Seat 8: StlouiestL (button) folded before Flop (didn't bet)



PokerStars Game #19929315893:  Hold'em No Limit ($0.10/$0.25) - 2008/08/27 - 00:06:33 (ET)
Table 'Murzim II' 9-max Seat #3 is the button
Seat 3: Alameda22 ($25.15 in chips) 
Seat 4: xeL)n.Agent ($10.25 in chips) 
Seat 6: garrymdp ($5.35 in chips) 
Seat 7: Marmel88 ($14.85 in chips) 
Seat 8: StlouiestL ($23.50 in chips) 
xeL)n.Agent: posts small blind $0.10
garrymdp: posts big blind $0.25
*** HOLE CARDS ***
Dealt to Alameda22 [Js 8c]
Marmel88: calls $0.25
StlouiestL: folds 
Alameda22: folds 
xeL)n.Agent: raises $0.50 to $0.75
garrymdp: folds 
Marmel88: calls $0.50
*** FLOP *** [4c 5h 7s]
xeL)n.Agent: bets $1
Marmel88: calls $1
*** TURN *** [4c 5h 7s] [7c]
xeL)n.Agent: bets $1.75
Marmel88: folds 
Uncalled bet ($1.75) returned to xeL)n.Agent
xeL)n.Agent collected $3.60 from pot
xeL)n.Agent: doesn't show hand 
*** SUMMARY ***
Total pot $3.75 | Rake $0.15 
Board [4c 5h 7s 7c]
Seat 3: Alameda22 (button) folded before Flop (didn't bet)
Seat 4: xeL)n.Agent (small blind) collected ($3.60)
Seat 6: garrymdp (big blind) folded before Flop
Seat 7: Marmel88 folded on the Turn
Seat 8: StlouiestL folded before Flop (didn't bet)



PokerStars Game #19929335850:  Hold'em No Limit ($0.10/$0.25) - 2008/08/27 - 00:07:39 (ET)
Table 'Murzim II' 9-max Seat #4 is the button
Seat 3: Alameda22 ($25.15 in chips) 
Seat 4: xeL)n.Agent ($12.10 in chips) 
Seat 6: garrymdp ($5.10 in chips) 
Seat 7: Marmel88 ($13.10 in chips) 
Seat 8: StlouiestL ($23.50 in chips) 
garrymdp: posts small blind $0.10
Marmel88: posts big blind $0.25
*** HOLE CARDS ***
Dealt to Alameda22 [Th Jh]
StlouiestL: calls $0.25
Alameda22: calls $0.25
xeL)n.Agent: raises $0.50 to $0.75
garrymdp: folds 
Marmel88: folds 
StlouiestL: calls $0.50
Alameda22: calls $0.50
*** FLOP *** [Jd 5h 7h]
StlouiestL: bets $1
Alameda22: raises $2 to $3
xeL)n.Agent: raises $2.50 to $5.50
StlouiestL: folds 
Alameda22: raises $18.90 to $24.40 and is all-in
xeL)n.Agent: calls $5.85 and is all-in
Uncalled bet ($13.05) returned to Alameda22
*** TURN *** [Jd 5h 7h] [6h]
*** RIVER *** [Jd 5h 7h 6h] [4s]
*** SHOW DOWN ***
Alameda22: shows [Th Jh] (a flush, Jack high)
xeL)n.Agent: mucks hand 
Alameda22 collected $25 from pot
*** SUMMARY ***
Total pot $26.30 | Rake $1.30 
Board [Jd 5h 7h 6h 4s]
Seat 3: Alameda22 showed [Th Jh] and won ($25) with a flush, Jack high
Seat 4: xeL)n.Agent (button) mucked [5d 5c]
Seat 6: garrymdp (small blind) folded before Flop
Seat 7: Marmel88 (big blind) folded before Flop
Seat 8: StlouiestL folded on the Flop



PokerStars Game #19929375719:  Hold'em No Limit ($0.10/$0.25) - 2008/08/27 - 00:09:52 (ET)
Table 'Murzim II' 9-max Seat #6 is the button
Seat 3: Alameda22 ($38.05 in chips) 
Seat 6: garrymdp ($5 in chips) 
Seat 7: Marmel88 ($12.85 in chips) 
Seat 8: StlouiestL ($21.75 in chips) 
Marmel88: posts small blind $0.10
StlouiestL: posts big blind $0.25
*** HOLE CARDS ***
Dealt to Alameda22 [3s Qc]
Alameda22: folds 
xeL)n.Agent leaves the table
garrymdp: folds 
Marmel88: calls $0.15
StlouiestL: checks 
*** FLOP *** [2s Ts 9c]
Marmel88: bets $0.25
StlouiestL: calls $0.25
*** TURN *** [2s Ts 9c] [4d]
Marmel88: bets $0.25
StlouiestL: calls $0.25
*** RIVER *** [2s Ts 9c 4d] [7h]
Marmel88: bets $0.50
StlouiestL: raises $1.50 to $2
Marmel88: folds 
Uncalled bet ($1.50) returned to StlouiestL
StlouiestL collected $2.40 from pot
StlouiestL: doesn't show hand 
*** SUMMARY ***
Total pot $2.50 | Rake $0.10 
Board [2s Ts 9c 4d 7h]
Seat 3: Alameda22 folded before Flop (didn't bet)
Seat 6: garrymdp (button) folded before Flop (didn't bet)
Seat 7: Marmel88 (small blind) folded on the River
Seat 8: StlouiestL (big blind) collected ($2.40)



PokerStars Game #19929396958:  Hold'em No Limit ($0.10/$0.25) - 2008/08/27 - 00:11:03 (ET)
Table 'Murzim II' 9-max Seat #7 is the button
Seat 3: Alameda22 ($38.05 in chips) 
Seat 6: garrymdp ($5 in chips) 
Seat 7: Marmel88 ($11.60 in chips) 
Seat 8: StlouiestL ($22.90 in chips) 
StlouiestL: posts small blind $0.10
Alameda22: posts big blind $0.25
*** HOLE CARDS ***
Dealt to Alameda22 [8d 6h]
garrymdp: folds 
Marmel88: folds 
StlouiestL: calls $0.15
Alameda22: checks 
*** FLOP *** [6s Qd 3s]
StlouiestL: bets $0.25
Alameda22: folds 
Uncalled bet ($0.25) returned to StlouiestL
StlouiestL collected $0.50 from pot
StlouiestL: doesn't show hand 
*** SUMMARY ***
Total pot $0.50 | Rake $0 
Board [6s Qd 3s]
Seat 3: Alameda22 (big blind) folded on the Flop
Seat 6: garrymdp folded before Flop (didn't bet)
Seat 7: Marmel88 (button) folded before Flop (didn't bet)
Seat 8: StlouiestL (small blind) collected ($0.50)



PokerStars Game #19929413207:  Hold'em No Limit ($0.10/$0.25) - 2008/08/27 - 00:11:57 (ET)
Table 'Murzim II' 9-max Seat #8 is the button
Seat 3: Alameda22 ($37.80 in chips) 
Seat 6: garrymdp ($5 in chips) 
Seat 7: Marmel88 ($11.60 in chips) 
Seat 8: StlouiestL ($23.15 in chips) 
Alameda22: posts small blind $0.10
garrymdp: posts big blind $0.25
*** HOLE CARDS ***
Dealt to Alameda22 [3h 9c]
Marmel88: folds 
StlouiestL: folds 
Alameda22: folds 
Uncalled bet ($0.15) returned to garrymdp
garrymdp collected $0.20 from pot
garrymdp: doesn't show hand 
*** SUMMARY ***
Total pot $0.20 | Rake $0 
Seat 3: Alameda22 (small blind) folded before Flop
Seat 6: garrymdp (big blind) collected ($0.20)
Seat 7: Marmel88 folded before Flop (didn't bet)
Seat 8: StlouiestL (button) folded before Flop (didn't bet)



PokerStars Game #19929423979:  Hold'em No Limit ($0.10/$0.25) - 2008/08/27 - 00:12:34 (ET)
Table 'Murzim II' 9-max Seat #3 is the button
Seat 3: Alameda22 ($37.70 in chips) 
Seat 6: garrymdp ($5.10 in chips) 
Seat 7: Marmel88 ($11.60 in chips) 
Seat 8: StlouiestL ($23.15 in chips) 
garrymdp: posts small blind $0.10
Marmel88: posts big blind $0.25
*** HOLE CARDS ***
Dealt to Alameda22 [Qs 3d]
StlouiestL: folds 
Alameda22: folds 
StlouiestL leaves the table
garrymdp: folds 
Uncalled bet ($0.15) returned to Marmel88
Marmel88 collected $0.20 from pot
*** SUMMARY ***
Total pot $0.20 | Rake $0 
Seat 3: Alameda22 (button) folded before Flop (didn't bet)
Seat 6: garrymdp (small blind) folded before Flop
Seat 7: Marmel88 (big blind) collected ($0.20)
Seat 8: StlouiestL folded before Flop (didn't bet)



