PokerStars Game #19979311405:  Hold'em No Limit ($0.10/$0.25) - 2008/08/28 - 23:22:35 (ET)
Table 'Lucina II' 9-max Seat #7 is the button
Seat 1: board2 ($25.55 in chips) 
Seat 2: SpielerABC ($24.90 in chips) 
Seat 4: sriver7682 ($35.70 in chips) 
Seat 5: ehle11 ($26 in chips) 
Seat 6: bennypeaches ($22.90 in chips) 
Seat 7: Ralik ($25.40 in chips) 
Seat 8: dallasgod ($14.50 in chips) 
Seat 9: Alameda22 ($25 in chips) 
dallasgod: posts small blind $0.10
Alameda22: posts big blind $0.25
Proc21: sits out 
*** HOLE CARDS ***
Dealt to Alameda22 [Qc 2d]
board2: folds 
SpielerABC has timed out
SpielerABC: folds 
SpielerABC is sitting out
SpielerABC leaves the table
sriver7682: folds 
ehle11: folds 
bennypeaches: folds 
Ralik: raises $0.50 to $0.75
dallasgod: folds 
Alameda22: folds 
Uncalled bet ($0.50) returned to Ralik
Ralik collected $0.60 from pot
Ralik: doesn't show hand 
*** SUMMARY ***
Total pot $0.60 | Rake $0 
Seat 1: board2 folded before Flop (didn't bet)
Seat 2: SpielerABC folded before Flop (didn't bet)
Seat 4: sriver7682 folded before Flop (didn't bet)
Seat 5: ehle11 folded before Flop (didn't bet)
Seat 6: bennypeaches folded before Flop (didn't bet)
Seat 7: Ralik (button) collected ($0.60)
Seat 8: dallasgod (small blind) folded before Flop
Seat 9: Alameda22 (big blind) folded before Flop



PokerStars Game #19979341842:  Hold'em No Limit ($0.10/$0.25) - 2008/08/28 - 23:24:10 (ET)
Table 'Lucina II' 9-max Seat #8 is the button
Seat 1: board2 ($25.55 in chips) 
Seat 4: sriver7682 ($35.70 in chips) 
Seat 5: ehle11 ($26 in chips) 
Seat 6: bennypeaches ($25 in chips) 
Seat 7: Ralik ($25.75 in chips) 
Seat 8: dallasgod ($14.40 in chips) 
Seat 9: Alameda22 ($24.75 in chips) 
Alameda22: posts small blind $0.10
board2: posts big blind $0.25
Proc21: sits out 
*** HOLE CARDS ***
Dealt to Alameda22 [2s 2d]
sriver7682: folds 
ehle11: folds 
PeeStiffy joins the table at seat #2 
bennypeaches: calls $0.25
Ralik: folds 
dallasgod: calls $0.25
Alameda22: calls $0.15
board2: checks 
*** FLOP *** [6c Qc 3h]
Alameda22: checks 
board2: checks 
bennypeaches: checks 
dallasgod: bets $0.25
Alameda22: folds 
board2: folds 
bennypeaches: folds 
Uncalled bet ($0.25) returned to dallasgod
dallasgod collected $0.95 from pot
*** SUMMARY ***
Total pot $1 | Rake $0.05 
Board [6c Qc 3h]
Seat 1: board2 (big blind) folded on the Flop
Seat 4: sriver7682 folded before Flop (didn't bet)
Seat 5: ehle11 folded before Flop (didn't bet)
Seat 6: bennypeaches folded on the Flop
Seat 7: Ralik folded before Flop (didn't bet)
Seat 8: dallasgod (button) collected ($0.95)
Seat 9: Alameda22 (small blind) folded on the Flop



PokerStars Game #19979366967:  Hold'em No Limit ($0.10/$0.25) - 2008/08/28 - 23:25:28 (ET)
Table 'Lucina II' 9-max Seat #9 is the button
Seat 1: board2 ($25.30 in chips) 
Seat 2: PeeStiffy ($15 in chips) 
Seat 4: sriver7682 ($35.70 in chips) 
Seat 5: ehle11 ($26 in chips) 
Seat 6: bennypeaches ($24.75 in chips) 
Seat 7: Ralik ($25.75 in chips) 
Seat 8: dallasgod ($15.10 in chips) 
Seat 9: Alameda22 ($24.50 in chips) 
board2: posts small blind $0.10
PeeStiffy: posts big blind $0.25
Proc21: sits out 
*** HOLE CARDS ***
Dealt to Alameda22 [5s 7c]
sriver7682: raises $0.75 to $1
ehle11: folds 
bennypeaches: folds 
Ralik: folds 
dallasgod: folds 
Alameda22: folds 
board2: folds 
PeeStiffy: folds 
Uncalled bet ($0.75) returned to sriver7682
sriver7682 collected $0.60 from pot
sriver7682: doesn't show hand 
*** SUMMARY ***
Total pot $0.60 | Rake $0 
Seat 1: board2 (small blind) folded before Flop
Seat 2: PeeStiffy (big blind) folded before Flop
Seat 4: sriver7682 collected ($0.60)
Seat 5: ehle11 folded before Flop (didn't bet)
Seat 6: bennypeaches folded before Flop (didn't bet)
Seat 7: Ralik folded before Flop (didn't bet)
Seat 8: dallasgod folded before Flop (didn't bet)
Seat 9: Alameda22 (button) folded before Flop (didn't bet)



PokerStars Game #19979382616:  Hold'em No Limit ($0.10/$0.25) - 2008/08/28 - 23:26:18 (ET)
Table 'Lucina II' 9-max Seat #1 is the button
Seat 1: board2 ($25.20 in chips) 
Seat 2: PeeStiffy ($14.75 in chips) 
Seat 3: Proc21 ($25 in chips) 
Seat 4: sriver7682 ($36.05 in chips) 
Seat 5: ehle11 ($26 in chips) 
Seat 6: bennypeaches ($24.75 in chips) 
Seat 7: Ralik ($25.75 in chips) 
Seat 8: dallasgod ($15.10 in chips) 
Seat 9: Alameda22 ($24.50 in chips) 
PeeStiffy: posts small blind $0.10
Proc21: posts big blind $0.25
*** HOLE CARDS ***
Dealt to Alameda22 [7s 8h]
sriver7682: raises $0.75 to $1
ehle11: folds 
bennypeaches: folds 
Ralik: folds 
dallasgod: folds 
Alameda22: folds 
board2: folds 
PeeStiffy: folds 
Proc21: folds 
Uncalled bet ($0.75) returned to sriver7682
sriver7682 collected $0.60 from pot
sriver7682: doesn't show hand 
*** SUMMARY ***
Total pot $0.60 | Rake $0 
Seat 1: board2 (button) folded before Flop (didn't bet)
Seat 2: PeeStiffy (small blind) folded before Flop
Seat 3: Proc21 (big blind) folded before Flop
Seat 4: sriver7682 collected ($0.60)
Seat 5: ehle11 folded before Flop (didn't bet)
Seat 6: bennypeaches folded before Flop (didn't bet)
Seat 7: Ralik folded before Flop (didn't bet)
Seat 8: dallasgod folded before Flop (didn't bet)
Seat 9: Alameda22 folded before Flop (didn't bet)



PokerStars Game #19979401732:  Hold'em No Limit ($0.10/$0.25) - 2008/08/28 - 23:27:18 (ET)
Table 'Lucina II' 9-max Seat #2 is the button
Seat 1: board2 ($25.20 in chips) 
Seat 2: PeeStiffy ($14.65 in chips) 
Seat 3: Proc21 ($24.75 in chips) 
Seat 4: sriver7682 ($36.40 in chips) 
Seat 5: ehle11 ($26 in chips) 
Seat 6: bennypeaches ($24.75 in chips) 
Seat 7: Ralik ($25.75 in chips) 
Seat 8: dallasgod ($15.10 in chips) 
Seat 9: Alameda22 ($24.50 in chips) 
Proc21: posts small blind $0.10
sriver7682: posts big blind $0.25
*** HOLE CARDS ***
Dealt to Alameda22 [9h 2s]
ehle11: folds 
bennypeaches: raises $0.75 to $1
Ralik: calls $1
dallasgod: folds 
Alameda22: folds 
board2: folds 
PeeStiffy: folds 
Proc21: folds 
sriver7682: calls $0.75
*** FLOP *** [6s Kd 6d]
sriver7682: checks 
bennypeaches: checks 
Ralik: bets $2
sriver7682: folds 
bennypeaches: folds 
Uncalled bet ($2) returned to Ralik
Ralik collected $2.95 from pot
Ralik: doesn't show hand 
*** SUMMARY ***
Total pot $3.10 | Rake $0.15 
Board [6s Kd 6d]
Seat 1: board2 folded before Flop (didn't bet)
Seat 2: PeeStiffy (button) folded before Flop (didn't bet)
Seat 3: Proc21 (small blind) folded before Flop
Seat 4: sriver7682 (big blind) folded on the Flop
Seat 5: ehle11 folded before Flop (didn't bet)
Seat 6: bennypeaches folded on the Flop
Seat 7: Ralik collected ($2.95)
Seat 8: dallasgod folded before Flop (didn't bet)
Seat 9: Alameda22 folded before Flop (didn't bet)



PokerStars Game #19979423739:  Hold'em No Limit ($0.10/$0.25) - 2008/08/28 - 23:28:28 (ET)
Table 'Lucina II' 9-max Seat #3 is the button
Seat 1: board2 ($25.20 in chips) 
Seat 2: PeeStiffy ($14.65 in chips) 
Seat 3: Proc21 ($24.65 in chips) 
Seat 4: sriver7682 ($35.40 in chips) 
Seat 5: ehle11 ($26 in chips) 
Seat 6: bennypeaches ($23.75 in chips) 
Seat 7: Ralik ($27.70 in chips) 
Seat 8: dallasgod ($15.10 in chips) 
Seat 9: Alameda22 ($24.50 in chips) 
sriver7682: posts small blind $0.10
ehle11: posts big blind $0.25
*** HOLE CARDS ***
Dealt to Alameda22 [3c 2d]
bennypeaches: folds 
Ralik: folds 
dallasgod: folds 
Alameda22: folds 
board2: folds 
PeeStiffy: raises $0.50 to $0.75
Proc21: raises $2 to $2.75
sriver7682: folds 
ehle11: folds 
PeeStiffy: folds 
Uncalled bet ($2) returned to Proc21
Proc21 collected $1.85 from pot
Proc21: doesn't show hand 
*** SUMMARY ***
Total pot $1.85 | Rake $0 
Seat 1: board2 folded before Flop (didn't bet)
Seat 2: PeeStiffy folded before Flop
Seat 3: Proc21 (button) collected ($1.85)
Seat 4: sriver7682 (small blind) folded before Flop
Seat 5: ehle11 (big blind) folded before Flop
Seat 6: bennypeaches folded before Flop (didn't bet)
Seat 7: Ralik folded before Flop (didn't bet)
Seat 8: dallasgod folded before Flop (didn't bet)
Seat 9: Alameda22 folded before Flop (didn't bet)



PokerStars Game #19979438873:  Hold'em No Limit ($0.10/$0.25) - 2008/08/28 - 23:29:17 (ET)
Table 'Lucina II' 9-max Seat #4 is the button
Seat 1: board2 ($25.20 in chips) 
Seat 2: PeeStiffy ($13.90 in chips) 
Seat 3: Proc21 ($25.75 in chips) 
Seat 4: sriver7682 ($35.30 in chips) 
Seat 5: ehle11 ($25.75 in chips) 
Seat 6: bennypeaches ($25 in chips) 
Seat 7: Ralik ($27.70 in chips) 
Seat 8: dallasgod ($15.10 in chips) 
Seat 9: Alameda22 ($24.50 in chips) 
ehle11: posts small blind $0.10
bennypeaches: posts big blind $0.25
*** HOLE CARDS ***
Dealt to Alameda22 [8c 4s]
Ralik: folds 
dallasgod: folds 
Alameda22: folds 
board2: folds 
PeeStiffy: folds 
Proc21: folds 
sriver7682: folds 
ehle11: calls $0.15
bennypeaches: checks 
*** FLOP *** [8d Th Qc]
ehle11: checks 
bennypeaches: checks 
*** TURN *** [8d Th Qc] [8s]
ehle11: checks 
bennypeaches: checks 
*** RIVER *** [8d Th Qc 8s] [Qh]
ehle11: checks 
bennypeaches: checks 
*** SHOW DOWN ***
ehle11: shows [Ad 2h] (two pair, Queens and Eights)
bennypeaches: mucks hand 
ehle11 collected $0.50 from pot
*** SUMMARY ***
Total pot $0.50 | Rake $0 
Board [8d Th Qc 8s Qh]
Seat 1: board2 folded before Flop (didn't bet)
Seat 2: PeeStiffy folded before Flop (didn't bet)
Seat 3: Proc21 folded before Flop (didn't bet)
Seat 4: sriver7682 (button) folded before Flop (didn't bet)
Seat 5: ehle11 (small blind) showed [Ad 2h] and won ($0.50) with two pair, Queens and Eights
Seat 6: bennypeaches (big blind) mucked [6c Kd]
Seat 7: Ralik folded before Flop (didn't bet)
Seat 8: dallasgod folded before Flop (didn't bet)
Seat 9: Alameda22 folded before Flop (didn't bet)



PokerStars Game #19979457371:  Hold'em No Limit ($0.10/$0.25) - 2008/08/28 - 23:30:16 (ET)
Table 'Lucina II' 9-max Seat #5 is the button
Seat 1: board2 ($25.20 in chips) 
Seat 2: PeeStiffy ($13.90 in chips) 
Seat 3: Proc21 ($25.75 in chips) 
Seat 4: sriver7682 ($35.30 in chips) 
Seat 5: ehle11 ($26 in chips) 
Seat 6: bennypeaches ($24.75 in chips) 
Seat 7: Ralik ($27.70 in chips) 
Seat 8: dallasgod ($15.10 in chips) 
Seat 9: Alameda22 ($24.50 in chips) 
bennypeaches: posts small blind $0.10
Ralik: posts big blind $0.25
*** HOLE CARDS ***
Dealt to Alameda22 [6d 9c]
dallasgod: folds 
Alameda22: folds 
board2: raises $0.25 to $0.50
PeeStiffy: raises $1 to $1.50
Proc21: folds 
sriver7682: folds 
ehle11: folds 
bennypeaches: folds 
Ralik: folds 
board2: calls $1
*** FLOP *** [7h Tc 4c]
board2: checks 
PeeStiffy: bets $1.50
board2: folds 
Uncalled bet ($1.50) returned to PeeStiffy
PeeStiffy collected $3.20 from pot
*** SUMMARY ***
Total pot $3.35 | Rake $0.15 
Board [7h Tc 4c]
Seat 1: board2 folded on the Flop
Seat 2: PeeStiffy collected ($3.20)
Seat 3: Proc21 folded before Flop (didn't bet)
Seat 4: sriver7682 folded before Flop (didn't bet)
Seat 5: ehle11 (button) folded before Flop (didn't bet)
Seat 6: bennypeaches (small blind) folded before Flop
Seat 7: Ralik (big blind) folded before Flop
Seat 8: dallasgod folded before Flop (didn't bet)
Seat 9: Alameda22 folded before Flop (didn't bet)



PokerStars Game #19979486681:  Hold'em No Limit ($0.10/$0.25) - 2008/08/28 - 23:31:47 (ET)
Table 'Lucina II' 9-max Seat #6 is the button
Seat 1: board2 ($25 in chips) 
Seat 2: PeeStiffy ($15.60 in chips) 
Seat 3: Proc21 ($25.75 in chips) 
Seat 4: sriver7682 ($35.30 in chips) 
Seat 5: ehle11 ($26 in chips) 
Seat 6: bennypeaches ($24.65 in chips) 
Seat 7: Ralik ($27.45 in chips) 
Seat 8: dallasgod ($15.10 in chips) 
Seat 9: Alameda22 ($24.50 in chips) 
Ralik: posts small blind $0.10
dallasgod: posts big blind $0.25
*** HOLE CARDS ***
Dealt to Alameda22 [3s 5s]
Alameda22: folds 
board2: folds 
PeeStiffy: folds 
Proc21: folds 
sriver7682: raises $0.75 to $1
ehle11: folds 
bennypeaches: calls $1
Ralik: folds 
dallasgod: folds 
*** FLOP *** [6s Ah 2d]
sriver7682: bets $1.60
bennypeaches: calls $1.60
*** TURN *** [6s Ah 2d] [7c]
sriver7682: checks 
bennypeaches: checks 
*** RIVER *** [6s Ah 2d 7c] [5d]
sriver7682: bets $2.50
bennypeaches: calls $2.50
*** SHOW DOWN ***
sriver7682: shows [Kd Ac] (a pair of Aces)
bennypeaches: mucks hand 
sriver7682 collected $10.05 from pot
*** SUMMARY ***
Total pot $10.55 | Rake $0.50 
Board [6s Ah 2d 7c 5d]
Seat 1: board2 folded before Flop (didn't bet)
Seat 2: PeeStiffy folded before Flop (didn't bet)
Seat 3: Proc21 folded before Flop (didn't bet)
Seat 4: sriver7682 showed [Kd Ac] and won ($10.05) with a pair of Aces
Seat 5: ehle11 folded before Flop (didn't bet)
Seat 6: bennypeaches (button) mucked [Qd Ad]
Seat 7: Ralik (small blind) folded before Flop
Seat 8: dallasgod (big blind) folded before Flop
Seat 9: Alameda22 folded before Flop (didn't bet)



PokerStars Game #19979511192:  Hold'em No Limit ($0.10/$0.25) - 2008/08/28 - 23:33:03 (ET)
Table 'Lucina II' 9-max Seat #7 is the button
Seat 1: board2 ($25 in chips) 
Seat 2: PeeStiffy ($15.60 in chips) 
Seat 3: Proc21 ($25.75 in chips) 
Seat 4: sriver7682 ($40.25 in chips) 
Seat 5: ehle11 ($26 in chips) 
Seat 6: bennypeaches ($25 in chips) 
Seat 7: Ralik ($27.35 in chips) 
Seat 8: dallasgod ($14.85 in chips) 
Seat 9: Alameda22 ($24.50 in chips) 
dallasgod: posts small blind $0.10
Alameda22: posts big blind $0.25
*** HOLE CARDS ***
Dealt to Alameda22 [4d 6s]
board2: folds 
PeeStiffy: folds 
Proc21: folds 
sriver7682: folds 
ehle11: folds 
bennypeaches: raises $0.75 to $1
Ralik: folds 
dallasgod: folds 
Alameda22: folds 
Uncalled bet ($0.75) returned to bennypeaches
bennypeaches collected $0.60 from pot
*** SUMMARY ***
Total pot $0.60 | Rake $0 
Seat 1: board2 folded before Flop (didn't bet)
Seat 2: PeeStiffy folded before Flop (didn't bet)
Seat 3: Proc21 folded before Flop (didn't bet)
Seat 4: sriver7682 folded before Flop (didn't bet)
Seat 5: ehle11 folded before Flop (didn't bet)
Seat 6: bennypeaches collected ($0.60)
Seat 7: Ralik (button) folded before Flop (didn't bet)
Seat 8: dallasgod (small blind) folded before Flop
Seat 9: Alameda22 (big blind) folded before Flop



PokerStars Game #19979525915:  Hold'em No Limit ($0.10/$0.25) - 2008/08/28 - 23:33:49 (ET)
Table 'Lucina II' 9-max Seat #8 is the button
Seat 1: board2 ($25 in chips) 
Seat 2: PeeStiffy ($15.60 in chips) 
Seat 3: Proc21 ($25.75 in chips) 
Seat 4: sriver7682 ($40.25 in chips) 
Seat 5: ehle11 ($26 in chips) 
Seat 6: bennypeaches ($25.35 in chips) 
Seat 7: Ralik ($27.35 in chips) 
Seat 8: dallasgod ($14.75 in chips) 
Seat 9: Alameda22 ($24.25 in chips) 
Alameda22: posts small blind $0.10
board2: posts big blind $0.25
*** HOLE CARDS ***
Dealt to Alameda22 [As Kh]
PeeStiffy: calls $0.25
Proc21: folds 
sriver7682: folds 
ehle11: folds 
bennypeaches: folds 
Ralik: folds 
dallasgod: folds 
Alameda22: raises $0.75 to $1
board2: folds 
PeeStiffy: folds 
Uncalled bet ($0.75) returned to Alameda22
Alameda22 collected $0.75 from pot
Alameda22: doesn't show hand 
*** SUMMARY ***
Total pot $0.75 | Rake $0 
Seat 1: board2 (big blind) folded before Flop
Seat 2: PeeStiffy folded before Flop
Seat 3: Proc21 folded before Flop (didn't bet)
Seat 4: sriver7682 folded before Flop (didn't bet)
Seat 5: ehle11 folded before Flop (didn't bet)
Seat 6: bennypeaches folded before Flop (didn't bet)
Seat 7: Ralik folded before Flop (didn't bet)
Seat 8: dallasgod (button) folded before Flop (didn't bet)
Seat 9: Alameda22 (small blind) collected ($0.75)



PokerStars Game #19979543087:  Hold'em No Limit ($0.10/$0.25) - 2008/08/28 - 23:34:43 (ET)
Table 'Lucina II' 9-max Seat #9 is the button
Seat 1: board2 ($24.75 in chips) 
Seat 2: PeeStiffy ($15.35 in chips) 
Seat 3: Proc21 ($25.75 in chips) 
Seat 4: sriver7682 ($40.25 in chips) 
Seat 5: ehle11 ($26 in chips) 
Seat 6: bennypeaches ($25.35 in chips) 
Seat 7: Ralik ($27.35 in chips) 
Seat 8: dallasgod ($14.75 in chips) 
Seat 9: Alameda22 ($24.75 in chips) 
board2: posts small blind $0.10
PeeStiffy: posts big blind $0.25
*** HOLE CARDS ***
Dealt to Alameda22 [4h 3s]
Proc21: folds 
sriver7682: folds 
ehle11: folds 
bennypeaches: folds 
Ralik: folds 
dallasgod: folds 
dallasgod leaves the table
Alameda22: folds 
board2: calls $0.15
PeeStiffy: checks 
*** FLOP *** [8s 5d 5h]
board2: checks 
PeeStiffy: bets $0.25
board2: calls $0.25
*** TURN *** [8s 5d 5h] [Ac]
board2: checks 
PeeStiffy: checks 
*** RIVER *** [8s 5d 5h Ac] [As]
board2: checks 
PeeStiffy: bets $0.75
board2: raises $1 to $1.75
PeeStiffy: folds 
Uncalled bet ($1) returned to board2
board2 collected $2.40 from pot
*** SUMMARY ***
Total pot $2.50 | Rake $0.10 
Board [8s 5d 5h Ac As]
Seat 1: board2 (small blind) collected ($2.40)
Seat 2: PeeStiffy (big blind) folded on the River
Seat 3: Proc21 folded before Flop (didn't bet)
Seat 4: sriver7682 folded before Flop (didn't bet)
Seat 5: ehle11 folded before Flop (didn't bet)
Seat 6: bennypeaches folded before Flop (didn't bet)
Seat 7: Ralik folded before Flop (didn't bet)
Seat 8: dallasgod folded before Flop (didn't bet)
Seat 9: Alameda22 (button) folded before Flop (didn't bet)



PokerStars Game #19979579006:  Hold'em No Limit ($0.10/$0.25) - 2008/08/28 - 23:36:36 (ET)
Table 'Lucina II' 9-max Seat #1 is the button
Seat 1: board2 ($25.90 in chips) 
Seat 2: PeeStiffy ($14.10 in chips) 
Seat 3: Proc21 ($25.75 in chips) 
Seat 4: sriver7682 ($40.25 in chips) 
Seat 5: ehle11 ($26 in chips) 
Seat 6: bennypeaches ($25.35 in chips) 
Seat 7: Ralik ($27.35 in chips) 
Seat 9: Alameda22 ($24.75 in chips) 
PeeStiffy: posts small blind $0.10
Proc21: posts big blind $0.25
*** HOLE CARDS ***
Dealt to Alameda22 [3s Kd]
sriver7682: folds 
ehle11: folds 
bennypeaches: calls $0.25
Ralik: raises $1 to $1.25
Alameda22: folds 
board2: folds 
PeeStiffy: folds 
Proc21: folds 
bennypeaches: calls $1
*** FLOP *** [Qh 7d 7s]
bennypeaches: checks 
Ralik: bets $1.50
bennypeaches: folds 
Uncalled bet ($1.50) returned to Ralik
Ralik collected $2.75 from pot
Ralik: doesn't show hand 
*** SUMMARY ***
Total pot $2.85 | Rake $0.10 
Board [Qh 7d 7s]
Seat 1: board2 (button) folded before Flop (didn't bet)
Seat 2: PeeStiffy (small blind) folded before Flop
Seat 3: Proc21 (big blind) folded before Flop
Seat 4: sriver7682 folded before Flop (didn't bet)
Seat 5: ehle11 folded before Flop (didn't bet)
Seat 6: bennypeaches folded on the Flop
Seat 7: Ralik collected ($2.75)
Seat 9: Alameda22 folded before Flop (didn't bet)



PokerStars Game #19979598255:  Hold'em No Limit ($0.10/$0.25) - 2008/08/28 - 23:37:37 (ET)
Table 'Lucina II' 9-max Seat #2 is the button
Seat 1: board2 ($25.90 in chips) 
Seat 2: PeeStiffy ($14 in chips) 
Seat 3: Proc21 ($25.50 in chips) 
Seat 4: sriver7682 ($40.25 in chips) 
Seat 5: ehle11 ($26 in chips) 
Seat 6: bennypeaches ($25 in chips) 
Seat 7: Ralik ($28.85 in chips) 
Seat 9: Alameda22 ($24.75 in chips) 
Proc21: posts small blind $0.10
sriver7682: posts big blind $0.25
*** HOLE CARDS ***
Dealt to Alameda22 [7s Kd]
ehle11: raises $1 to $1.25
bennypeaches: folds 
Ralik: folds 
msna joins the table at seat #8 
Alameda22: folds 
board2: folds 
PeeStiffy: raises $1.75 to $3
Proc21: folds 
sriver7682: folds 
ehle11: calls $1.75
*** FLOP *** [3d 5c 9c]
ehle11: checks 
PeeStiffy: bets $2.50
ehle11: folds 
Uncalled bet ($2.50) returned to PeeStiffy
PeeStiffy collected $6.05 from pot
*** SUMMARY ***
Total pot $6.35 | Rake $0.30 
Board [3d 5c 9c]
Seat 1: board2 folded before Flop (didn't bet)
Seat 2: PeeStiffy (button) collected ($6.05)
Seat 3: Proc21 (small blind) folded before Flop
Seat 4: sriver7682 (big blind) folded before Flop
Seat 5: ehle11 folded on the Flop
Seat 6: bennypeaches folded before Flop (didn't bet)
Seat 7: Ralik folded before Flop (didn't bet)
Seat 9: Alameda22 folded before Flop (didn't bet)



PokerStars Game #19979616128:  Hold'em No Limit ($0.10/$0.25) - 2008/08/28 - 23:38:33 (ET)
Table 'Lucina II' 9-max Seat #3 is the button
Seat 1: board2 ($25.90 in chips) 
Seat 2: PeeStiffy ($17.05 in chips) 
Seat 3: Proc21 ($25.40 in chips) 
Seat 4: sriver7682 ($40 in chips) 
Seat 5: ehle11 ($25 in chips) 
Seat 6: bennypeaches ($25 in chips) 
Seat 7: Ralik ($28.85 in chips) 
Seat 9: Alameda22 ($24.75 in chips) 
sriver7682: posts small blind $0.10
ehle11: posts big blind $0.25
msna: sits out 
*** HOLE CARDS ***
Dealt to Alameda22 [7c 3s]
bennypeaches: raises $0.75 to $1
Ralik: folds 
Alameda22: folds 
board2: folds 
PeeStiffy: folds 
Proc21: folds 
sriver7682: folds 
ehle11: folds 
Uncalled bet ($0.75) returned to bennypeaches
bennypeaches collected $0.60 from pot
*** SUMMARY ***
Total pot $0.60 | Rake $0 
Seat 1: board2 folded before Flop (didn't bet)
Seat 2: PeeStiffy folded before Flop (didn't bet)
Seat 3: Proc21 (button) folded before Flop (didn't bet)
Seat 4: sriver7682 (small blind) folded before Flop
Seat 5: ehle11 (big blind) folded before Flop
Seat 6: bennypeaches collected ($0.60)
Seat 7: Ralik folded before Flop (didn't bet)
Seat 9: Alameda22 folded before Flop (didn't bet)



PokerStars Game #19979633956:  Hold'em No Limit ($0.10/$0.25) - 2008/08/28 - 23:39:29 (ET)
Table 'Lucina II' 9-max Seat #4 is the button
Seat 1: board2 ($25.90 in chips) 
Seat 2: PeeStiffy ($17.05 in chips) 
Seat 3: Proc21 ($25.40 in chips) 
Seat 4: sriver7682 ($39.90 in chips) 
Seat 5: ehle11 ($24.75 in chips) 
Seat 6: bennypeaches ($25.35 in chips) 
Seat 7: Ralik ($28.85 in chips) 
Seat 9: Alameda22 ($24.75 in chips) 
ehle11: posts small blind $0.10
bennypeaches: posts big blind $0.25
msna: sits out 
*** HOLE CARDS ***
Dealt to Alameda22 [Tc 6c]
Ralik: folds 
Alameda22: folds 
board2: folds 
PeeStiffy: raises $0.50 to $0.75
Proc21: folds 
sriver7682: calls $0.75
ehle11: folds 
bennypeaches: calls $0.50
*** FLOP *** [Ac 6h 7s]
bennypeaches: checks 
PeeStiffy: bets $1.25
sriver7682: folds 
bennypeaches: calls $1.25
*** TURN *** [Ac 6h 7s] [8c]
bennypeaches: checks 
PeeStiffy: checks 
*** RIVER *** [Ac 6h 7s 8c] [5d]
bennypeaches: checks 
PeeStiffy: checks 
*** SHOW DOWN ***
bennypeaches: shows [8h Ah] (two pair, Aces and Eights)
PeeStiffy: mucks hand 
bennypeaches collected $4.65 from pot
*** SUMMARY ***
Total pot $4.85 | Rake $0.20 
Board [Ac 6h 7s 8c 5d]
Seat 1: board2 folded before Flop (didn't bet)
Seat 2: PeeStiffy mucked [Kc Ks]
Seat 3: Proc21 folded before Flop (didn't bet)
Seat 4: sriver7682 (button) folded on the Flop
Seat 5: ehle11 (small blind) folded before Flop
Seat 6: bennypeaches (big blind) showed [8h Ah] and won ($4.65) with two pair, Aces and Eights
Seat 7: Ralik folded before Flop (didn't bet)
Seat 9: Alameda22 folded before Flop (didn't bet)



PokerStars Game #19979651803:  Hold'em No Limit ($0.10/$0.25) - 2008/08/28 - 23:40:25 (ET)
Table 'Lucina II' 9-max Seat #5 is the button
Seat 1: board2 ($25.90 in chips) 
Seat 2: PeeStiffy ($15.05 in chips) 
Seat 3: Proc21 ($25.40 in chips) 
Seat 4: sriver7682 ($39.15 in chips) 
Seat 5: ehle11 ($24.65 in chips) 
Seat 6: bennypeaches ($28 in chips) 
Seat 7: Ralik ($28.85 in chips) 
Seat 9: Alameda22 ($24.75 in chips) 
bennypeaches: posts small blind $0.10
Ralik: posts big blind $0.25
msna: sits out 
*** HOLE CARDS ***
Dealt to Alameda22 [Jh 3h]
Alameda22: folds 
board2: folds 
PeeStiffy: raises $0.50 to $0.75
Proc21: folds 
sriver7682: calls $0.75
ehle11: folds 
bennypeaches: calls $0.65
Ralik: folds 
*** FLOP *** [6d 2s Jd]
bennypeaches: checks 
PeeStiffy: bets $1.25
sriver7682: calls $1.25
bennypeaches: folds 
*** TURN *** [6d 2s Jd] [7c]
PeeStiffy: bets $2.50
sriver7682: folds 
Uncalled bet ($2.50) returned to PeeStiffy
PeeStiffy collected $4.80 from pot
PeeStiffy: doesn't show hand 
*** SUMMARY ***
Total pot $5 | Rake $0.20 
Board [6d 2s Jd 7c]
Seat 1: board2 folded before Flop (didn't bet)
Seat 2: PeeStiffy collected ($4.80)
Seat 3: Proc21 folded before Flop (didn't bet)
Seat 4: sriver7682 folded on the Turn
Seat 5: ehle11 (button) folded before Flop (didn't bet)
Seat 6: bennypeaches (small blind) folded on the Flop
Seat 7: Ralik (big blind) folded before Flop
Seat 9: Alameda22 folded before Flop (didn't bet)



PokerStars Game #19979674195:  Hold'em No Limit ($0.10/$0.25) - 2008/08/28 - 23:41:36 (ET)
Table 'Lucina II' 9-max Seat #6 is the button
Seat 1: board2 ($25.90 in chips) 
Seat 2: PeeStiffy ($17.85 in chips) 
Seat 3: Proc21 ($25.40 in chips) 
Seat 4: sriver7682 ($37.15 in chips) 
Seat 5: ehle11 ($24.65 in chips) 
Seat 6: bennypeaches ($27.25 in chips) 
Seat 7: Ralik ($28.60 in chips) 
Seat 8: msna ($25 in chips) 
Seat 9: Alameda22 ($24.75 in chips) 
Ralik: posts small blind $0.10
msna: posts big blind $0.25
*** HOLE CARDS ***
Dealt to Alameda22 [Jd Qh]
Alameda22: folds 
board2: folds 
PeeStiffy: folds 
Proc21: folds 
sriver7682: folds 
ehle11: folds 
bennypeaches: calls $0.25
Ralik: folds 
msna: checks 
*** FLOP *** [7h 9s 8s]
msna: checks 
bennypeaches: bets $0.50
msna: folds 
Uncalled bet ($0.50) returned to bennypeaches
bennypeaches collected $0.60 from pot
*** SUMMARY ***
Total pot $0.60 | Rake $0 
Board [7h 9s 8s]
Seat 1: board2 folded before Flop (didn't bet)
Seat 2: PeeStiffy folded before Flop (didn't bet)
Seat 3: Proc21 folded before Flop (didn't bet)
Seat 4: sriver7682 folded before Flop (didn't bet)
Seat 5: ehle11 folded before Flop (didn't bet)
Seat 6: bennypeaches (button) collected ($0.60)
Seat 7: Ralik (small blind) folded before Flop
Seat 8: msna (big blind) folded on the Flop
Seat 9: Alameda22 folded before Flop (didn't bet)



PokerStars Game #19979701655:  Hold'em No Limit ($0.10/$0.25) - 2008/08/28 - 23:43:02 (ET)
Table 'Lucina II' 9-max Seat #7 is the button
Seat 1: board2 ($25.90 in chips) 
Seat 2: PeeStiffy ($17.85 in chips) 
Seat 3: Proc21 ($25.40 in chips) 
Seat 4: sriver7682 ($37.15 in chips) 
Seat 5: ehle11 ($24.65 in chips) 
Seat 6: bennypeaches ($27.60 in chips) 
Seat 7: Ralik ($28.50 in chips) 
Seat 8: msna ($25 in chips) 
Seat 9: Alameda22 ($24.75 in chips) 
msna: posts small blind $0.10
Alameda22: posts big blind $0.25
*** HOLE CARDS ***
Dealt to Alameda22 [2c Jh]
board2: folds 
PeeStiffy: folds 
Proc21: raises $0.75 to $1
sriver7682: folds 
ehle11: raises $1 to $2
bennypeaches: folds 
Ralik: folds 
msna: folds 
Alameda22: folds 
Proc21: calls $1
*** FLOP *** [Jc Qd Td]
Proc21: checks 
ehle11: bets $3
Proc21: folds 
Uncalled bet ($3) returned to ehle11
ehle11 collected $4.15 from pot
ehle11: doesn't show hand 
*** SUMMARY ***
Total pot $4.35 | Rake $0.20 
Board [Jc Qd Td]
Seat 1: board2 folded before Flop (didn't bet)
Seat 2: PeeStiffy folded before Flop (didn't bet)
Seat 3: Proc21 folded on the Flop
Seat 4: sriver7682 folded before Flop (didn't bet)
Seat 5: ehle11 collected ($4.15)
Seat 6: bennypeaches folded before Flop (didn't bet)
Seat 7: Ralik (button) folded before Flop (didn't bet)
Seat 8: msna (small blind) folded before Flop
Seat 9: Alameda22 (big blind) folded before Flop



PokerStars Game #19979722098:  Hold'em No Limit ($0.10/$0.25) - 2008/08/28 - 23:44:07 (ET)
Table 'Lucina II' 9-max Seat #8 is the button
Seat 1: board2 ($25.90 in chips) 
Seat 2: PeeStiffy ($17.85 in chips) 
Seat 3: Proc21 ($25 in chips) 
Seat 4: sriver7682 ($37.15 in chips) 
Seat 5: ehle11 ($26.80 in chips) 
Seat 6: bennypeaches ($27.60 in chips) 
Seat 7: Ralik ($28.50 in chips) 
Seat 8: msna ($25 in chips) 
Seat 9: Alameda22 ($24.50 in chips) 
Alameda22: posts small blind $0.10
board2: posts big blind $0.25
*** HOLE CARDS ***
Dealt to Alameda22 [2d 8c]
PeeStiffy: folds 
Proc21: folds 
sriver7682: folds 
ehle11: folds 
bennypeaches: raises $0.75 to $1
Ralik: raises $2.50 to $3.50
msna: folds 
Alameda22: folds 
board2: folds 
bennypeaches: calls $2.50
*** FLOP *** [4h 2c 6c]
bennypeaches: checks 
Ralik: checks 
*** TURN *** [4h 2c 6c] [Jh]
bennypeaches: bets $2.50
Ralik: raises $5 to $7.50
bennypeaches: calls $5
*** RIVER *** [4h 2c 6c Jh] [7c]
bennypeaches: checks 
Ralik: bets $17.50 and is all-in
bennypeaches: calls $16.60 and is all-in
Uncalled bet ($0.90) returned to Ralik
*** SHOW DOWN ***
Ralik: shows [Jc Js] (three of a kind, Jacks)
bennypeaches: mucks hand 
Ralik collected $52.85 from pot
*** SUMMARY ***
Total pot $55.55 | Rake $2.70 
Board [4h 2c 6c Jh 7c]
Seat 1: board2 (big blind) folded before Flop
Seat 2: PeeStiffy folded before Flop (didn't bet)
Seat 3: Proc21 folded before Flop (didn't bet)
Seat 4: sriver7682 folded before Flop (didn't bet)
Seat 5: ehle11 folded before Flop (didn't bet)
Seat 6: bennypeaches mucked [Kd Ks]
Seat 7: Ralik showed [Jc Js] and won ($52.85) with three of a kind, Jacks
Seat 8: msna (button) folded before Flop (didn't bet)
Seat 9: Alameda22 (small blind) folded before Flop



PokerStars Game #19979751737:  Hold'em No Limit ($0.10/$0.25) - 2008/08/28 - 23:45:41 (ET)
Table 'Lucina II' 9-max Seat #9 is the button
Seat 1: board2 ($25.65 in chips) 
Seat 2: PeeStiffy ($17.85 in chips) 
Seat 3: Proc21 ($25 in chips) 
Seat 4: sriver7682 ($37.15 in chips) 
Seat 5: ehle11 ($26.80 in chips) 
Seat 6: bennypeaches ($5 in chips) 
Seat 7: Ralik ($53.75 in chips) 
Seat 8: msna ($25 in chips) 
Seat 9: Alameda22 ($24.40 in chips) 
board2: posts small blind $0.10
PeeStiffy: posts big blind $0.25
*** HOLE CARDS ***
Dealt to Alameda22 [6c Kc]
Proc21: folds 
sriver7682: folds 
ehle11: folds 
bennypeaches: folds 
Ralik: folds 
msna: folds 
Alameda22: folds 
board2: calls $0.15
PeeStiffy: checks 
*** FLOP *** [3c 4d Ks]
board2: checks 
PeeStiffy: bets $0.25
board2: calls $0.25
*** TURN *** [3c 4d Ks] [4s]
board2: checks 
PeeStiffy: bets $0.75
board2: folds 
Uncalled bet ($0.75) returned to PeeStiffy
PeeStiffy collected $0.95 from pot
*** SUMMARY ***
Total pot $1 | Rake $0.05 
Board [3c 4d Ks 4s]
Seat 1: board2 (small blind) folded on the Turn
Seat 2: PeeStiffy (big blind) collected ($0.95)
Seat 3: Proc21 folded before Flop (didn't bet)
Seat 4: sriver7682 folded before Flop (didn't bet)
Seat 5: ehle11 folded before Flop (didn't bet)
Seat 6: bennypeaches folded before Flop (didn't bet)
Seat 7: Ralik folded before Flop (didn't bet)
Seat 8: msna folded before Flop (didn't bet)
Seat 9: Alameda22 (button) folded before Flop (didn't bet)



PokerStars Game #19979779899:  Hold'em No Limit ($0.10/$0.25) - 2008/08/28 - 23:47:11 (ET)
Table 'Lucina II' 9-max Seat #1 is the button
Seat 1: board2 ($25.15 in chips) 
Seat 2: PeeStiffy ($18.30 in chips) 
Seat 3: Proc21 ($25 in chips) 
Seat 4: sriver7682 ($37.15 in chips) 
Seat 5: ehle11 ($26.80 in chips) 
Seat 6: bennypeaches ($5 in chips) 
Seat 7: Ralik ($53.75 in chips) 
Seat 8: msna ($25 in chips) 
Seat 9: Alameda22 ($24.40 in chips) 
PeeStiffy: posts small blind $0.10
Proc21: posts big blind $0.25
*** HOLE CARDS ***
Dealt to Alameda22 [Tc 8d]
sriver7682: raises $0.75 to $1
ehle11: folds 
bennypeaches: folds 
Ralik: folds 
msna: folds 
Alameda22: folds 
board2: folds 
PeeStiffy: folds 
Proc21: calls $0.75
*** FLOP *** [4s Qd Kd]
Proc21: checks 
sriver7682: checks 
*** TURN *** [4s Qd Kd] [Qh]
Proc21: checks 
sriver7682: checks 
*** RIVER *** [4s Qd Kd Qh] [7h]
Proc21: checks 
sriver7682: checks 
*** SHOW DOWN ***
Proc21: shows [Ts Td] (two pair, Queens and Tens)
sriver7682: shows [Ac Kh] (two pair, Kings and Queens)
sriver7682 collected $2 from pot
*** SUMMARY ***
Total pot $2.10 | Rake $0.10 
Board [4s Qd Kd Qh 7h]
Seat 1: board2 (button) folded before Flop (didn't bet)
Seat 2: PeeStiffy (small blind) folded before Flop
Seat 3: Proc21 (big blind) showed [Ts Td] and lost with two pair, Queens and Tens
Seat 4: sriver7682 showed [Ac Kh] and won ($2) with two pair, Kings and Queens
Seat 5: ehle11 folded before Flop (didn't bet)
Seat 6: bennypeaches folded before Flop (didn't bet)
Seat 7: Ralik folded before Flop (didn't bet)
Seat 8: msna folded before Flop (didn't bet)
Seat 9: Alameda22 folded before Flop (didn't bet)



PokerStars Game #19979810070:  Hold'em No Limit ($0.10/$0.25) - 2008/08/28 - 23:48:49 (ET)
Table 'Lucina II' 9-max Seat #2 is the button
Seat 1: board2 ($25.15 in chips) 
Seat 2: PeeStiffy ($18.20 in chips) 
Seat 3: Proc21 ($24 in chips) 
Seat 4: sriver7682 ($38.15 in chips) 
Seat 5: ehle11 ($26.80 in chips) 
Seat 6: bennypeaches ($25 in chips) 
Seat 7: Ralik ($53.75 in chips) 
Seat 8: msna ($25 in chips) 
Seat 9: Alameda22 ($24.40 in chips) 
Proc21: posts small blind $0.10
sriver7682: posts big blind $0.25
*** HOLE CARDS ***
Dealt to Alameda22 [5s 3d]
ehle11: folds 
bennypeaches: folds 
Ralik: folds 
msna: raises $0.75 to $1
Alameda22: folds 
board2: calls $1
PeeStiffy: calls $1
Proc21: folds 
sriver7682: raises $4 to $5
msna: calls $4
board2: folds 
PeeStiffy: calls $4
*** FLOP *** [9s 5d 2h]
sriver7682: bets $33.15 and is all-in
msna: folds 
PeeStiffy: folds 
Uncalled bet ($33.15) returned to sriver7682
sriver7682 collected $15.30 from pot
sriver7682: doesn't show hand 
*** SUMMARY ***
Total pot $16.10 | Rake $0.80 
Board [9s 5d 2h]
Seat 1: board2 folded before Flop
Seat 2: PeeStiffy (button) folded on the Flop
Seat 3: Proc21 (small blind) folded before Flop
Seat 4: sriver7682 (big blind) collected ($15.30)
Seat 5: ehle11 folded before Flop (didn't bet)
Seat 6: bennypeaches folded before Flop (didn't bet)
Seat 7: Ralik folded before Flop (didn't bet)
Seat 8: msna folded on the Flop
Seat 9: Alameda22 folded before Flop (didn't bet)



PokerStars Game #19979841718:  Hold'em No Limit ($0.10/$0.25) - 2008/08/28 - 23:50:32 (ET)
Table 'Lucina II' 9-max Seat #3 is the button
Seat 1: board2 ($25 in chips) 
Seat 2: PeeStiffy ($13.20 in chips) 
Seat 3: Proc21 ($25 in chips) 
Seat 4: sriver7682 ($48.45 in chips) 
Seat 5: ehle11 ($26.80 in chips) 
Seat 6: bennypeaches ($25 in chips) 
Seat 7: Ralik ($53.75 in chips) 
Seat 8: msna ($25 in chips) 
Seat 9: Alameda22 ($24.40 in chips) 
sriver7682: posts small blind $0.10
ehle11: posts big blind $0.25
*** HOLE CARDS ***
Dealt to Alameda22 [9h Qh]
bennypeaches: folds 
Ralik: folds 
msna: folds 
Alameda22: folds 
board2: folds 
board2 leaves the table
PeeStiffy: calls $0.25
Proc21: folds 
sriver7682: calls $0.15
ehle11: checks 
*** FLOP *** [4c 2s 8s]
sriver7682: checks 
ehle11: checks 
PeeStiffy: checks 
*** TURN *** [4c 2s 8s] [Td]
sriver7682: checks 
ehle11: checks 
PeeStiffy: bets $0.50
sriver7682: calls $0.50
ehle11: folds 
*** RIVER *** [4c 2s 8s Td] [3c]
sriver7682: checks 
PeeStiffy: bets $1
sriver7682: calls $1
*** SHOW DOWN ***
PeeStiffy: shows [Jd Th] (a pair of Tens)
sriver7682: shows [Tc Jc] (a pair of Tens)
sriver7682 collected $1.80 from pot
PeeStiffy collected $1.80 from pot
*** SUMMARY ***
Total pot $3.75 | Rake $0.15 
Board [4c 2s 8s Td 3c]
Seat 1: board2 folded before Flop (didn't bet)
Seat 2: PeeStiffy showed [Jd Th] and won ($1.80) with a pair of Tens
Seat 3: Proc21 (button) folded before Flop (didn't bet)
Seat 4: sriver7682 (small blind) showed [Tc Jc] and won ($1.80) with a pair of Tens
Seat 5: ehle11 (big blind) folded on the Turn
Seat 6: bennypeaches folded before Flop (didn't bet)
Seat 7: Ralik folded before Flop (didn't bet)
Seat 8: msna folded before Flop (didn't bet)
Seat 9: Alameda22 folded before Flop (didn't bet)



PokerStars Game #19979868348:  Hold'em No Limit ($0.10/$0.25) - 2008/08/28 - 23:51:58 (ET)
Table 'Lucina II' 9-max Seat #4 is the button
Seat 2: PeeStiffy ($13.25 in chips) 
Seat 3: Proc21 ($25 in chips) 
Seat 4: sriver7682 ($48.50 in chips) 
Seat 5: ehle11 ($26.55 in chips) 
Seat 6: bennypeaches ($25 in chips) 
Seat 7: Ralik ($53.75 in chips) 
Seat 8: msna ($25 in chips) 
Seat 9: Alameda22 ($24.40 in chips) 
ehle11: posts small blind $0.10
bennypeaches: posts big blind $0.25
*** HOLE CARDS ***
Dealt to Alameda22 [3c 6h]
Ralik: folds 
msna: folds 
Alameda22: folds 
PeeStiffy: raises $0.50 to $0.75
Proc21: raises $2.25 to $3
sriver7682: folds 
ehle11: folds 
bennypeaches: folds 
PeeStiffy: calls $2.25
*** FLOP *** [7d 4c 5c]
PeeStiffy: checks 
Proc21: bets $3.65
PeeStiffy: folds 
Uncalled bet ($3.65) returned to Proc21
Proc21 collected $6.05 from pot
Proc21: doesn't show hand 
*** SUMMARY ***
Total pot $6.35 | Rake $0.30 
Board [7d 4c 5c]
Seat 2: PeeStiffy folded on the Flop
Seat 3: Proc21 collected ($6.05)
Seat 4: sriver7682 (button) folded before Flop (didn't bet)
Seat 5: ehle11 (small blind) folded before Flop
Seat 6: bennypeaches (big blind) folded before Flop
Seat 7: Ralik folded before Flop (didn't bet)
Seat 8: msna folded before Flop (didn't bet)
Seat 9: Alameda22 folded before Flop (didn't bet)



PokerStars Game #19979891427:  Hold'em No Limit ($0.10/$0.25) - 2008/08/28 - 23:53:14 (ET)
Table 'Lucina II' 9-max Seat #5 is the button
Seat 2: PeeStiffy ($10.25 in chips) 
Seat 3: Proc21 ($28.05 in chips) 
Seat 4: sriver7682 ($48.50 in chips) 
Seat 5: ehle11 ($26.45 in chips) 
Seat 6: bennypeaches ($24.75 in chips) 
Seat 7: Ralik ($53.75 in chips) 
Seat 8: msna ($25 in chips) 
Seat 9: Alameda22 ($24.40 in chips) 
bennypeaches: posts small blind $0.10
Ralik: posts big blind $0.25
*** HOLE CARDS ***
Dealt to Alameda22 [3h 3d]
msna: folds 
Alameda22: folds 
PeeStiffy: folds 
Proc21: folds 
sriver7682: folds 
ehle11: raises $1 to $1.25
bennypeaches: folds 
Ralik: folds 
Uncalled bet ($1) returned to ehle11
ehle11 collected $0.60 from pot
ehle11: doesn't show hand 
*** SUMMARY ***
Total pot $0.60 | Rake $0 
Seat 2: PeeStiffy folded before Flop (didn't bet)
Seat 3: Proc21 folded before Flop (didn't bet)
Seat 4: sriver7682 folded before Flop (didn't bet)
Seat 5: ehle11 (button) collected ($0.60)
Seat 6: bennypeaches (small blind) folded before Flop
Seat 7: Ralik (big blind) folded before Flop
Seat 8: msna folded before Flop (didn't bet)
Seat 9: Alameda22 folded before Flop (didn't bet)



PokerStars Game #19979904346:  Hold'em No Limit ($0.10/$0.25) - 2008/08/28 - 23:53:56 (ET)
Table 'Lucina II' 9-max Seat #6 is the button
Seat 2: PeeStiffy ($10.25 in chips) 
Seat 3: Proc21 ($28.05 in chips) 
Seat 4: sriver7682 ($48.50 in chips) 
Seat 5: ehle11 ($26.80 in chips) 
Seat 6: bennypeaches ($24.65 in chips) 
Seat 7: Ralik ($53.50 in chips) 
Seat 8: msna ($25 in chips) 
Seat 9: Alameda22 ($24.40 in chips) 
Ralik: posts small blind $0.10
msna: posts big blind $0.25
*** HOLE CARDS ***
Dealt to Alameda22 [9d 8c]
Alameda22: folds 
yenseeker joins the table at seat #1 
PeeStiffy: folds 
Proc21: folds 
sriver7682: folds 
ehle11: folds 
bennypeaches: folds 
Ralik: raises $0.50 to $0.75
msna: folds 
Uncalled bet ($0.50) returned to Ralik
Ralik collected $0.50 from pot
Ralik: doesn't show hand 
*** SUMMARY ***
Total pot $0.50 | Rake $0 
Seat 2: PeeStiffy folded before Flop (didn't bet)
Seat 3: Proc21 folded before Flop (didn't bet)
Seat 4: sriver7682 folded before Flop (didn't bet)
Seat 5: ehle11 folded before Flop (didn't bet)
Seat 6: bennypeaches (button) folded before Flop (didn't bet)
Seat 7: Ralik (small blind) collected ($0.50)
Seat 8: msna (big blind) folded before Flop
Seat 9: Alameda22 folded before Flop (didn't bet)



PokerStars Game #19979918611:  Hold'em No Limit ($0.10/$0.25) - 2008/08/28 - 23:54:43 (ET)
Table 'Lucina II' 9-max Seat #7 is the button
Seat 2: PeeStiffy ($10.25 in chips) 
Seat 3: Proc21 ($28.05 in chips) 
Seat 4: sriver7682 ($48.50 in chips) 
Seat 5: ehle11 ($26.80 in chips) 
Seat 6: bennypeaches ($24.65 in chips) 
Seat 7: Ralik ($53.75 in chips) 
Seat 8: msna ($24.75 in chips) 
Seat 9: Alameda22 ($24.40 in chips) 
msna: posts small blind $0.10
Alameda22: posts big blind $0.25
yenseeker: sits out 
*** HOLE CARDS ***
Dealt to Alameda22 [4h 3c]
PeeStiffy: calls $0.25
Proc21: folds 
sriver7682: folds 
ehle11: folds 
bennypeaches: folds 
Ralik: folds 
msna: folds 
Alameda22: checks 
*** FLOP *** [8d 9d 3h]
Alameda22: checks 
PeeStiffy: bets $0.25
Alameda22: folds 
Uncalled bet ($0.25) returned to PeeStiffy
PeeStiffy collected $0.60 from pot
*** SUMMARY ***
Total pot $0.60 | Rake $0 
Board [8d 9d 3h]
Seat 2: PeeStiffy collected ($0.60)
Seat 3: Proc21 folded before Flop (didn't bet)
Seat 4: sriver7682 folded before Flop (didn't bet)
Seat 5: ehle11 folded before Flop (didn't bet)
Seat 6: bennypeaches folded before Flop (didn't bet)
Seat 7: Ralik (button) folded before Flop (didn't bet)
Seat 8: msna (small blind) folded before Flop
Seat 9: Alameda22 (big blind) folded on the Flop



PokerStars Game #19979944077:  Hold'em No Limit ($0.10/$0.25) - 2008/08/28 - 23:56:07 (ET)
Table 'Lucina II' 9-max Seat #8 is the button
Seat 1: yenseeker ($15 in chips) 
Seat 2: PeeStiffy ($10.60 in chips) 
Seat 3: Proc21 ($28.05 in chips) 
Seat 4: sriver7682 ($48.50 in chips) 
Seat 5: ehle11 ($26.80 in chips) 
Seat 6: bennypeaches ($24.65 in chips) 
Seat 7: Ralik ($53.75 in chips) 
Seat 8: msna ($24.65 in chips) 
Seat 9: Alameda22 ($24.15 in chips) 
Alameda22: posts small blind $0.10
yenseeker: posts big blind $0.25
*** HOLE CARDS ***
Dealt to Alameda22 [4h 2d]
PeeStiffy: calls $0.25
Proc21: folds 
sriver7682: folds 
ehle11: folds 
bennypeaches: folds 
Ralik: folds 
msna: folds 
Alameda22: folds 
yenseeker: checks 
*** FLOP *** [3h 6s Ks]
yenseeker: checks 
PeeStiffy: bets $0.25
yenseeker: raises $1 to $1.25
PeeStiffy: folds 
Uncalled bet ($1) returned to yenseeker
yenseeker collected $1.05 from pot
yenseeker: doesn't show hand 
*** SUMMARY ***
Total pot $1.10 | Rake $0.05 
Board [3h 6s Ks]
Seat 1: yenseeker (big blind) collected ($1.05)
Seat 2: PeeStiffy folded on the Flop
Seat 3: Proc21 folded before Flop (didn't bet)
Seat 4: sriver7682 folded before Flop (didn't bet)
Seat 5: ehle11 folded before Flop (didn't bet)
Seat 6: bennypeaches folded before Flop (didn't bet)
Seat 7: Ralik folded before Flop (didn't bet)
Seat 8: msna (button) folded before Flop (didn't bet)
Seat 9: Alameda22 (small blind) folded before Flop



PokerStars Game #19979963005:  Hold'em No Limit ($0.10/$0.25) - 2008/08/28 - 23:57:09 (ET)
Table 'Lucina II' 9-max Seat #9 is the button
Seat 1: yenseeker ($15.55 in chips) 
Seat 2: PeeStiffy ($10.10 in chips) 
Seat 3: Proc21 ($28.05 in chips) 
Seat 4: sriver7682 ($48.50 in chips) 
Seat 5: ehle11 ($26.80 in chips) 
Seat 6: bennypeaches ($24.65 in chips) 
Seat 7: Ralik ($53.75 in chips) 
Seat 8: msna ($24.65 in chips) 
Seat 9: Alameda22 ($24.05 in chips) 
yenseeker: posts small blind $0.10
PeeStiffy: posts big blind $0.25
*** HOLE CARDS ***
Dealt to Alameda22 [Qc 7s]
Proc21: folds 
sriver7682: folds 
ehle11: folds 
bennypeaches: folds 
Ralik: folds 
msna: folds 
Alameda22: folds 
yenseeker: calls $0.15
PeeStiffy: raises $0.50 to $0.75
yenseeker: folds 
Uncalled bet ($0.50) returned to PeeStiffy
PeeStiffy collected $0.50 from pot
*** SUMMARY ***
Total pot $0.50 | Rake $0 
Seat 1: yenseeker (small blind) folded before Flop
Seat 2: PeeStiffy (big blind) collected ($0.50)
Seat 3: Proc21 folded before Flop (didn't bet)
Seat 4: sriver7682 folded before Flop (didn't bet)
Seat 5: ehle11 folded before Flop (didn't bet)
Seat 6: bennypeaches folded before Flop (didn't bet)
Seat 7: Ralik folded before Flop (didn't bet)
Seat 8: msna folded before Flop (didn't bet)
Seat 9: Alameda22 (button) folded before Flop (didn't bet)



PokerStars Game #19979978040:  Hold'em No Limit ($0.10/$0.25) - 2008/08/28 - 23:57:59 (ET)
Table 'Lucina II' 9-max Seat #1 is the button
Seat 1: yenseeker ($15.30 in chips) 
Seat 2: PeeStiffy ($10.35 in chips) 
Seat 3: Proc21 ($28.05 in chips) 
Seat 4: sriver7682 ($48.50 in chips) 
Seat 5: ehle11 ($26.80 in chips) 
Seat 6: bennypeaches ($24.65 in chips) 
Seat 7: Ralik ($53.75 in chips) 
Seat 8: msna ($24.65 in chips) 
Seat 9: Alameda22 ($24.05 in chips) 
PeeStiffy: posts small blind $0.10
Proc21: posts big blind $0.25
*** HOLE CARDS ***
Dealt to Alameda22 [Qs Kc]
sriver7682: folds 
ehle11: folds 
bennypeaches: folds 
Ralik: folds 
msna: folds 
Alameda22: raises $0.50 to $0.75
yenseeker: folds 
yenseeker leaves the table
PeeStiffy: folds 
Proc21: folds 
Uncalled bet ($0.50) returned to Alameda22
Alameda22 collected $0.60 from pot
Alameda22: doesn't show hand 
*** SUMMARY ***
Total pot $0.60 | Rake $0 
Seat 1: yenseeker (button) folded before Flop (didn't bet)
Seat 2: PeeStiffy (small blind) folded before Flop
Seat 3: Proc21 (big blind) folded before Flop
Seat 4: sriver7682 folded before Flop (didn't bet)
Seat 5: ehle11 folded before Flop (didn't bet)
Seat 6: bennypeaches folded before Flop (didn't bet)
Seat 7: Ralik folded before Flop (didn't bet)
Seat 8: msna folded before Flop (didn't bet)
Seat 9: Alameda22 collected ($0.60)



PokerStars Game #19979994020:  Hold'em No Limit ($0.10/$0.25) - 2008/08/28 - 23:58:52 (ET)
Table 'Lucina II' 9-max Seat #2 is the button
Seat 2: PeeStiffy ($10.25 in chips) 
Seat 3: Proc21 ($27.80 in chips) 
Seat 4: sriver7682 ($48.50 in chips) 
Seat 5: ehle11 ($26.80 in chips) 
Seat 6: bennypeaches ($24.65 in chips) 
Seat 7: Ralik ($53.75 in chips) 
Seat 8: msna ($24.65 in chips) 
Seat 9: Alameda22 ($24.40 in chips) 
Proc21: posts small blind $0.10
sriver7682: posts big blind $0.25
*** HOLE CARDS ***
Dealt to Alameda22 [3d Qs]
ehle11: folds 
jruss133 joins the table at seat #1 
bennypeaches: folds 
Ralik: folds 
msna: folds 
Alameda22: folds 
PeeStiffy: folds 
Proc21: folds 
Uncalled bet ($0.15) returned to sriver7682
sriver7682 collected $0.20 from pot
sriver7682: doesn't show hand 
*** SUMMARY ***
Total pot $0.20 | Rake $0 
Seat 2: PeeStiffy (button) folded before Flop (didn't bet)
Seat 3: Proc21 (small blind) folded before Flop
Seat 4: sriver7682 (big blind) collected ($0.20)
Seat 5: ehle11 folded before Flop (didn't bet)
Seat 6: bennypeaches folded before Flop (didn't bet)
Seat 7: Ralik folded before Flop (didn't bet)
Seat 8: msna folded before Flop (didn't bet)
Seat 9: Alameda22 folded before Flop (didn't bet)



PokerStars Game #19980002057:  Hold'em No Limit ($0.10/$0.25) - 2008/08/28 - 23:59:18 (ET)
Table 'Lucina II' 9-max Seat #3 is the button
Seat 1: jruss133 ($25 in chips) 
Seat 2: PeeStiffy ($10.25 in chips) 
Seat 3: Proc21 ($27.70 in chips) 
Seat 4: sriver7682 ($48.60 in chips) 
Seat 5: ehle11 ($26.80 in chips) 
Seat 6: bennypeaches ($24.65 in chips) 
Seat 7: Ralik ($53.75 in chips) 
Seat 8: msna ($24.65 in chips) 
Seat 9: Alameda22 ($24.40 in chips) 
sriver7682: posts small blind $0.10
ehle11: posts big blind $0.25
jruss133: posts big blind $0.25
*** HOLE CARDS ***
Dealt to Alameda22 [As 2h]
bennypeaches: folds 
Ralik: folds 
msna: folds 
Alameda22: folds 
jruss133: raises $1 to $1.25
PeeStiffy: folds 
Proc21: folds 
sriver7682: folds 
ehle11: folds 
Uncalled bet ($1) returned to jruss133
jruss133 collected $0.60 from pot
*** SUMMARY ***
Total pot $0.60 | Rake $0 
Seat 1: jruss133 collected ($0.60)
Seat 2: PeeStiffy folded before Flop (didn't bet)
Seat 3: Proc21 (button) folded before Flop (didn't bet)
Seat 4: sriver7682 (small blind) folded before Flop
Seat 5: ehle11 (big blind) folded before Flop
Seat 6: bennypeaches folded before Flop (didn't bet)
Seat 7: Ralik folded before Flop (didn't bet)
Seat 8: msna folded before Flop (didn't bet)
Seat 9: Alameda22 folded before Flop (didn't bet)



