PokerStars Game #20142169940:  Hold'em No Limit ($0.25/$0.50) - 2008/09/04 13:44:31 ET
Table 'Chimay II' 9-max Seat #2 is the button
Seat 1: wems ($53 in chips) 
Seat 2: Vaporous ($65.10 in chips) 
Seat 4: jd185152 ($24.50 in chips) 
Seat 5: Alameda22 ($50 in chips) 
Seat 6: ezy-ezy777 ($50.75 in chips) 
Seat 7: Muehle69 ($49 in chips) 
Seat 8: JonKelly4 ($51.85 in chips) 
Seat 9: huehneralarm ($22.05 in chips) 
lundis will be allowed to play after the button
jd185152: posts small blind $0.25
Alameda22: posts big blind $0.50
*** HOLE CARDS ***
Dealt to Alameda22 [5h Ac]
ezy-ezy777: folds 
Muehle69: folds 
JonKelly4: folds 
huehneralarm: folds 
wems: raises $1.50 to $2
Vaporous: folds 
jd185152: folds 
Alameda22: folds 
Uncalled bet ($1.50) returned to wems
wems collected $1.25 from pot
wems: doesn't show hand 
*** SUMMARY ***
Total pot $1.25 | Rake $0 
Seat 1: wems collected ($1.25)
Seat 2: Vaporous (button) folded before Flop (didn't bet)
Seat 4: jd185152 (small blind) folded before Flop
Seat 5: Alameda22 (big blind) folded before Flop
Seat 6: ezy-ezy777 folded before Flop (didn't bet)
Seat 7: Muehle69 folded before Flop (didn't bet)
Seat 8: JonKelly4 folded before Flop (didn't bet)
Seat 9: huehneralarm folded before Flop (didn't bet)



PokerStars Game #20142185329:  Hold'em No Limit ($0.25/$0.50) - 2008/09/04 13:45:08 ET
Table 'Chimay II' 9-max Seat #4 is the button
Seat 1: wems ($53.75 in chips) 
Seat 2: Vaporous ($65.10 in chips) 
Seat 4: jd185152 ($24.25 in chips) 
Seat 5: Alameda22 ($49.50 in chips) 
Seat 6: ezy-ezy777 ($50.75 in chips) 
Seat 7: Muehle69 ($50 in chips) 
Seat 8: JonKelly4 ($51.85 in chips) 
Seat 9: huehneralarm ($22.05 in chips) 
Alameda22: posts small blind $0.25
ezy-ezy777: posts big blind $0.50
lundis: sits out 
*** HOLE CARDS ***
Dealt to Alameda22 [9h 8h]
Muehle69: folds 
JonKelly4: raises $1.50 to $2
huehneralarm: calls $2
wems: calls $2
Vaporous: folds 
jd185152: folds 
Alameda22: folds 
ezy-ezy777: folds 
*** FLOP *** [6c Kd 7c]
JonKelly4: checks 
huehneralarm: checks 
wems: checks 
*** TURN *** [6c Kd 7c] [7d]
JonKelly4: bets $2.50
huehneralarm: folds 
wems: folds 
Uncalled bet ($2.50) returned to JonKelly4
JonKelly4 collected $6.45 from pot
JonKelly4: doesn't show hand 
*** SUMMARY ***
Total pot $6.75 | Rake $0.30 
Board [6c Kd 7c 7d]
Seat 1: wems folded on the Turn
Seat 2: Vaporous folded before Flop (didn't bet)
Seat 4: jd185152 (button) folded before Flop (didn't bet)
Seat 5: Alameda22 (small blind) folded before Flop
Seat 6: ezy-ezy777 (big blind) folded before Flop
Seat 7: Muehle69 folded before Flop (didn't bet)
Seat 8: JonKelly4 collected ($6.45)
Seat 9: huehneralarm folded on the Turn



PokerStars Game #20142217607:  Hold'em No Limit ($0.25/$0.50) - 2008/09/04 13:46:27 ET
Table 'Chimay II' 9-max Seat #5 is the button
Seat 1: wems ($51.75 in chips) 
Seat 2: Vaporous ($65.10 in chips) 
Seat 4: jd185152 ($24.25 in chips) 
Seat 5: Alameda22 ($49.25 in chips) 
Seat 6: ezy-ezy777 ($50.25 in chips) 
Seat 7: Muehle69 ($50 in chips) 
Seat 8: JonKelly4 ($56.30 in chips) 
Seat 9: huehneralarm ($20.05 in chips) 
ezy-ezy777: posts small blind $0.25
Muehle69: posts big blind $0.50
lundis: sits out 
*** HOLE CARDS ***
Dealt to Alameda22 [9c 8h]
JonKelly4: folds 
huehneralarm: raises $1 to $1.50
wems: folds 
Vaporous: folds 
jd185152: folds 
Alameda22: folds 
ezy-ezy777: folds 
Muehle69: folds 
Uncalled bet ($1) returned to huehneralarm
huehneralarm collected $1.25 from pot
huehneralarm: doesn't show hand 
*** SUMMARY ***
Total pot $1.25 | Rake $0 
Seat 1: wems folded before Flop (didn't bet)
Seat 2: Vaporous folded before Flop (didn't bet)
Seat 4: jd185152 folded before Flop (didn't bet)
Seat 5: Alameda22 (button) folded before Flop (didn't bet)
Seat 6: ezy-ezy777 (small blind) folded before Flop
Seat 7: Muehle69 (big blind) folded before Flop
Seat 8: JonKelly4 folded before Flop (didn't bet)
Seat 9: huehneralarm collected ($1.25)



PokerStars Game #20142231311:  Hold'em No Limit ($0.25/$0.50) - 2008/09/04 13:47:01 ET
Table 'Chimay II' 9-max Seat #6 is the button
Seat 1: wems ($51.75 in chips) 
Seat 2: Vaporous ($65.10 in chips) 
Seat 4: jd185152 ($24.25 in chips) 
Seat 5: Alameda22 ($49.25 in chips) 
Seat 6: ezy-ezy777 ($50 in chips) 
Seat 7: Muehle69 ($49.50 in chips) 
Seat 8: JonKelly4 ($56.30 in chips) 
Seat 9: huehneralarm ($20.80 in chips) 
Muehle69: posts small blind $0.25
JonKelly4: posts big blind $0.50
lundis: sits out 
*** HOLE CARDS ***
Dealt to Alameda22 [9d 7s]
huehneralarm: folds 
wems: folds 
Vaporous: folds 
jd185152: raises $1 to $1.50
Alameda22: folds 
ezy-ezy777: folds 
Muehle69: folds 
JonKelly4: folds 
Uncalled bet ($1) returned to jd185152
jd185152 collected $1.25 from pot
jd185152: doesn't show hand 
*** SUMMARY ***
Total pot $1.25 | Rake $0 
Seat 1: wems folded before Flop (didn't bet)
Seat 2: Vaporous folded before Flop (didn't bet)
Seat 4: jd185152 collected ($1.25)
Seat 5: Alameda22 folded before Flop (didn't bet)
Seat 6: ezy-ezy777 (button) folded before Flop (didn't bet)
Seat 7: Muehle69 (small blind) folded before Flop
Seat 8: JonKelly4 (big blind) folded before Flop
Seat 9: huehneralarm folded before Flop (didn't bet)



PokerStars Game #20142258592:  Hold'em No Limit ($0.25/$0.50) - 2008/09/04 13:48:07 ET
Table 'Chimay II' 9-max Seat #7 is the button
Seat 1: wems ($51.75 in chips) 
Seat 2: Vaporous ($65.10 in chips) 
Seat 4: jd185152 ($25 in chips) 
Seat 5: Alameda22 ($49.25 in chips) 
Seat 6: ezy-ezy777 ($50 in chips) 
Seat 7: Muehle69 ($49.25 in chips) 
Seat 8: JonKelly4 ($55.80 in chips) 
Seat 9: huehneralarm ($20.80 in chips) 
JonKelly4: posts small blind $0.25
huehneralarm: posts big blind $0.50
lundis: sits out 
*** HOLE CARDS ***
Dealt to Alameda22 [8d 2s]
wems: folds 
Vaporous: folds 
jd185152 has timed out
jd185152: folds 
jd185152 is sitting out
Alameda22: folds 
ezy-ezy777: folds 
Muehle69: raises $1 to $1.50
JonKelly4: folds 
huehneralarm: folds 
Uncalled bet ($1) returned to Muehle69
Muehle69 collected $1.25 from pot
Muehle69: doesn't show hand 
jd185152 has returned
*** SUMMARY ***
Total pot $1.25 | Rake $0 
Seat 1: wems folded before Flop (didn't bet)
Seat 2: Vaporous folded before Flop (didn't bet)
Seat 4: jd185152 folded before Flop (didn't bet)
Seat 5: Alameda22 folded before Flop (didn't bet)
Seat 6: ezy-ezy777 folded before Flop (didn't bet)
Seat 7: Muehle69 (button) collected ($1.25)
Seat 8: JonKelly4 (small blind) folded before Flop
Seat 9: huehneralarm (big blind) folded before Flop



PokerStars Game #20142287163:  Hold'em No Limit ($0.25/$0.50) - 2008/09/04 13:49:17 ET
Table 'Chimay II' 9-max Seat #8 is the button
Seat 1: wems ($51.75 in chips) 
Seat 2: Vaporous ($65.10 in chips) 
Seat 4: jd185152 ($25 in chips) 
Seat 5: Alameda22 ($49.25 in chips) 
Seat 6: ezy-ezy777 ($50 in chips) 
Seat 7: Muehle69 ($50 in chips) 
Seat 8: JonKelly4 ($55.55 in chips) 
Seat 9: huehneralarm ($20.30 in chips) 
huehneralarm: posts small blind $0.25
wems: posts big blind $0.50
lundis: sits out 
*** HOLE CARDS ***
Dealt to Alameda22 [6d 5c]
Vaporous: folds 
jd185152: folds 
Alameda22: folds 
ezy-ezy777: folds 
Muehle69: folds 
JonKelly4: raises $1 to $1.50
huehneralarm: calls $1.25
wems: folds 
*** FLOP *** [8h Kc 3h]
huehneralarm: bets $3.50
JonKelly4: calls $3.50
*** TURN *** [8h Kc 3h] [Jh]
huehneralarm: bets $5
JonKelly4: calls $5
*** RIVER *** [8h Kc 3h Jh] [Qd]
huehneralarm: bets $10.30 and is all-in
JonKelly4: calls $10.30
*** SHOW DOWN ***
huehneralarm: shows [9h 9s] (a pair of Nines)
JonKelly4: shows [Ac Ks] (a pair of Kings)
JonKelly4 collected $39.10 from pot
huehneralarm leaves the table
*** SUMMARY ***
Total pot $41.10 | Rake $2 
Board [8h Kc 3h Jh Qd]
Seat 1: wems (big blind) folded before Flop
Seat 2: Vaporous folded before Flop (didn't bet)
Seat 4: jd185152 folded before Flop (didn't bet)
Seat 5: Alameda22 folded before Flop (didn't bet)
Seat 6: ezy-ezy777 folded before Flop (didn't bet)
Seat 7: Muehle69 folded before Flop (didn't bet)
Seat 8: JonKelly4 (button) showed [Ac Ks] and won ($39.10) with a pair of Kings
Seat 9: huehneralarm (small blind) showed [9h 9s] and lost with a pair of Nines



PokerStars Game #20142314182:  Hold'em No Limit ($0.25/$0.50) - 2008/09/04 13:50:24 ET
Table 'Chimay II' 9-max Seat #1 is the button
Seat 1: wems ($51.25 in chips) 
Seat 2: Vaporous ($65.10 in chips) 
Seat 3: lundis ($50 in chips) 
Seat 4: jd185152 ($25 in chips) 
Seat 5: Alameda22 ($49.25 in chips) 
Seat 6: ezy-ezy777 ($50 in chips) 
Seat 7: Muehle69 ($50 in chips) 
Seat 8: JonKelly4 ($74.35 in chips) 
Vaporous: posts small blind $0.25
lundis: posts big blind $0.50
*** HOLE CARDS ***
Dealt to Alameda22 [Td Qc]
jd185152: folds 
Alameda22: folds 
ezy-ezy777: folds 
Muehle69: folds 
JonKelly4: folds 
wems: raises $1.50 to $2
Vaporous: folds 
lundis: folds 
Uncalled bet ($1.50) returned to wems
chiroKami joins the table at seat #9 
wems collected $1.25 from pot
wems: doesn't show hand 
*** SUMMARY ***
Total pot $1.25 | Rake $0 
Seat 1: wems (button) collected ($1.25)
Seat 2: Vaporous (small blind) folded before Flop
Seat 3: lundis (big blind) folded before Flop
Seat 4: jd185152 folded before Flop (didn't bet)
Seat 5: Alameda22 folded before Flop (didn't bet)
Seat 6: ezy-ezy777 folded before Flop (didn't bet)
Seat 7: Muehle69 folded before Flop (didn't bet)
Seat 8: JonKelly4 folded before Flop (didn't bet)



PokerStars Game #20142334038:  Hold'em No Limit ($0.25/$0.50) - 2008/09/04 13:51:13 ET
Table 'Chimay II' 9-max Seat #2 is the button
Seat 1: wems ($52 in chips) 
Seat 2: Vaporous ($64.85 in chips) 
Seat 3: lundis ($49.50 in chips) 
Seat 4: jd185152 ($25 in chips) 
Seat 5: Alameda22 ($49.25 in chips) 
Seat 6: ezy-ezy777 ($50 in chips) 
Seat 7: Muehle69 ($50 in chips) 
Seat 8: JonKelly4 ($74.35 in chips) 
Seat 9: chiroKami ($25 in chips) 
lundis: posts small blind $0.25
jd185152: posts big blind $0.50
chiroKami: posts big blind $0.50
*** HOLE CARDS ***
Dealt to Alameda22 [3s Qh]
Alameda22: folds 
ezy-ezy777: folds 
Muehle69: folds 
JonKelly4: folds 
chiroKami: checks 
wems: raises $2 to $2.50
Vaporous: folds 
lundis: folds 
jd185152: folds 
chiroKami: folds 
Uncalled bet ($2) returned to wems
wems collected $1.75 from pot
wems: doesn't show hand 
*** SUMMARY ***
Total pot $1.75 | Rake $0 
Seat 1: wems collected ($1.75)
Seat 2: Vaporous (button) folded before Flop (didn't bet)
Seat 3: lundis (small blind) folded before Flop
Seat 4: jd185152 (big blind) folded before Flop
Seat 5: Alameda22 folded before Flop (didn't bet)
Seat 6: ezy-ezy777 folded before Flop (didn't bet)
Seat 7: Muehle69 folded before Flop (didn't bet)
Seat 8: JonKelly4 folded before Flop (didn't bet)
Seat 9: chiroKami folded before Flop



PokerStars Game #20142355295:  Hold'em No Limit ($0.25/$0.50) - 2008/09/04 13:52:05 ET
Table 'Chimay II' 9-max Seat #3 is the button
Seat 1: wems ($53.25 in chips) 
Seat 2: Vaporous ($64.85 in chips) 
Seat 3: lundis ($49.25 in chips) 
Seat 4: jd185152 ($24.50 in chips) 
Seat 5: Alameda22 ($49.25 in chips) 
Seat 6: ezy-ezy777 ($50 in chips) 
Seat 7: Muehle69 ($50 in chips) 
Seat 8: JonKelly4 ($74.35 in chips) 
Seat 9: chiroKami ($24.50 in chips) 
jd185152: posts small blind $0.25
Alameda22: posts big blind $0.50
*** HOLE CARDS ***
Dealt to Alameda22 [Qs 4d]
ezy-ezy777: folds 
Muehle69: folds 
JonKelly4: folds 
chiroKami: calls $0.50
wems: folds 
Vaporous: folds 
lundis: calls $0.50
jd185152: calls $0.25
Alameda22: checks 
*** FLOP *** [2h 5s Qc]
jd185152: checks 
Alameda22: checks 
chiroKami: checks 
lundis: bets $2
jd185152: folds 
Alameda22: folds 
chiroKami: folds 
Uncalled bet ($2) returned to lundis
lundis collected $1.90 from pot
lundis: doesn't show hand 
*** SUMMARY ***
Total pot $2 | Rake $0.10 
Board [2h 5s Qc]
Seat 1: wems folded before Flop (didn't bet)
Seat 2: Vaporous folded before Flop (didn't bet)
Seat 3: lundis (button) collected ($1.90)
Seat 4: jd185152 (small blind) folded on the Flop
Seat 5: Alameda22 (big blind) folded on the Flop
Seat 6: ezy-ezy777 folded before Flop (didn't bet)
Seat 7: Muehle69 folded before Flop (didn't bet)
Seat 8: JonKelly4 folded before Flop (didn't bet)
Seat 9: chiroKami folded on the Flop



PokerStars Game #20142383388:  Hold'em No Limit ($0.25/$0.50) - 2008/09/04 13:53:14 ET
Table 'Chimay II' 9-max Seat #4 is the button
Seat 1: wems ($53.25 in chips) 
Seat 2: Vaporous ($64.85 in chips) 
Seat 3: lundis ($50.65 in chips) 
Seat 4: jd185152 ($24 in chips) 
Seat 5: Alameda22 ($48.75 in chips) 
Seat 6: ezy-ezy777 ($50 in chips) 
Seat 7: Muehle69 ($50 in chips) 
Seat 8: JonKelly4 ($74.35 in chips) 
Seat 9: chiroKami ($24 in chips) 
Alameda22: posts small blind $0.25
ezy-ezy777: posts big blind $0.50
*** HOLE CARDS ***
Dealt to Alameda22 [5d Ad]
Muehle69: folds 
JonKelly4: folds 
chiroKami: folds 
wems: raises $1.50 to $2
Vaporous: folds 
lundis: folds 
jd185152: folds 
Alameda22: folds 
ezy-ezy777: folds 
Uncalled bet ($1.50) returned to wems
wems collected $1.25 from pot
wems: doesn't show hand 
*** SUMMARY ***
Total pot $1.25 | Rake $0 
Seat 1: wems collected ($1.25)
Seat 2: Vaporous folded before Flop (didn't bet)
Seat 3: lundis folded before Flop (didn't bet)
Seat 4: jd185152 (button) folded before Flop (didn't bet)
Seat 5: Alameda22 (small blind) folded before Flop
Seat 6: ezy-ezy777 (big blind) folded before Flop
Seat 7: Muehle69 folded before Flop (didn't bet)
Seat 8: JonKelly4 folded before Flop (didn't bet)
Seat 9: chiroKami folded before Flop (didn't bet)



PokerStars Game #20142399591:  Hold'em No Limit ($0.25/$0.50) - 2008/09/04 13:53:55 ET
Table 'Chimay II' 9-max Seat #5 is the button
Seat 1: wems ($54 in chips) 
Seat 2: Vaporous ($64.85 in chips) 
Seat 3: lundis ($50.65 in chips) 
Seat 4: jd185152 ($24 in chips) 
Seat 5: Alameda22 ($48.50 in chips) 
Seat 6: ezy-ezy777 ($49.50 in chips) 
Seat 7: Muehle69 ($50 in chips) 
Seat 8: JonKelly4 ($74.35 in chips) 
Seat 9: chiroKami ($24 in chips) 
ezy-ezy777: posts small blind $0.25
Muehle69: posts big blind $0.50
*** HOLE CARDS ***
Dealt to Alameda22 [Qd 3c]
JonKelly4: folds 
chiroKami: folds 
wems: folds 
Vaporous: raises $1.50 to $2
lundis: folds 
jd185152: folds 
Alameda22: folds 
ezy-ezy777: folds 
Muehle69: folds 
Uncalled bet ($1.50) returned to Vaporous
Vaporous collected $1.25 from pot
Vaporous: doesn't show hand 
*** SUMMARY ***
Total pot $1.25 | Rake $0 
Seat 1: wems folded before Flop (didn't bet)
Seat 2: Vaporous collected ($1.25)
Seat 3: lundis folded before Flop (didn't bet)
Seat 4: jd185152 folded before Flop (didn't bet)
Seat 5: Alameda22 (button) folded before Flop (didn't bet)
Seat 6: ezy-ezy777 (small blind) folded before Flop
Seat 7: Muehle69 (big blind) folded before Flop
Seat 8: JonKelly4 folded before Flop (didn't bet)
Seat 9: chiroKami folded before Flop (didn't bet)



PokerStars Game #20142418661:  Hold'em No Limit ($0.25/$0.50) - 2008/09/04 13:54:43 ET
Table 'Chimay II' 9-max Seat #6 is the button
Seat 1: wems ($54 in chips) 
Seat 2: Vaporous ($65.60 in chips) 
Seat 3: lundis ($50.65 in chips) 
Seat 4: jd185152 ($24 in chips) 
Seat 5: Alameda22 ($48.50 in chips) 
Seat 6: ezy-ezy777 ($50 in chips) 
Seat 7: Muehle69 ($49.50 in chips) 
Seat 8: JonKelly4 ($74.35 in chips) 
Seat 9: chiroKami ($24 in chips) 
Muehle69: posts small blind $0.25
JonKelly4: posts big blind $0.50
*** HOLE CARDS ***
Dealt to Alameda22 [Jd Ks]
chiroKami: calls $0.50
wems: folds 
Vaporous: folds 
lundis: folds 
jd185152: folds 
Alameda22: folds 
ezy-ezy777: folds 
Muehle69: folds 
JonKelly4: checks 
*** FLOP *** [4c Qc 2c]
JonKelly4: checks 
chiroKami: bets $0.50
JonKelly4: folds 
Uncalled bet ($0.50) returned to chiroKami
chiroKami collected $1.20 from pot
chiroKami: doesn't show hand 
*** SUMMARY ***
Total pot $1.25 | Rake $0.05 
Board [4c Qc 2c]
Seat 1: wems folded before Flop (didn't bet)
Seat 2: Vaporous folded before Flop (didn't bet)
Seat 3: lundis folded before Flop (didn't bet)
Seat 4: jd185152 folded before Flop (didn't bet)
Seat 5: Alameda22 folded before Flop (didn't bet)
Seat 6: ezy-ezy777 (button) folded before Flop (didn't bet)
Seat 7: Muehle69 (small blind) folded before Flop
Seat 8: JonKelly4 (big blind) folded on the Flop
Seat 9: chiroKami collected ($1.20)



PokerStars Game #20142450033:  Hold'em No Limit ($0.25/$0.50) - 2008/09/04 13:56:06 ET
Table 'Chimay II' 9-max Seat #7 is the button
Seat 1: wems ($54 in chips) 
Seat 2: Vaporous ($65.60 in chips) 
Seat 3: lundis ($50.65 in chips) 
Seat 4: jd185152 ($44 in chips) 
Seat 5: Alameda22 ($48.50 in chips) 
Seat 6: ezy-ezy777 ($50 in chips) 
Seat 7: Muehle69 ($49.25 in chips) 
Seat 8: JonKelly4 ($73.85 in chips) 
Seat 9: chiroKami ($24.70 in chips) 
JonKelly4: posts small blind $0.25
chiroKami: posts big blind $0.50
*** HOLE CARDS ***
Dealt to Alameda22 [Qd 4d]
wems: folds 
Vaporous: folds 
lundis: folds 
jd185152: folds 
Alameda22: folds 
ezy-ezy777: raises $1.50 to $2
Muehle69: calls $2
JonKelly4: folds 
chiroKami: calls $1.50
*** FLOP *** [6h Qs Ks]
chiroKami: checks 
ezy-ezy777: checks 
Muehle69: checks 
*** TURN *** [6h Qs Ks] [5s]
chiroKami: checks 
ezy-ezy777: checks 
Muehle69: checks 
*** RIVER *** [6h Qs Ks 5s] [4s]
chiroKami: checks 
ezy-ezy777: checks 
Muehle69: checks 
*** SHOW DOWN ***
chiroKami: shows [2s 2c] (a flush, King high)
ezy-ezy777: mucks hand 
Muehle69: shows [7c 7s] (a flush, King high - Seven higher)
Muehle69 collected $5.95 from pot
*** SUMMARY ***
Total pot $6.25 | Rake $0.30 
Board [6h Qs Ks 5s 4s]
Seat 1: wems folded before Flop (didn't bet)
Seat 2: Vaporous folded before Flop (didn't bet)
Seat 3: lundis folded before Flop (didn't bet)
Seat 4: jd185152 folded before Flop (didn't bet)
Seat 5: Alameda22 folded before Flop (didn't bet)
Seat 6: ezy-ezy777 mucked [Tc Td]
Seat 7: Muehle69 (button) showed [7c 7s] and won ($5.95) with a flush, King high
Seat 8: JonKelly4 (small blind) folded before Flop
Seat 9: chiroKami (big blind) showed [2s 2c] and lost with a flush, King high



PokerStars Game #20142494835:  Hold'em No Limit ($0.25/$0.50) - 2008/09/04 13:57:59 ET
Table 'Chimay II' 9-max Seat #8 is the button
Seat 1: wems ($54 in chips) 
Seat 2: Vaporous ($65.60 in chips) 
Seat 3: lundis ($50.65 in chips) 
Seat 4: jd185152 ($44 in chips) 
Seat 5: Alameda22 ($48.50 in chips) 
Seat 6: ezy-ezy777 ($50 in chips) 
Seat 7: Muehle69 ($53.20 in chips) 
Seat 8: JonKelly4 ($73.60 in chips) 
Seat 9: chiroKami ($22.70 in chips) 
chiroKami: posts small blind $0.25
wems: posts big blind $0.50
*** HOLE CARDS ***
Dealt to Alameda22 [2d 2h]
Vaporous: folds 
lundis: folds 
jd185152: calls $0.50
Alameda22: folds 
ezy-ezy777: folds 
Muehle69: folds 
JonKelly4: calls $0.50
chiroKami: folds 
chiroKami is sitting out
wems: raises $2.50 to $3
jd185152: folds 
JonKelly4: folds 
Uncalled bet ($2.50) returned to wems
chiroKami leaves the table
wems collected $1.75 from pot
wems: doesn't show hand 
*** SUMMARY ***
Total pot $1.75 | Rake $0 
Seat 1: wems (big blind) collected ($1.75)
Seat 2: Vaporous folded before Flop (didn't bet)
Seat 3: lundis folded before Flop (didn't bet)
Seat 4: jd185152 folded before Flop
Seat 5: Alameda22 folded before Flop (didn't bet)
Seat 6: ezy-ezy777 folded before Flop (didn't bet)
Seat 7: Muehle69 folded before Flop (didn't bet)
Seat 8: JonKelly4 (button) folded before Flop
Seat 9: chiroKami (small blind) folded before Flop



PokerStars Game #20142512277:  Hold'em No Limit ($0.25/$0.50) - 2008/09/04 13:58:43 ET
Table 'Chimay II' 9-max Seat #1 is the button
Seat 1: wems ($55.25 in chips) 
Seat 2: Vaporous ($65.60 in chips) 
Seat 3: lundis ($50.65 in chips) 
Seat 4: jd185152 ($43.50 in chips) 
Seat 5: Alameda22 ($48.50 in chips) 
Seat 6: ezy-ezy777 ($50 in chips) 
Seat 7: Muehle69 ($53.20 in chips) 
Seat 8: JonKelly4 ($73.10 in chips) 
Vaporous: posts small blind $0.25
lundis: posts big blind $0.50
*** HOLE CARDS ***
Dealt to Alameda22 [4d 3d]
jd185152: calls $0.50
Alameda22: folds 
amor1 joins the table at seat #9 
ezy-ezy777: folds 
Muehle69: folds 
JonKelly4 has timed out
JonKelly4: folds 
JonKelly4 is sitting out
wems: raises $2 to $2.50
Vaporous: folds 
lundis: folds 
jd185152: folds 
Uncalled bet ($2) returned to wems
wems collected $1.75 from pot
wems: doesn't show hand 
*** SUMMARY ***
Total pot $1.75 | Rake $0 
Seat 1: wems (button) collected ($1.75)
Seat 2: Vaporous (small blind) folded before Flop
Seat 3: lundis (big blind) folded before Flop
Seat 4: jd185152 folded before Flop
Seat 5: Alameda22 folded before Flop (didn't bet)
Seat 6: ezy-ezy777 folded before Flop (didn't bet)
Seat 7: Muehle69 folded before Flop (didn't bet)
Seat 8: JonKelly4 folded before Flop (didn't bet)



PokerStars Game #20142545133:  Hold'em No Limit ($0.25/$0.50) - 2008/09/04 14:00:05 ET
Table 'Chimay II' 9-max Seat #2 is the button
Seat 1: wems ($56.50 in chips) 
Seat 2: Vaporous ($65.35 in chips) 
Seat 3: lundis ($50.15 in chips) 
Seat 4: jd185152 ($43 in chips) 
Seat 5: Alameda22 ($48.50 in chips) 
Seat 6: ezy-ezy777 ($50 in chips) 
Seat 7: Muehle69 ($53.20 in chips) 
Seat 9: amor1 ($50 in chips) 
lundis: posts small blind $0.25
jd185152: posts big blind $0.50
amor1: posts big blind $0.50
*** HOLE CARDS ***
Dealt to Alameda22 [Kh 6s]
JonKelly4 has returned
Alameda22: folds 
ezy-ezy777: raises $1.75 to $2.25
Muehle69: folds 
amor1: calls $1.75
wems: folds 
Vaporous: folds 
lundis: folds 
jd185152: folds 
*** FLOP *** [Th 9d Jc]
ezy-ezy777: bets $3.50
amor1: folds 
Uncalled bet ($3.50) returned to ezy-ezy777
ezy-ezy777 collected $5 from pot
ezy-ezy777: doesn't show hand 
*** SUMMARY ***
Total pot $5.25 | Rake $0.25 
Board [Th 9d Jc]
Seat 1: wems folded before Flop (didn't bet)
Seat 2: Vaporous (button) folded before Flop (didn't bet)
Seat 3: lundis (small blind) folded before Flop
Seat 4: jd185152 (big blind) folded before Flop
Seat 5: Alameda22 folded before Flop (didn't bet)
Seat 6: ezy-ezy777 collected ($5)
Seat 7: Muehle69 folded before Flop (didn't bet)
Seat 9: amor1 folded on the Flop



PokerStars Game #20142567202:  Hold'em No Limit ($0.25/$0.50) - 2008/09/04 14:01:00 ET
Table 'Chimay II' 9-max Seat #3 is the button
Seat 1: wems ($56.50 in chips) 
Seat 2: Vaporous ($65.35 in chips) 
Seat 3: lundis ($49.90 in chips) 
Seat 4: jd185152 ($42.50 in chips) 
Seat 5: Alameda22 ($48.50 in chips) 
Seat 6: ezy-ezy777 ($52.75 in chips) 
Seat 7: Muehle69 ($53.20 in chips) 
Seat 8: JonKelly4 ($73.10 in chips) 
Seat 9: amor1 ($47.75 in chips) 
jd185152: posts small blind $0.25
Alameda22: posts big blind $0.50
*** HOLE CARDS ***
Dealt to Alameda22 [2d 7s]
ezy-ezy777: folds 
Muehle69: folds 
JonKelly4: folds 
amor1: raises $1.50 to $2
wems: calls $2
Vaporous: folds 
lundis: folds 
jd185152: folds 
Alameda22: folds 
*** FLOP *** [3c 7c 4d]
amor1: bets $2.50
wems: folds 
Uncalled bet ($2.50) returned to amor1
amor1 collected $4.55 from pot
*** SUMMARY ***
Total pot $4.75 | Rake $0.20 
Board [3c 7c 4d]
Seat 1: wems folded on the Flop
Seat 2: Vaporous folded before Flop (didn't bet)
Seat 3: lundis (button) folded before Flop (didn't bet)
Seat 4: jd185152 (small blind) folded before Flop
Seat 5: Alameda22 (big blind) folded before Flop
Seat 6: ezy-ezy777 folded before Flop (didn't bet)
Seat 7: Muehle69 folded before Flop (didn't bet)
Seat 8: JonKelly4 folded before Flop (didn't bet)
Seat 9: amor1 collected ($4.55)



PokerStars Game #20142583839:  Hold'em No Limit ($0.25/$0.50) - 2008/09/04 14:01:41 ET
Table 'Chimay II' 9-max Seat #4 is the button
Seat 1: wems ($54.50 in chips) 
Seat 2: Vaporous ($65.35 in chips) 
Seat 3: lundis ($49.90 in chips) 
Seat 4: jd185152 ($42.25 in chips) 
Seat 5: Alameda22 ($48 in chips) 
Seat 6: ezy-ezy777 ($52.75 in chips) 
Seat 7: Muehle69 ($53.20 in chips) 
Seat 8: JonKelly4 ($73.10 in chips) 
Seat 9: amor1 ($50.30 in chips) 
Alameda22: posts small blind $0.25
ezy-ezy777: posts big blind $0.50
*** HOLE CARDS ***
Dealt to Alameda22 [7h Jc]
Muehle69: folds 
JonKelly4: raises $1 to $1.50
amor1: calls $1.50
wems: folds 
Vaporous: folds 
lundis: folds 
jd185152: folds 
Alameda22: folds 
ezy-ezy777: folds 
*** FLOP *** [Qc Kh 4h]
JonKelly4: checks 
amor1: bets $2.50
JonKelly4: folds 
Uncalled bet ($2.50) returned to amor1
amor1 collected $3.60 from pot
amor1: doesn't show hand 
*** SUMMARY ***
Total pot $3.75 | Rake $0.15 
Board [Qc Kh 4h]
Seat 1: wems folded before Flop (didn't bet)
Seat 2: Vaporous folded before Flop (didn't bet)
Seat 3: lundis folded before Flop (didn't bet)
Seat 4: jd185152 (button) folded before Flop (didn't bet)
Seat 5: Alameda22 (small blind) folded before Flop
Seat 6: ezy-ezy777 (big blind) folded before Flop
Seat 7: Muehle69 folded before Flop (didn't bet)
Seat 8: JonKelly4 folded on the Flop
Seat 9: amor1 collected ($3.60)



PokerStars Game #20142603868:  Hold'em No Limit ($0.25/$0.50) - 2008/09/04 14:02:30 ET
Table 'Chimay II' 9-max Seat #5 is the button
Seat 1: wems ($54.50 in chips) 
Seat 2: Vaporous ($65.35 in chips) 
Seat 3: lundis ($49.90 in chips) 
Seat 4: jd185152 ($42.25 in chips) 
Seat 5: Alameda22 ($47.75 in chips) 
Seat 6: ezy-ezy777 ($52.25 in chips) 
Seat 7: Muehle69 ($53.20 in chips) 
Seat 8: JonKelly4 ($71.60 in chips) 
Seat 9: amor1 ($52.40 in chips) 
ezy-ezy777: posts small blind $0.25
Muehle69: posts big blind $0.50
*** HOLE CARDS ***
Dealt to Alameda22 [Ah Jc]
JonKelly4: calls $0.50
amor1: folds 
wems: folds 
Vaporous: folds 
lundis: folds 
jd185152: folds 
Alameda22: calls $0.50
ezy-ezy777: folds 
Muehle69: checks 
*** FLOP *** [9h Js 9c]
Muehle69: checks 
JonKelly4: bets $2
Alameda22: calls $2
Muehle69: folds 
*** TURN *** [9h Js 9c] [2d]
JonKelly4: bets $5
Alameda22: calls $5
*** RIVER *** [9h Js 9c 2d] [9s]
JonKelly4: checks 
Alameda22: checks 
*** SHOW DOWN ***
JonKelly4: shows [5h Qh] (three of a kind, Nines)
Alameda22: shows [Ah Jc] (a full house, Nines full of Jacks)
Alameda22 collected $15 from pot
*** SUMMARY ***
Total pot $15.75 | Rake $0.75 
Board [9h Js 9c 2d 9s]
Seat 1: wems folded before Flop (didn't bet)
Seat 2: Vaporous folded before Flop (didn't bet)
Seat 3: lundis folded before Flop (didn't bet)
Seat 4: jd185152 folded before Flop (didn't bet)
Seat 5: Alameda22 (button) showed [Ah Jc] and won ($15) with a full house, Nines full of Jacks
Seat 6: ezy-ezy777 (small blind) folded before Flop
Seat 7: Muehle69 (big blind) folded on the Flop
Seat 8: JonKelly4 showed [5h Qh] and lost with three of a kind, Nines
Seat 9: amor1 folded before Flop (didn't bet)



PokerStars Game #20142647080:  Hold'em No Limit ($0.25/$0.50) - 2008/09/04 14:04:16 ET
Table 'Chimay II' 9-max Seat #6 is the button
Seat 1: wems ($54.50 in chips) 
Seat 2: Vaporous ($65.35 in chips) 
Seat 3: lundis ($49.90 in chips) 
Seat 4: jd185152 ($42.25 in chips) 
Seat 5: Alameda22 ($55.25 in chips) 
Seat 6: ezy-ezy777 ($52 in chips) 
Seat 7: Muehle69 ($52.70 in chips) 
Seat 8: JonKelly4 ($64.10 in chips) 
Seat 9: amor1 ($52.40 in chips) 
Muehle69: posts small blind $0.25
JonKelly4: posts big blind $0.50
*** HOLE CARDS ***
Dealt to Alameda22 [Qh 8h]
amor1: folds 
wems: folds 
Vaporous: folds 
lundis: folds 
jd185152: calls $0.50
Alameda22: folds 
ezy-ezy777: calls $0.50
Muehle69: folds 
JonKelly4: raises $0.50 to $1
jd185152: calls $0.50
ezy-ezy777: calls $0.50
*** FLOP *** [8c 7c 7h]
JonKelly4: checks 
jd185152: checks 
ezy-ezy777: checks 
*** TURN *** [8c 7c 7h] [5s]
JonKelly4: bets $1
jd185152: folds 
ezy-ezy777: calls $1
*** RIVER *** [8c 7c 7h 5s] [Th]
JonKelly4: checks 
ezy-ezy777: checks 
*** SHOW DOWN ***
JonKelly4: shows [Qc Ac] (a pair of Sevens)
ezy-ezy777: shows [8d Ah] (two pair, Eights and Sevens)
ezy-ezy777 collected $5 from pot
*** SUMMARY ***
Total pot $5.25 | Rake $0.25 
Board [8c 7c 7h 5s Th]
Seat 1: wems folded before Flop (didn't bet)
Seat 2: Vaporous folded before Flop (didn't bet)
Seat 3: lundis folded before Flop (didn't bet)
Seat 4: jd185152 folded on the Turn
Seat 5: Alameda22 folded before Flop (didn't bet)
Seat 6: ezy-ezy777 (button) showed [8d Ah] and won ($5) with two pair, Eights and Sevens
Seat 7: Muehle69 (small blind) folded before Flop
Seat 8: JonKelly4 (big blind) showed [Qc Ac] and lost with a pair of Sevens
Seat 9: amor1 folded before Flop (didn't bet)



PokerStars Game #20142677075:  Hold'em No Limit ($0.25/$0.50) - 2008/09/04 14:05:28 ET
Table 'Chimay II' 9-max Seat #7 is the button
Seat 1: wems ($54.50 in chips) 
Seat 2: Vaporous ($65.35 in chips) 
Seat 3: lundis ($49.90 in chips) 
Seat 4: jd185152 ($41.25 in chips) 
Seat 5: Alameda22 ($55.25 in chips) 
Seat 6: ezy-ezy777 ($55 in chips) 
Seat 7: Muehle69 ($52.45 in chips) 
Seat 8: JonKelly4 ($62.10 in chips) 
Seat 9: amor1 ($52.40 in chips) 
JonKelly4: posts small blind $0.25
amor1: posts big blind $0.50
*** HOLE CARDS ***
Dealt to Alameda22 [4s 8h]
wems: folds 
Vaporous: raises $1.50 to $2
lundis: folds 
jd185152: folds 
Alameda22: folds 
ezy-ezy777: folds 
Muehle69: folds 
JonKelly4: folds 
amor1: folds 
Uncalled bet ($1.50) returned to Vaporous
Vaporous collected $1.25 from pot
Vaporous: doesn't show hand 
*** SUMMARY ***
Total pot $1.25 | Rake $0 
Seat 1: wems folded before Flop (didn't bet)
Seat 2: Vaporous collected ($1.25)
Seat 3: lundis folded before Flop (didn't bet)
Seat 4: jd185152 folded before Flop (didn't bet)
Seat 5: Alameda22 folded before Flop (didn't bet)
Seat 6: ezy-ezy777 folded before Flop (didn't bet)
Seat 7: Muehle69 (button) folded before Flop (didn't bet)
Seat 8: JonKelly4 (small blind) folded before Flop
Seat 9: amor1 (big blind) folded before Flop



PokerStars Game #20142692554:  Hold'em No Limit ($0.25/$0.50) - 2008/09/04 14:06:06 ET
Table 'Chimay II' 9-max Seat #8 is the button
Seat 1: wems ($54.50 in chips) 
Seat 2: Vaporous ($66.10 in chips) 
Seat 3: lundis ($49.90 in chips) 
Seat 4: jd185152 ($41.25 in chips) 
Seat 5: Alameda22 ($55.25 in chips) 
Seat 6: ezy-ezy777 ($55 in chips) 
Seat 7: Muehle69 ($52.45 in chips) 
Seat 8: JonKelly4 ($61.85 in chips) 
Seat 9: amor1 ($51.90 in chips) 
amor1: posts small blind $0.25
wems: posts big blind $0.50
*** HOLE CARDS ***
Dealt to Alameda22 [5c 4s]
Vaporous: folds 
lundis: folds 
jd185152: folds 
Alameda22: folds 
ezy-ezy777: folds 
Muehle69: folds 
JonKelly4: raises $0.50 to $1
amor1: folds 
wems: folds 
Uncalled bet ($0.50) returned to JonKelly4
JonKelly4 collected $1.25 from pot
JonKelly4: doesn't show hand 
*** SUMMARY ***
Total pot $1.25 | Rake $0 
Seat 1: wems (big blind) folded before Flop
Seat 2: Vaporous folded before Flop (didn't bet)
Seat 3: lundis folded before Flop (didn't bet)
Seat 4: jd185152 folded before Flop (didn't bet)
Seat 5: Alameda22 folded before Flop (didn't bet)
Seat 6: ezy-ezy777 folded before Flop (didn't bet)
Seat 7: Muehle69 folded before Flop (didn't bet)
Seat 8: JonKelly4 (button) collected ($1.25)
Seat 9: amor1 (small blind) folded before Flop



PokerStars Game #20142707310:  Hold'em No Limit ($0.25/$0.50) - 2008/09/04 14:06:41 ET
Table 'Chimay II' 9-max Seat #9 is the button
Seat 1: wems ($54 in chips) 
Seat 2: Vaporous ($66.10 in chips) 
Seat 3: lundis ($49.90 in chips) 
Seat 4: jd185152 ($41.25 in chips) 
Seat 5: Alameda22 ($55.25 in chips) 
Seat 6: ezy-ezy777 ($55 in chips) 
Seat 7: Muehle69 ($52.45 in chips) 
Seat 8: JonKelly4 ($62.60 in chips) 
Seat 9: amor1 ($51.65 in chips) 
wems: posts small blind $0.25
Vaporous: posts big blind $0.50
*** HOLE CARDS ***
Dealt to Alameda22 [Qd 3d]
lundis: folds 
jd185152: calls $0.50
Alameda22: folds 
ezy-ezy777: folds 
Muehle69: folds 
JonKelly4: folds 
lundis leaves the table
amor1: folds 
wems: folds 
Vaporous: checks 
*** FLOP *** [5s Qh 6d]
Vaporous: checks 
jd185152: checks 
*** TURN *** [5s Qh 6d] [6s]
Vaporous: checks 
jd185152: checks 
*** RIVER *** [5s Qh 6d 6s] [6h]
Vaporous: bets $1
jd185152: calls $1
*** SHOW DOWN ***
Vaporous: shows [Ah 9c] (three of a kind, Sixes)
jd185152: shows [Tc Ts] (a full house, Sixes full of Tens)
jd185152 collected $3.10 from pot
*** SUMMARY ***
Total pot $3.25 | Rake $0.15 
Board [5s Qh 6d 6s 6h]
Seat 1: wems (small blind) folded before Flop
Seat 2: Vaporous (big blind) showed [Ah 9c] and lost with three of a kind, Sixes
Seat 3: lundis folded before Flop (didn't bet)
Seat 4: jd185152 showed [Tc Ts] and won ($3.10) with a full house, Sixes full of Tens
Seat 5: Alameda22 folded before Flop (didn't bet)
Seat 6: ezy-ezy777 folded before Flop (didn't bet)
Seat 7: Muehle69 folded before Flop (didn't bet)
Seat 8: JonKelly4 folded before Flop (didn't bet)
Seat 9: amor1 (button) folded before Flop (didn't bet)



PokerStars Game #20142729110:  Hold'em No Limit ($0.25/$0.50) - 2008/09/04 14:07:34 ET
Table 'Chimay II' 9-max Seat #1 is the button
Seat 1: wems ($53.75 in chips) 
Seat 2: Vaporous ($64.60 in chips) 
Seat 4: jd185152 ($42.85 in chips) 
Seat 5: Alameda22 ($55.25 in chips) 
Seat 6: ezy-ezy777 ($55 in chips) 
Seat 7: Muehle69 ($52.45 in chips) 
Seat 8: JonKelly4 ($62.60 in chips) 
Seat 9: amor1 ($51.65 in chips) 
Vaporous: posts small blind $0.25
jd185152: posts big blind $0.50
*** HOLE CARDS ***
Dealt to Alameda22 [Ad 7c]
Alameda22: folds 
ezy-ezy777: folds 
Muehle69: folds 
JonKelly4: folds 
amor1: raises $1 to $1.50
wems: folds 
Vaporous: calls $1.25
jd185152: folds 
*** FLOP *** [Tc 5s 6s]
Vaporous: checks 
Sydney24001 joins the table at seat #3 
amor1: bets $2
Vaporous: raises $4.50 to $6.50
amor1: folds 
Uncalled bet ($4.50) returned to Vaporous
Vaporous collected $7.15 from pot
Vaporous: doesn't show hand 
*** SUMMARY ***
Total pot $7.50 | Rake $0.35 
Board [Tc 5s 6s]
Seat 1: wems (button) folded before Flop (didn't bet)
Seat 2: Vaporous (small blind) collected ($7.15)
Seat 4: jd185152 (big blind) folded before Flop
Seat 5: Alameda22 folded before Flop (didn't bet)
Seat 6: ezy-ezy777 folded before Flop (didn't bet)
Seat 7: Muehle69 folded before Flop (didn't bet)
Seat 8: JonKelly4 folded before Flop (didn't bet)
Seat 9: amor1 folded on the Flop



PokerStars Game #20142752462:  Hold'em No Limit ($0.25/$0.50) - 2008/09/04 14:08:31 ET
Table 'Chimay II' 9-max Seat #2 is the button
Seat 1: wems ($53.75 in chips) 
Seat 2: Vaporous ($68.25 in chips) 
Seat 4: jd185152 ($42.35 in chips) 
Seat 5: Alameda22 ($55.25 in chips) 
Seat 6: ezy-ezy777 ($55 in chips) 
Seat 7: Muehle69 ($52.45 in chips) 
Seat 8: JonKelly4 ($62.60 in chips) 
Seat 9: amor1 ($48.15 in chips) 
Sydney24001 will be allowed to play after the button
jd185152: posts small blind $0.25
Alameda22: posts big blind $0.50
*** HOLE CARDS ***
Dealt to Alameda22 [Ts Qc]
ezy-ezy777: folds 
Muehle69: folds 
JonKelly4: folds 
amor1: raises $1 to $1.50
wems: calls $1.50
Vaporous: folds 
Vaporous is connected 
jd185152: calls $1.25
Alameda22: folds 
*** FLOP *** [3d 6s 6d]
jd185152: checks 
amor1: checks 
wems: checks 
*** TURN *** [3d 6s 6d] [Js]
jd185152: checks 
amor1: bets $2
wems: folds 
jd185152: folds 
Uncalled bet ($2) returned to amor1
amor1 collected $4.75 from pot
amor1: doesn't show hand 
*** SUMMARY ***
Total pot $5 | Rake $0.25 
Board [3d 6s 6d Js]
Seat 1: wems folded on the Turn
Seat 2: Vaporous (button) folded before Flop (didn't bet)
Seat 4: jd185152 (small blind) folded on the Turn
Seat 5: Alameda22 (big blind) folded before Flop
Seat 6: ezy-ezy777 folded before Flop (didn't bet)
Seat 7: Muehle69 folded before Flop (didn't bet)
Seat 8: JonKelly4 folded before Flop (didn't bet)
Seat 9: amor1 collected ($4.75)



PokerStars Game #20142784092:  Hold'em No Limit ($0.25/$0.50) - 2008/09/04 14:09:46 ET
Table 'Chimay II' 9-max Seat #4 is the button
Seat 1: wems ($52.25 in chips) 
Seat 2: Vaporous ($68.25 in chips) 
Seat 3: Sydney24001 ($35.50 in chips) 
Seat 4: jd185152 ($40.85 in chips) 
Seat 5: Alameda22 ($54.75 in chips) 
Seat 6: ezy-ezy777 ($55 in chips) 
Seat 7: Muehle69 ($52.45 in chips) 
Seat 8: JonKelly4 ($62.60 in chips) 
Seat 9: amor1 ($51.40 in chips) 
Alameda22: posts small blind $0.25
ezy-ezy777: posts big blind $0.50
Sydney24001: posts big blind $0.50
*** HOLE CARDS ***
Dealt to Alameda22 [Kc 2h]
Muehle69: folds 
JonKelly4: folds 
amor1: calls $0.50
wems: folds 
Vaporous: folds 
Sydney24001: checks 
jd185152: calls $0.50
Alameda22: folds 
ezy-ezy777: checks 
*** FLOP *** [4h 6h Ad]
ezy-ezy777: checks 
amor1: checks 
Sydney24001: checks 
jd185152: checks 
*** TURN *** [4h 6h Ad] [2s]
ezy-ezy777: checks 
amor1: checks 
Sydney24001: bets $1.50
jd185152: folds 
ezy-ezy777: raises $4.50 to $6
amor1: folds 
Sydney24001: calls $4.50
*** RIVER *** [4h 6h Ad 2s] [7c]
ezy-ezy777: bets $7
Sydney24001: calls $7
*** SHOW DOWN ***
ezy-ezy777: shows [5h 3c] (a straight, Three to Seven)
Sydney24001: shows [2d 6s] (two pair, Sixes and Deuces)
ezy-ezy777 collected $26.90 from pot
*** SUMMARY ***
Total pot $28.25 | Rake $1.35 
Board [4h 6h Ad 2s 7c]
Seat 1: wems folded before Flop (didn't bet)
Seat 2: Vaporous folded before Flop (didn't bet)
Seat 3: Sydney24001 showed [2d 6s] and lost with two pair, Sixes and Deuces
Seat 4: jd185152 (button) folded on the Turn
Seat 5: Alameda22 (small blind) folded before Flop
Seat 6: ezy-ezy777 (big blind) showed [5h 3c] and won ($26.90) with a straight, Three to Seven
Seat 7: Muehle69 folded before Flop (didn't bet)
Seat 8: JonKelly4 folded before Flop (didn't bet)
Seat 9: amor1 folded on the Turn



PokerStars Game #20142845085:  Hold'em No Limit ($0.25/$0.50) - 2008/09/04 14:12:11 ET
Table 'Chimay II' 9-max Seat #5 is the button
Seat 1: wems ($52.25 in chips) 
Seat 2: Vaporous ($68.25 in chips) 
Seat 3: Sydney24001 ($22 in chips) 
Seat 4: jd185152 ($40.35 in chips) 
Seat 5: Alameda22 ($54.50 in chips) 
Seat 6: ezy-ezy777 ($68.40 in chips) 
Seat 7: Muehle69 ($52.45 in chips) 
Seat 8: JonKelly4 ($62.60 in chips) 
Seat 9: amor1 ($50.90 in chips) 
ezy-ezy777: posts small blind $0.25
Muehle69: posts big blind $0.50
*** HOLE CARDS ***
Dealt to Alameda22 [Kc 4d]
JonKelly4: calls $0.50
amor1: folds 
wems: folds 
Vaporous: folds 
Sydney24001: calls $0.50
jd185152: folds 
Alameda22: folds 
ezy-ezy777: calls $0.25
Muehle69: checks 
*** FLOP *** [Td 4s 5h]
ezy-ezy777: checks 
Muehle69: checks 
JonKelly4: bets $1.50
Sydney24001: folds 
ezy-ezy777: folds 
Muehle69: calls $1.50
*** TURN *** [Td 4s 5h] [4c]
Muehle69: bets $2.50
JonKelly4: calls $2.50
*** RIVER *** [Td 4s 5h 4c] [5d]
Muehle69: checks 
JonKelly4: bets $8
Muehle69: folds 
Uncalled bet ($8) returned to JonKelly4
JonKelly4 collected $9.55 from pot
JonKelly4: doesn't show hand 
*** SUMMARY ***
Total pot $10 | Rake $0.45 
Board [Td 4s 5h 4c 5d]
Seat 1: wems folded before Flop (didn't bet)
Seat 2: Vaporous folded before Flop (didn't bet)
Seat 3: Sydney24001 folded on the Flop
Seat 4: jd185152 folded before Flop (didn't bet)
Seat 5: Alameda22 (button) folded before Flop (didn't bet)
Seat 6: ezy-ezy777 (small blind) folded on the Flop
Seat 7: Muehle69 (big blind) folded on the River
Seat 8: JonKelly4 collected ($9.55)
Seat 9: amor1 folded before Flop (didn't bet)



PokerStars Game #20142891428:  Hold'em No Limit ($0.25/$0.50) - 2008/09/04 14:14:03 ET
Table 'Chimay II' 9-max Seat #6 is the button
Seat 1: wems ($52.25 in chips) 
Seat 2: Vaporous ($68.25 in chips) 
Seat 3: Sydney24001 ($21.50 in chips) 
Seat 4: jd185152 ($40.35 in chips) 
Seat 5: Alameda22 ($54.50 in chips) 
Seat 6: ezy-ezy777 ($67.90 in chips) 
Seat 7: Muehle69 ($47.95 in chips) 
Seat 8: JonKelly4 ($67.65 in chips) 
Seat 9: amor1 ($50.90 in chips) 
Muehle69: posts small blind $0.25
JonKelly4: posts big blind $0.50
*** HOLE CARDS ***
Dealt to Alameda22 [8d 3d]
amor1: folds 
wems has timed out
wems: folds 
wems is sitting out
Vaporous: folds 
Sydney24001: folds 
jd185152: folds 
Alameda22: folds 
ezy-ezy777: folds 
ezy-ezy777 is sitting out
Muehle69: folds 
Uncalled bet ($0.25) returned to JonKelly4
JonKelly4 collected $0.50 from pot
JonKelly4: doesn't show hand 
*** SUMMARY ***
Total pot $0.50 | Rake $0 
Seat 1: wems folded before Flop (didn't bet)
Seat 2: Vaporous folded before Flop (didn't bet)
Seat 3: Sydney24001 folded before Flop (didn't bet)
Seat 4: jd185152 folded before Flop (didn't bet)
Seat 5: Alameda22 folded before Flop (didn't bet)
Seat 6: ezy-ezy777 (button) folded before Flop (didn't bet)
Seat 7: Muehle69 (small blind) folded before Flop
Seat 8: JonKelly4 (big blind) collected ($0.50)
Seat 9: amor1 folded before Flop (didn't bet)



PokerStars Game #20142917260:  Hold'em No Limit ($0.25/$0.50) - 2008/09/04 14:15:04 ET
Table 'Chimay II' 9-max Seat #7 is the button
Seat 2: Vaporous ($68.25 in chips) 
Seat 3: Sydney24001 ($21.50 in chips) 
Seat 4: jd185152 ($40.35 in chips) 
Seat 5: Alameda22 ($54.50 in chips) 
Seat 7: Muehle69 ($47.70 in chips) 
Seat 8: JonKelly4 ($67.90 in chips) 
Seat 9: amor1 ($50.90 in chips) 
JonKelly4: posts small blind $0.25
amor1: posts big blind $0.50
*** HOLE CARDS ***
Dealt to Alameda22 [8h Tc]
Vaporous: folds 
Sydney24001: calls $0.50
jd185152: folds 
Alameda22: folds 
Muehle69: folds 
JonKelly4: calls $0.25
amor1: checks 
*** FLOP *** [3s Ks 4c]
JonKelly4: bets $1
amor1: calls $1
Sydney24001: folds 
*** TURN *** [3s Ks 4c] [Ac]
JonKelly4: bets $1
amor1: folds 
Uncalled bet ($1) returned to JonKelly4
JonKelly4 collected $3.35 from pot
JonKelly4: doesn't show hand 
*** SUMMARY ***
Total pot $3.50 | Rake $0.15 
Board [3s Ks 4c Ac]
Seat 2: Vaporous folded before Flop (didn't bet)
Seat 3: Sydney24001 folded on the Flop
Seat 4: jd185152 folded before Flop (didn't bet)
Seat 5: Alameda22 folded before Flop (didn't bet)
Seat 7: Muehle69 (button) folded before Flop (didn't bet)
Seat 8: JonKelly4 (small blind) collected ($3.35)
Seat 9: amor1 (big blind) folded on the Turn



PokerStars Game #20142942626:  Hold'em No Limit ($0.25/$0.50) - 2008/09/04 14:16:05 ET
Table 'Chimay II' 9-max Seat #8 is the button
Seat 2: Vaporous ($68.25 in chips) 
Seat 3: Sydney24001 ($21 in chips) 
Seat 4: jd185152 ($40.35 in chips) 
Seat 5: Alameda22 ($54.50 in chips) 
Seat 7: Muehle69 ($50 in chips) 
Seat 8: JonKelly4 ($69.75 in chips) 
Seat 9: amor1 ($49.40 in chips) 
amor1: posts small blind $0.25
Vaporous: posts big blind $0.50
*** HOLE CARDS ***
Dealt to Alameda22 [Jh Qc]
Sydney24001: calls $0.50
jd185152: folds 
Alameda22: folds 
Muehle69: folds 
JonKelly4: folds 
amor1: raises $1.50 to $2
Vaporous: folds 
Sydney24001: folds 
Uncalled bet ($1.50) returned to amor1
amor1 collected $1.50 from pot
amor1: doesn't show hand 
*** SUMMARY ***
Total pot $1.50 | Rake $0 
Seat 2: Vaporous (big blind) folded before Flop
Seat 3: Sydney24001 folded before Flop
Seat 4: jd185152 folded before Flop (didn't bet)
Seat 5: Alameda22 folded before Flop (didn't bet)
Seat 7: Muehle69 folded before Flop (didn't bet)
Seat 8: JonKelly4 (button) folded before Flop (didn't bet)
Seat 9: amor1 (small blind) collected ($1.50)



PokerStars Game #20142958727:  Hold'em No Limit ($0.25/$0.50) - 2008/09/04 14:16:44 ET
Table 'Chimay II' 9-max Seat #9 is the button
Seat 2: Vaporous ($67.75 in chips) 
Seat 3: Sydney24001 ($20.50 in chips) 
Seat 4: jd185152 ($40.35 in chips) 
Seat 5: Alameda22 ($54.50 in chips) 
Seat 7: Muehle69 ($50 in chips) 
Seat 8: JonKelly4 ($69.75 in chips) 
Seat 9: amor1 ($50.40 in chips) 
Vaporous: posts small blind $0.25
Sydney24001: posts big blind $0.50
*** HOLE CARDS ***
Dealt to Alameda22 [2s 7h]
jd185152: calls $0.50
Alameda22: folds 
Muehle69: folds 
JonKelly4: calls $0.50
amor1: folds 
Vaporous: calls $0.25
Sydney24001: checks 
*** FLOP *** [Qc 6d 4d]
Vaporous: bets $1
Sydney24001: folds 
Sydney24001 is sitting out
Sydney24001 leaves the table
jd185152: calls $1
JonKelly4: folds 
*** TURN *** [Qc 6d 4d] [Jc]
günter54 joins the table at seat #3 
Vaporous: bets $2.50
jd185152: calls $2.50
*** RIVER *** [Qc 6d 4d Jc] [7d]
Vaporous: checks 
jd185152: checks 
*** SHOW DOWN ***
Vaporous: shows [4s Qs] (two pair, Queens and Fours)
jd185152: mucks hand 
Vaporous collected $8.60 from pot
*** SUMMARY ***
Total pot $9 | Rake $0.40 
Board [Qc 6d 4d Jc 7d]
Seat 2: Vaporous (small blind) showed [4s Qs] and won ($8.60) with two pair, Queens and Fours
Seat 3: Sydney24001 (big blind) folded on the Flop
Seat 4: jd185152 mucked [Kc Ah]
Seat 5: Alameda22 folded before Flop (didn't bet)
Seat 7: Muehle69 folded before Flop (didn't bet)
Seat 8: JonKelly4 folded on the Flop
Seat 9: amor1 (button) folded before Flop (didn't bet)



PokerStars Game #20142992602:  Hold'em No Limit ($0.25/$0.50) - 2008/09/04 14:18:06 ET
Table 'Chimay II' 9-max Seat #2 is the button
Seat 2: Vaporous ($72.35 in chips) 
Seat 4: jd185152 ($36.35 in chips) 
Seat 5: Alameda22 ($54.50 in chips) 
Seat 7: Muehle69 ($50 in chips) 
Seat 8: JonKelly4 ($69.25 in chips) 
Seat 9: amor1 ($50.40 in chips) 
günter54 will be allowed to play after the button
jd185152: posts small blind $0.25
Alameda22: posts big blind $0.50
*** HOLE CARDS ***
Dealt to Alameda22 [6h Jc]
Muehle69: folds 
JonKelly4: folds 
amor1: calls $0.50
Vaporous: folds 
jd185152: folds 
Alameda22: checks 
*** FLOP *** [3d 7d Qd]
Alameda22: checks 
amor1: bets $1.50
Alameda22: folds 
Uncalled bet ($1.50) returned to amor1
amor1 collected $1.20 from pot
amor1: doesn't show hand 
*** SUMMARY ***
Total pot $1.25 | Rake $0.05 
Board [3d 7d Qd]
Seat 2: Vaporous (button) folded before Flop (didn't bet)
Seat 4: jd185152 (small blind) folded before Flop
Seat 5: Alameda22 (big blind) folded on the Flop
Seat 7: Muehle69 folded before Flop (didn't bet)
Seat 8: JonKelly4 folded before Flop (didn't bet)
Seat 9: amor1 collected ($1.20)



PokerStars Game #20143008378:  Hold'em No Limit ($0.25/$0.50) - 2008/09/04 14:18:44 ET
Table 'Chimay II' 9-max Seat #4 is the button
Seat 2: Vaporous ($72.35 in chips) 
Seat 3: günter54 ($25 in chips) 
Seat 4: jd185152 ($36.10 in chips) 
Seat 5: Alameda22 ($54 in chips) 
Seat 7: Muehle69 ($50 in chips) 
Seat 8: JonKelly4 ($69.25 in chips) 
Seat 9: amor1 ($51.10 in chips) 
Alameda22: posts small blind $0.25
Muehle69: posts big blind $0.50
günter54: posts big blind $0.50
*** HOLE CARDS ***
Dealt to Alameda22 [6c Qs]
JonKelly4 has timed out
JonKelly4: folds 
JonKelly4 is sitting out
amor1: calls $0.50
JonKelly4 has returned
Vaporous: folds 
günter54: checks 
jd185152: folds 
Alameda22: folds 
Muehle69: checks 
*** FLOP *** [Ac 3s Jd]
Muehle69: bets $1.25
amor1: folds 
günter54: folds 
Uncalled bet ($1.25) returned to Muehle69
Muehle69 collected $1.70 from pot
Muehle69: doesn't show hand 
*** SUMMARY ***
Total pot $1.75 | Rake $0.05 
Board [Ac 3s Jd]
Seat 2: Vaporous folded before Flop (didn't bet)
Seat 3: günter54 folded on the Flop
Seat 4: jd185152 (button) folded before Flop (didn't bet)
Seat 5: Alameda22 (small blind) folded before Flop
Seat 7: Muehle69 (big blind) collected ($1.70)
Seat 8: JonKelly4 folded before Flop (didn't bet)
Seat 9: amor1 folded on the Flop



PokerStars Game #20143049215:  Hold'em No Limit ($0.25/$0.50) - 2008/09/04 14:20:23 ET
Table 'Chimay II' 9-max Seat #5 is the button
Seat 2: Vaporous ($72.35 in chips) 
Seat 3: günter54 ($24.50 in chips) 
Seat 4: jd185152 ($36.10 in chips) 
Seat 5: Alameda22 ($53.75 in chips) 
Seat 7: Muehle69 ($51.20 in chips) 
Seat 8: JonKelly4 ($69.25 in chips) 
Seat 9: amor1 ($50.60 in chips) 
Muehle69: posts small blind $0.25
JonKelly4: posts big blind $0.50
*** HOLE CARDS ***
Dealt to Alameda22 [Qd 9d]
amor1: folds 
Vaporous: folds 
günter54: calls $0.50
jd185152: folds 
Alameda22: folds 
Muehle69: folds 
JonKelly4: checks 
*** FLOP *** [Tc 6d As]
JonKelly4: checks 
günter54: bets $1.50
JonKelly4: folds 
Uncalled bet ($1.50) returned to günter54
günter54 collected $1.20 from pot
*** SUMMARY ***
Total pot $1.25 | Rake $0.05 
Board [Tc 6d As]
Seat 2: Vaporous folded before Flop (didn't bet)
Seat 3: günter54 collected ($1.20)
Seat 4: jd185152 folded before Flop (didn't bet)
Seat 5: Alameda22 (button) folded before Flop (didn't bet)
Seat 7: Muehle69 (small blind) folded before Flop
Seat 8: JonKelly4 (big blind) folded on the Flop
Seat 9: amor1 folded before Flop (didn't bet)



PokerStars Game #20143072355:  Hold'em No Limit ($0.25/$0.50) - 2008/09/04 14:21:17 ET
Table 'Chimay II' 9-max Seat #7 is the button
Seat 2: Vaporous ($72.35 in chips) 
Seat 3: günter54 ($25.20 in chips) 
Seat 4: jd185152 ($36.10 in chips) 
Seat 5: Alameda22 ($53.75 in chips) 
Seat 7: Muehle69 ($50.95 in chips) 
Seat 8: JonKelly4 ($68.75 in chips) 
Seat 9: amor1 ($50.60 in chips) 
JonKelly4: posts small blind $0.25
amor1: posts big blind $0.50
*** HOLE CARDS ***
Dealt to Alameda22 [Ah 7h]
Vaporous: folds 
günter54: calls $0.50
jd185152: folds 
Alameda22: folds 
Muehle69: folds 
JonKelly4: calls $0.25
amor1: checks 
*** FLOP *** [2s As 3c]
JonKelly4: checks 
amor1: checks 
günter54: checks 
*** TURN *** [2s As 3c] [3h]
JonKelly4: checks 
amor1: checks 
günter54: bets $1
JonKelly4: calls $1
amor1: folds 
*** RIVER *** [2s As 3c 3h] [4s]
JonKelly4: checks 
günter54: checks 
*** SHOW DOWN ***
JonKelly4: shows [2c 8c] (two pair, Threes and Deuces)
günter54: mucks hand 
JonKelly4 collected $3.35 from pot
*** SUMMARY ***
Total pot $3.50 | Rake $0.15 
Board [2s As 3c 3h 4s]
Seat 2: Vaporous folded before Flop (didn't bet)
Seat 3: günter54 mucked [Tc 9d]
Seat 4: jd185152 folded before Flop (didn't bet)
Seat 5: Alameda22 folded before Flop (didn't bet)
Seat 7: Muehle69 (button) folded before Flop (didn't bet)
Seat 8: JonKelly4 (small blind) showed [2c 8c] and won ($3.35) with two pair, Threes and Deuces
Seat 9: amor1 (big blind) folded on the Turn



PokerStars Game #20143107371:  Hold'em No Limit ($0.25/$0.50) - 2008/09/04 14:22:40 ET
Table 'Chimay II' 9-max Seat #8 is the button
Seat 2: Vaporous ($72.35 in chips) 
Seat 3: günter54 ($23.70 in chips) 
Seat 4: jd185152 ($36.10 in chips) 
Seat 5: Alameda22 ($53.75 in chips) 
Seat 7: Muehle69 ($50.95 in chips) 
Seat 8: JonKelly4 ($70.60 in chips) 
Seat 9: amor1 ($50.10 in chips) 
amor1: posts small blind $0.25
Vaporous: posts big blind $0.50
*** HOLE CARDS ***
Dealt to Alameda22 [6s Jd]
günter54: calls $0.50
jd185152: folds 
Alameda22: folds 
Muehle69: folds 
JonKelly4: folds 
amor1: calls $0.25
Vaporous: checks 
*** FLOP *** [Kd 3c 3h]
amor1: checks 
Vaporous: bets $1
günter54: folds 
amor1: folds 
Uncalled bet ($1) returned to Vaporous
Vaporous collected $1.45 from pot
Vaporous: doesn't show hand 
*** SUMMARY ***
Total pot $1.50 | Rake $0.05 
Board [Kd 3c 3h]
Seat 2: Vaporous (big blind) collected ($1.45)
Seat 3: günter54 folded on the Flop
Seat 4: jd185152 folded before Flop (didn't bet)
Seat 5: Alameda22 folded before Flop (didn't bet)
Seat 7: Muehle69 folded before Flop (didn't bet)
Seat 8: JonKelly4 (button) folded before Flop (didn't bet)
Seat 9: amor1 (small blind) folded on the Flop



PokerStars Game #20143120926:  Hold'em No Limit ($0.25/$0.50) - 2008/09/04 14:23:13 ET
Table 'Chimay II' 9-max Seat #9 is the button
Seat 2: Vaporous ($73.30 in chips) 
Seat 3: günter54 ($23.20 in chips) 
Seat 4: jd185152 ($36.10 in chips) 
Seat 5: Alameda22 ($53.75 in chips) 
Seat 7: Muehle69 ($50.95 in chips) 
Seat 8: JonKelly4 ($70.60 in chips) 
Seat 9: amor1 ($49.60 in chips) 
Vaporous: posts small blind $0.25
günter54: posts big blind $0.50
*** HOLE CARDS ***
Dealt to Alameda22 [Qh 8s]
jd185152: folds 
Alameda22: folds 
Muehle69: folds 
JonKelly4: folds 
amor1: raises $1.50 to $2
Vaporous: folds 
günter54: calls $1.50
*** FLOP *** [3c 9c 8d]
günter54: bets $1
amor1: calls $1
*** TURN *** [3c 9c 8d] [7h]
günter54: bets $2
amor1: raises $2 to $4
günter54: folds 
Uncalled bet ($2) returned to amor1
amor1 collected $9.80 from pot
amor1: doesn't show hand 
*** SUMMARY ***
Total pot $10.25 | Rake $0.45 
Board [3c 9c 8d 7h]
Seat 2: Vaporous (small blind) folded before Flop
Seat 3: günter54 (big blind) folded on the Turn
Seat 4: jd185152 folded before Flop (didn't bet)
Seat 5: Alameda22 folded before Flop (didn't bet)
Seat 7: Muehle69 folded before Flop (didn't bet)
Seat 8: JonKelly4 folded before Flop (didn't bet)
Seat 9: amor1 (button) collected ($9.80)



PokerStars Game #20143149851:  Hold'em No Limit ($0.25/$0.50) - 2008/09/04 14:24:22 ET
Table 'Chimay II' 9-max Seat #2 is the button
Seat 2: Vaporous ($73.05 in chips) 
Seat 3: günter54 ($18.20 in chips) 
Seat 4: jd185152 ($36.10 in chips) 
Seat 5: Alameda22 ($53.75 in chips) 
Seat 7: Muehle69 ($50.95 in chips) 
Seat 8: JonKelly4 ($70.60 in chips) 
Seat 9: amor1 ($54.40 in chips) 
günter54: posts small blind $0.25
jd185152: posts big blind $0.50
*** HOLE CARDS ***
Dealt to Alameda22 [Jd 5s]
Alameda22: folds 
Muehle69: raises $1 to $1.50
JonKelly4: folds 
amor1: folds 
Vaporous: folds 
günter54: folds 
jd185152: folds 
Uncalled bet ($1) returned to Muehle69
Muehle69 collected $1.25 from pot
Muehle69: doesn't show hand 
*** SUMMARY ***
Total pot $1.25 | Rake $0 
Seat 2: Vaporous (button) folded before Flop (didn't bet)
Seat 3: günter54 (small blind) folded before Flop
Seat 4: jd185152 (big blind) folded before Flop
Seat 5: Alameda22 folded before Flop (didn't bet)
Seat 7: Muehle69 collected ($1.25)
Seat 8: JonKelly4 folded before Flop (didn't bet)
Seat 9: amor1 folded before Flop (didn't bet)



PokerStars Game #20143160038:  Hold'em No Limit ($0.25/$0.50) - 2008/09/04 14:24:46 ET
Table 'Chimay II' 9-max Seat #3 is the button
Seat 2: Vaporous ($73.05 in chips) 
Seat 3: günter54 ($17.95 in chips) 
Seat 4: jd185152 ($35.60 in chips) 
Seat 5: Alameda22 ($53.75 in chips) 
Seat 7: Muehle69 ($51.70 in chips) 
Seat 8: JonKelly4 ($70.60 in chips) 
Seat 9: amor1 ($54.40 in chips) 
jd185152: posts small blind $0.25
Alameda22: posts big blind $0.50
*** HOLE CARDS ***
Dealt to Alameda22 [As 8h]
Muehle69: folds 
JonKelly4: raises $1.50 to $2
amor1: folds 
Vaporous: folds 
günter54: folds 
jd185152: folds 
Alameda22: folds 
Uncalled bet ($1.50) returned to JonKelly4
JonKelly4 collected $1.25 from pot
JonKelly4: doesn't show hand 
*** SUMMARY ***
Total pot $1.25 | Rake $0 
Seat 2: Vaporous folded before Flop (didn't bet)
Seat 3: günter54 (button) folded before Flop (didn't bet)
Seat 4: jd185152 (small blind) folded before Flop
Seat 5: Alameda22 (big blind) folded before Flop
Seat 7: Muehle69 folded before Flop (didn't bet)
Seat 8: JonKelly4 collected ($1.25)
Seat 9: amor1 folded before Flop (didn't bet)



PokerStars Game #20143176543:  Hold'em No Limit ($0.25/$0.50) - 2008/09/04 14:25:26 ET
Table 'Chimay II' 9-max Seat #4 is the button
Seat 2: Vaporous ($73.05 in chips) 
Seat 3: günter54 ($17.95 in chips) 
Seat 4: jd185152 ($35.35 in chips) 
Seat 5: Alameda22 ($53.25 in chips) 
Seat 7: Muehle69 ($51.70 in chips) 
Seat 8: JonKelly4 ($71.35 in chips) 
Seat 9: amor1 ($54.40 in chips) 
Alameda22: posts small blind $0.25
Muehle69: posts big blind $0.50
*** HOLE CARDS ***
Dealt to Alameda22 [2h Jd]
JonKelly4: folds 
amor1: folds 
Vaporous: folds 
günter54: calls $0.50
jd185152: calls $0.50
Alameda22: folds 
Muehle69: checks 
*** FLOP *** [3h Ah 8d]
Muehle69: checks 
günter54: bets $2
JonKelly4 leaves the table
jd185152: folds 
Muehle69: folds 
Uncalled bet ($2) returned to günter54
günter54 collected $1.70 from pot
günter54: doesn't show hand 
*** SUMMARY ***
Total pot $1.75 | Rake $0.05 
Board [3h Ah 8d]
Seat 2: Vaporous folded before Flop (didn't bet)
Seat 3: günter54 collected ($1.70)
Seat 4: jd185152 (button) folded on the Flop
Seat 5: Alameda22 (small blind) folded before Flop
Seat 7: Muehle69 (big blind) folded on the Flop
Seat 8: JonKelly4 folded before Flop (didn't bet)
Seat 9: amor1 folded before Flop (didn't bet)



PokerStars Game #20143199982:  Hold'em No Limit ($0.25/$0.50) - 2008/09/04 14:26:22 ET
Table 'Chimay II' 9-max Seat #5 is the button
Seat 2: Vaporous ($73.05 in chips) 
Seat 3: günter54 ($19.15 in chips) 
Seat 4: jd185152 ($34.85 in chips) 
Seat 5: Alameda22 ($53 in chips) 
Seat 7: Muehle69 ($51.20 in chips) 
Seat 9: amor1 ($54.40 in chips) 
Muehle69: posts small blind $0.25
amor1: posts big blind $0.50
*** HOLE CARDS ***
Dealt to Alameda22 [Ac 6d]
Vaporous: raises $1.50 to $2
günter54: folds 
jd185152: folds 
Alameda22: folds 
pates11380 joins the table at seat #8 
Muehle69: folds 
amor1: folds 
Uncalled bet ($1.50) returned to Vaporous
Vaporous collected $1.25 from pot
Vaporous: doesn't show hand 
*** SUMMARY ***
Total pot $1.25 | Rake $0 
Seat 2: Vaporous collected ($1.25)
Seat 3: günter54 folded before Flop (didn't bet)
Seat 4: jd185152 folded before Flop (didn't bet)
Seat 5: Alameda22 (button) folded before Flop (didn't bet)
Seat 7: Muehle69 (small blind) folded before Flop
Seat 9: amor1 (big blind) folded before Flop



PokerStars Game #20143213321:  Hold'em No Limit ($0.25/$0.50) - 2008/09/04 14:26:54 ET
Table 'Chimay II' 9-max Seat #7 is the button
Seat 2: Vaporous ($73.80 in chips) 
Seat 3: günter54 ($19.15 in chips) 
Seat 4: jd185152 ($34.85 in chips) 
Seat 5: Alameda22 ($53 in chips) 
Seat 7: Muehle69 ($50.95 in chips) 
Seat 9: amor1 ($53.90 in chips) 
pates11380 will be allowed to play after the button
amor1: posts small blind $0.25
Vaporous: posts big blind $0.50
*** HOLE CARDS ***
Dealt to Alameda22 [Ah 9d]
günter54: calls $0.50
jd185152: folds 
Alameda22: folds 
Muehle69: folds 
amor1: calls $0.25
Vaporous: checks 
*** FLOP *** [8h 9c 3h]
amor1: checks 
Vaporous: checks 
günter54: bets $1
amor1: folds 
Vaporous: folds 
Uncalled bet ($1) returned to günter54
günter54 collected $1.45 from pot
günter54: doesn't show hand 
*** SUMMARY ***
Total pot $1.50 | Rake $0.05 
Board [8h 9c 3h]
Seat 2: Vaporous (big blind) folded on the Flop
Seat 3: günter54 collected ($1.45)
Seat 4: jd185152 folded before Flop (didn't bet)
Seat 5: Alameda22 folded before Flop (didn't bet)
Seat 7: Muehle69 (button) folded before Flop (didn't bet)
Seat 9: amor1 (small blind) folded on the Flop



PokerStars Game #20143234105:  Hold'em No Limit ($0.25/$0.50) - 2008/09/04 14:27:45 ET
Table 'Chimay II' 9-max Seat #9 is the button
Seat 2: Vaporous ($73.30 in chips) 
Seat 3: günter54 ($20.10 in chips) 
Seat 4: jd185152 ($34.85 in chips) 
Seat 5: Alameda22 ($53 in chips) 
Seat 7: Muehle69 ($50.95 in chips) 
Seat 8: pates11380 ($50 in chips) 
Seat 9: amor1 ($53.40 in chips) 
Vaporous: posts small blind $0.25
günter54: posts big blind $0.50
pates11380: posts big blind $0.50
*** HOLE CARDS ***
Dealt to Alameda22 [Kc 8h]
jd185152: raises $1.50 to $2
Alameda22: folds 
Muehle69: folds 
pates11380: folds 
amor1: folds 
Vaporous: folds 
günter54: calls $1.50
*** FLOP *** [4h 6s Ah]
günter54: bets $1.50
jd185152: calls $1.50
*** TURN *** [4h 6s Ah] [3d]
günter54: bets $4
jd185152: folds 
Uncalled bet ($4) returned to günter54
günter54 collected $7.40 from pot
*** SUMMARY ***
Total pot $7.75 | Rake $0.35 
Board [4h 6s Ah 3d]
Seat 2: Vaporous (small blind) folded before Flop
Seat 3: günter54 (big blind) collected ($7.40)
Seat 4: jd185152 folded on the Turn
Seat 5: Alameda22 folded before Flop (didn't bet)
Seat 7: Muehle69 folded before Flop (didn't bet)
Seat 8: pates11380 folded before Flop
Seat 9: amor1 (button) folded before Flop (didn't bet)



PokerStars Game #20143262937:  Hold'em No Limit ($0.25/$0.50) - 2008/09/04 14:28:55 ET
Table 'Chimay II' 9-max Seat #2 is the button
Seat 2: Vaporous ($73.05 in chips) 
Seat 3: günter54 ($24 in chips) 
Seat 4: jd185152 ($31.35 in chips) 
Seat 5: Alameda22 ($53 in chips) 
Seat 7: Muehle69 ($50.95 in chips) 
Seat 8: pates11380 ($49.50 in chips) 
Seat 9: amor1 ($53.40 in chips) 
günter54: posts small blind $0.25
jd185152: posts big blind $0.50
*** HOLE CARDS ***
Dealt to Alameda22 [8s Ac]
Alameda22: folds 
Muehle69: folds 
pates11380: folds 
amor1: folds 
Vaporous: folds 
günter54: calls $0.25
jd185152: checks 
*** FLOP *** [Td 6s 7s]
günter54: bets $0.50
jd185152: folds 
Uncalled bet ($0.50) returned to günter54
günter54 collected $0.95 from pot
*** SUMMARY ***
Total pot $1 | Rake $0.05 
Board [Td 6s 7s]
Seat 2: Vaporous (button) folded before Flop (didn't bet)
Seat 3: günter54 (small blind) collected ($0.95)
Seat 4: jd185152 (big blind) folded on the Flop
Seat 5: Alameda22 folded before Flop (didn't bet)
Seat 7: Muehle69 folded before Flop (didn't bet)
Seat 8: pates11380 folded before Flop (didn't bet)
Seat 9: amor1 folded before Flop (didn't bet)



PokerStars Game #20143283119:  Hold'em No Limit ($0.25/$0.50) - 2008/09/04 14:29:44 ET
Table 'Chimay II' 9-max Seat #3 is the button
Seat 2: Vaporous ($73.05 in chips) 
Seat 3: günter54 ($24.45 in chips) 
Seat 4: jd185152 ($30.85 in chips) 
Seat 5: Alameda22 ($53 in chips) 
Seat 7: Muehle69 ($50.95 in chips) 
Seat 8: pates11380 ($49.50 in chips) 
Seat 9: amor1 ($53.40 in chips) 
jd185152: posts small blind $0.25
Alameda22: posts big blind $0.50
*** HOLE CARDS ***
Dealt to Alameda22 [5c 9s]
Muehle69: folds 
pates11380: folds 
amor1: folds 
Vaporous: raises $1.50 to $2
günter54: folds 
jd185152: folds 
Alameda22: folds 
Uncalled bet ($1.50) returned to Vaporous
Vaporous collected $1.25 from pot
Vaporous: doesn't show hand 
*** SUMMARY ***
Total pot $1.25 | Rake $0 
Seat 2: Vaporous collected ($1.25)
Seat 3: günter54 (button) folded before Flop (didn't bet)
Seat 4: jd185152 (small blind) folded before Flop
Seat 5: Alameda22 (big blind) folded before Flop
Seat 7: Muehle69 folded before Flop (didn't bet)
Seat 8: pates11380 folded before Flop (didn't bet)
Seat 9: amor1 folded before Flop (didn't bet)



PokerStars Game #20143299346:  Hold'em No Limit ($0.25/$0.50) - 2008/09/04 14:30:24 ET
Table 'Chimay II' 9-max Seat #4 is the button
Seat 2: Vaporous ($73.80 in chips) 
Seat 3: günter54 ($24.45 in chips) 
Seat 4: jd185152 ($30.60 in chips) 
Seat 5: Alameda22 ($52.50 in chips) 
Seat 7: Muehle69 ($50.95 in chips) 
Seat 8: pates11380 ($49.50 in chips) 
Seat 9: amor1 ($53.40 in chips) 
Alameda22: posts small blind $0.25
Muehle69: posts big blind $0.50
*** HOLE CARDS ***
Dealt to Alameda22 [As 6h]
pates11380: folds 
amor1: folds 
Vaporous: folds 
günter54: calls $0.50
jd185152: calls $0.50
Alameda22: folds 
Muehle69: checks 
*** FLOP *** [Qd Jh Ah]
Muehle69: checks 
günter54: bets $2
jd185152: folds 
Muehle69: folds 
Uncalled bet ($2) returned to günter54
günter54 collected $1.70 from pot
günter54: shows [Jd Ac] (two pair, Aces and Jacks)
*** SUMMARY ***
Total pot $1.75 | Rake $0.05 
Board [Qd Jh Ah]
Seat 2: Vaporous folded before Flop (didn't bet)
Seat 3: günter54 collected ($1.70)
Seat 4: jd185152 (button) folded on the Flop
Seat 5: Alameda22 (small blind) folded before Flop
Seat 7: Muehle69 (big blind) folded on the Flop
Seat 8: pates11380 folded before Flop (didn't bet)
Seat 9: amor1 folded before Flop (didn't bet)



PokerStars Game #20143320459:  Hold'em No Limit ($0.25/$0.50) - 2008/09/04 14:31:16 ET
Table 'Chimay II' 9-max Seat #5 is the button
Seat 2: Vaporous ($73.80 in chips) 
Seat 3: günter54 ($25.65 in chips) 
Seat 4: jd185152 ($30.10 in chips) 
Seat 5: Alameda22 ($52.25 in chips) 
Seat 7: Muehle69 ($50.45 in chips) 
Seat 8: pates11380 ($49.50 in chips) 
Seat 9: amor1 ($53.40 in chips) 
Muehle69: posts small blind $0.25
pates11380: posts big blind $0.50
*** HOLE CARDS ***
Dealt to Alameda22 [7d 5h]
amor1: folds 
Vaporous: folds 
günter54: folds 
jd185152: raises $1.50 to $2
Alameda22: folds 
Muehle69: folds 
pates11380: folds 
Uncalled bet ($1.50) returned to jd185152
jd185152 collected $1.25 from pot
jd185152: doesn't show hand 
*** SUMMARY ***
Total pot $1.25 | Rake $0 
Seat 2: Vaporous folded before Flop (didn't bet)
Seat 3: günter54 folded before Flop (didn't bet)
Seat 4: jd185152 collected ($1.25)
Seat 5: Alameda22 (button) folded before Flop (didn't bet)
Seat 7: Muehle69 (small blind) folded before Flop
Seat 8: pates11380 (big blind) folded before Flop
Seat 9: amor1 folded before Flop (didn't bet)



PokerStars Game #20143332283:  Hold'em No Limit ($0.25/$0.50) - 2008/09/04 14:31:46 ET
Table 'Chimay II' 9-max Seat #7 is the button
Seat 2: Vaporous ($73.80 in chips) 
Seat 3: günter54 ($25.65 in chips) 
Seat 4: jd185152 ($30.85 in chips) 
Seat 5: Alameda22 ($52.25 in chips) 
Seat 7: Muehle69 ($50.20 in chips) 
Seat 8: pates11380 ($49 in chips) 
Seat 9: amor1 ($53.40 in chips) 
pates11380: posts small blind $0.25
amor1: posts big blind $0.50
*** HOLE CARDS ***
Dealt to Alameda22 [6h Th]
Vaporous: folds 
günter54: folds 
jd185152: folds 
Alameda22: folds 
Muehle69: raises $1 to $1.50
pates11380: folds 
amor1: folds 
Uncalled bet ($1) returned to Muehle69
Muehle69 collected $1.25 from pot
Muehle69: doesn't show hand 
*** SUMMARY ***
Total pot $1.25 | Rake $0 
Seat 2: Vaporous folded before Flop (didn't bet)
Seat 3: günter54 folded before Flop (didn't bet)
Seat 4: jd185152 folded before Flop (didn't bet)
Seat 5: Alameda22 folded before Flop (didn't bet)
Seat 7: Muehle69 (button) collected ($1.25)
Seat 8: pates11380 (small blind) folded before Flop
Seat 9: amor1 (big blind) folded before Flop



PokerStars Game #20143352910:  Hold'em No Limit ($0.25/$0.50) - 2008/09/04 14:32:38 ET
Table 'Chimay II' 9-max Seat #8 is the button
Seat 2: Vaporous ($73.80 in chips) 
Seat 3: günter54 ($25.65 in chips) 
Seat 4: jd185152 ($30.85 in chips) 
Seat 5: Alameda22 ($52.25 in chips) 
Seat 7: Muehle69 ($50.95 in chips) 
Seat 8: pates11380 ($48.75 in chips) 
Seat 9: amor1 ($52.90 in chips) 
amor1: posts small blind $0.25
Vaporous: posts big blind $0.50
*** HOLE CARDS ***
Dealt to Alameda22 [Ks Js]
günter54: folds 
jd185152: folds 
Alameda22: folds 
Muehle69: folds 
pates11380: folds 
amor1: folds 
Uncalled bet ($0.25) returned to Vaporous
Vaporous collected $0.50 from pot
Vaporous: doesn't show hand 
ezy-ezy777 has returned
*** SUMMARY ***
Total pot $0.50 | Rake $0 
Seat 2: Vaporous (big blind) collected ($0.50)
Seat 3: günter54 folded before Flop (didn't bet)
Seat 4: jd185152 folded before Flop (didn't bet)
Seat 5: Alameda22 folded before Flop (didn't bet)
Seat 7: Muehle69 folded before Flop (didn't bet)
Seat 8: pates11380 (button) folded before Flop (didn't bet)
Seat 9: amor1 (small blind) folded before Flop



PokerStars Game #20143364998:  Hold'em No Limit ($0.25/$0.50) - 2008/09/04 14:33:09 ET
Table 'Chimay II' 9-max Seat #9 is the button
Seat 2: Vaporous ($74.05 in chips) 
Seat 3: günter54 ($25.65 in chips) 
Seat 4: jd185152 ($30.85 in chips) 
Seat 5: Alameda22 ($52.25 in chips) 
Seat 7: Muehle69 ($50.95 in chips) 
Seat 8: pates11380 ($48.75 in chips) 
Seat 9: amor1 ($52.65 in chips) 
wems was removed from the table for failing to post
Vaporous: posts small blind $0.25
günter54: posts big blind $0.50
ChristopherT joins the table at seat #1 
ezy-ezy777: sits out 
*** HOLE CARDS ***
Dealt to Alameda22 [8s Qh]
jd185152: folds 
Alameda22: folds 
Muehle69: folds 
pates11380: folds 
amor1: folds 
Vaporous: folds 
Uncalled bet ($0.25) returned to günter54
günter54 collected $0.50 from pot
*** SUMMARY ***
Total pot $0.50 | Rake $0 
Seat 2: Vaporous (small blind) folded before Flop
Seat 3: günter54 (big blind) collected ($0.50)
Seat 4: jd185152 folded before Flop (didn't bet)
Seat 5: Alameda22 folded before Flop (didn't bet)
Seat 7: Muehle69 folded before Flop (didn't bet)
Seat 8: pates11380 folded before Flop (didn't bet)
Seat 9: amor1 (button) folded before Flop (didn't bet)



PokerStars Game #20143379969:  Hold'em No Limit ($0.25/$0.50) - 2008/09/04 14:33:47 ET
Table 'Chimay II' 9-max Seat #2 is the button
Seat 2: Vaporous ($73.80 in chips) 
Seat 3: günter54 ($25.90 in chips) 
Seat 4: jd185152 ($30.85 in chips) 
Seat 5: Alameda22 ($52.25 in chips) 
Seat 7: Muehle69 ($50.95 in chips) 
Seat 8: pates11380 ($48.75 in chips) 
Seat 9: amor1 ($52.65 in chips) 
günter54: posts small blind $0.25
jd185152: posts big blind $0.50
ezy-ezy777: sits out 
ChristopherT: sits out 
*** HOLE CARDS ***
Dealt to Alameda22 [3c 5d]
Alameda22: folds 
Muehle69: folds 
pates11380: folds 
amor1: raises $1.50 to $2
Vaporous: raises $5 to $7
günter54: folds 
jd185152: folds 
amor1: folds 
Uncalled bet ($5) returned to Vaporous
Vaporous collected $4.75 from pot
Vaporous: doesn't show hand 
*** SUMMARY ***
Total pot $4.75 | Rake $0 
Seat 2: Vaporous (button) collected ($4.75)
Seat 3: günter54 (small blind) folded before Flop
Seat 4: jd185152 (big blind) folded before Flop
Seat 5: Alameda22 folded before Flop (didn't bet)
Seat 7: Muehle69 folded before Flop (didn't bet)
Seat 8: pates11380 folded before Flop (didn't bet)
Seat 9: amor1 folded before Flop



PokerStars Game #20143398128:  Hold'em No Limit ($0.25/$0.50) - 2008/09/04 14:34:34 ET
Table 'Chimay II' 9-max Seat #3 is the button
Seat 2: Vaporous ($76.55 in chips) 
Seat 3: günter54 ($25.65 in chips) 
Seat 4: jd185152 ($30.35 in chips) 
Seat 5: Alameda22 ($52.25 in chips) 
Seat 7: Muehle69 ($50.95 in chips) 
Seat 8: pates11380 ($48.75 in chips) 
Seat 9: amor1 ($50.65 in chips) 
jd185152: posts small blind $0.25
Alameda22: posts big blind $0.50
ezy-ezy777: sits out 
ChristopherT: sits out 
*** HOLE CARDS ***
Dealt to Alameda22 [Jh 5d]
Muehle69: folds 
pates11380: raises $1 to $1.50
amor1: folds 
Vaporous: folds 
günter54: calls $1.50
jd185152: calls $1.25
Alameda22: folds 
*** FLOP *** [8c Kc 5c]
jd185152: checks 
pates11380: checks 
günter54: checks 
*** TURN *** [8c Kc 5c] [Ks]
jd185152: bets $2
pates11380: folds 
günter54: folds 
Uncalled bet ($2) returned to jd185152
jd185152 collected $4.75 from pot
jd185152: doesn't show hand 
*** SUMMARY ***
Total pot $5 | Rake $0.25 
Board [8c Kc 5c Ks]
Seat 2: Vaporous folded before Flop (didn't bet)
Seat 3: günter54 (button) folded on the Turn
Seat 4: jd185152 (small blind) collected ($4.75)
Seat 5: Alameda22 (big blind) folded before Flop
Seat 7: Muehle69 folded before Flop (didn't bet)
Seat 8: pates11380 folded on the Turn
Seat 9: amor1 folded before Flop (didn't bet)



PokerStars Game #20143416774:  Hold'em No Limit ($0.25/$0.50) - 2008/09/04 14:35:22 ET
Table 'Chimay II' 9-max Seat #4 is the button
Seat 2: Vaporous ($76.55 in chips) 
Seat 3: günter54 ($24.15 in chips) 
Seat 4: jd185152 ($33.60 in chips) 
Seat 5: Alameda22 ($51.75 in chips) 
Seat 7: Muehle69 ($50.95 in chips) 
Seat 8: pates11380 ($47.25 in chips) 
Seat 9: amor1 ($50.65 in chips) 
Alameda22: posts small blind $0.25
ezy-ezy777: is sitting out 
Muehle69: posts big blind $0.50
ChristopherT: sits out 
*** HOLE CARDS ***
Dealt to Alameda22 [7s 6d]
ezy-ezy777 leaves the table
pates11380: folds 
amor1: folds 
Vaporous: folds 
günter54: calls $0.50
tycusiyo joins the table at seat #6 
jd185152: calls $0.50
Alameda22: folds 
Muehle69: checks 
*** FLOP *** [3d 7d 4d]
Muehle69: checks 
günter54: checks 
jd185152: bets $1
Muehle69: folds 
günter54: folds 
Uncalled bet ($1) returned to jd185152
jd185152 collected $1.70 from pot
jd185152: doesn't show hand 
*** SUMMARY ***
Total pot $1.75 | Rake $0.05 
Board [3d 7d 4d]
Seat 2: Vaporous folded before Flop (didn't bet)
Seat 3: günter54 folded on the Flop
Seat 4: jd185152 (button) collected ($1.70)
Seat 5: Alameda22 (small blind) folded before Flop
Seat 7: Muehle69 (big blind) folded on the Flop
Seat 8: pates11380 folded before Flop (didn't bet)
Seat 9: amor1 folded before Flop (didn't bet)



PokerStars Game #20143436050:  Hold'em No Limit ($0.25/$0.50) - 2008/09/04 14:36:12 ET
Table 'Chimay II' 9-max Seat #5 is the button
Seat 2: Vaporous ($76.55 in chips) 
Seat 3: günter54 ($23.65 in chips) 
Seat 4: jd185152 ($34.80 in chips) 
Seat 5: Alameda22 ($51.50 in chips) 
Seat 7: Muehle69 ($50.45 in chips) 
Seat 8: pates11380 ($47.25 in chips) 
Seat 9: amor1 ($50.65 in chips) 
tycusiyo will be allowed to play after the button
Muehle69: posts small blind $0.25
pates11380: posts big blind $0.50
ChristopherT: sits out 
*** HOLE CARDS ***
Dealt to Alameda22 [Ah Ts]
amor1: folds 
Vaporous: folds 
günter54: calls $0.50
jd185152: calls $0.50
Alameda22: folds 
Muehle69: calls $0.25
pates11380: checks 
*** FLOP *** [2h Ac 7h]
Muehle69: checks 
pates11380: checks 
günter54: checks 
jd185152: checks 
*** TURN *** [2h Ac 7h] [3s]
Muehle69: bets $1.25
pates11380: folds 
günter54: folds 
jd185152: folds 
Uncalled bet ($1.25) returned to Muehle69
Muehle69 collected $1.90 from pot
Muehle69: doesn't show hand 
*** SUMMARY ***
Total pot $2 | Rake $0.10 
Board [2h Ac 7h 3s]
Seat 2: Vaporous folded before Flop (didn't bet)
Seat 3: günter54 folded on the Turn
Seat 4: jd185152 folded on the Turn
Seat 5: Alameda22 (button) folded before Flop (didn't bet)
Seat 7: Muehle69 (small blind) collected ($1.90)
Seat 8: pates11380 (big blind) folded on the Turn
Seat 9: amor1 folded before Flop (didn't bet)



PokerStars Game #20143462058:  Hold'em No Limit ($0.25/$0.50) - 2008/09/04 14:37:18 ET
Table 'Chimay II' 9-max Seat #7 is the button
Seat 2: Vaporous ($76.55 in chips) 
Seat 3: günter54 ($23.15 in chips) 
Seat 4: jd185152 ($34.30 in chips) 
Seat 5: Alameda22 ($51.50 in chips) 
Seat 7: Muehle69 ($51.85 in chips) 
Seat 8: pates11380 ($46.75 in chips) 
Seat 9: amor1 ($50.65 in chips) 
pates11380: posts small blind $0.25
amor1: posts big blind $0.50
ChristopherT: sits out 
tycusiyo: sits out 
*** HOLE CARDS ***
Dealt to Alameda22 [Jd 8h]
Vaporous: folds 
günter54: folds 
jd185152: folds 
Alameda22: folds 
Muehle69: folds 
pates11380: raises $1 to $1.50
amor1: folds 
Uncalled bet ($1) returned to pates11380
pates11380 collected $1 from pot
pates11380: doesn't show hand 
*** SUMMARY ***
Total pot $1 | Rake $0 
Seat 2: Vaporous folded before Flop (didn't bet)
Seat 3: günter54 folded before Flop (didn't bet)
Seat 4: jd185152 folded before Flop (didn't bet)
Seat 5: Alameda22 folded before Flop (didn't bet)
Seat 7: Muehle69 (button) folded before Flop (didn't bet)
Seat 8: pates11380 (small blind) collected ($1)
Seat 9: amor1 (big blind) folded before Flop



PokerStars Game #20143479285:  Hold'em No Limit ($0.25/$0.50) - 2008/09/04 14:38:03 ET
Table 'Chimay II' 9-max Seat #8 is the button
Seat 1: ChristopherT ($50 in chips) 
Seat 2: Vaporous ($76.55 in chips) 
Seat 3: günter54 ($23.15 in chips) 
Seat 4: jd185152 ($34.30 in chips) 
Seat 5: Alameda22 ($51.50 in chips) 
Seat 7: Muehle69 ($51.85 in chips) 
Seat 8: pates11380 ($47.25 in chips) 
Seat 9: amor1 ($50.15 in chips) 
amor1: posts small blind $0.25
ChristopherT: posts big blind $0.50
tycusiyo: sits out 
*** HOLE CARDS ***
Dealt to Alameda22 [8d 9h]
Vaporous: folds 
günter54: folds 
jd185152: calls $0.50
Alameda22: folds 
Muehle69: folds 
pates11380: folds 
amor1: calls $0.25
ChristopherT: checks 
*** FLOP *** [Jh 7h 6c]
amor1: checks 
ChristopherT: bets $1.50
jd185152: folds 
amor1: folds 
Uncalled bet ($1.50) returned to ChristopherT
ChristopherT collected $1.45 from pot
ChristopherT: doesn't show hand 
*** SUMMARY ***
Total pot $1.50 | Rake $0.05 
Board [Jh 7h 6c]
Seat 1: ChristopherT (big blind) collected ($1.45)
Seat 2: Vaporous folded before Flop (didn't bet)
Seat 3: günter54 folded before Flop (didn't bet)
Seat 4: jd185152 folded on the Flop
Seat 5: Alameda22 folded before Flop (didn't bet)
Seat 7: Muehle69 folded before Flop (didn't bet)
Seat 8: pates11380 (button) folded before Flop (didn't bet)
Seat 9: amor1 (small blind) folded on the Flop



PokerStars Game #20143517878:  Hold'em No Limit ($0.25/$0.50) - 2008/09/04 14:39:39 ET
Table 'Chimay II' 9-max Seat #9 is the button
Seat 1: ChristopherT ($50.95 in chips) 
Seat 2: Vaporous ($76.55 in chips) 
Seat 3: günter54 ($23.15 in chips) 
Seat 4: jd185152 ($33.80 in chips) 
Seat 5: Alameda22 ($51.50 in chips) 
Seat 7: Muehle69 ($51.85 in chips) 
Seat 8: pates11380 ($47.25 in chips) 
Seat 9: amor1 ($49.65 in chips) 
ChristopherT: posts small blind $0.25
Vaporous: posts big blind $0.50
tycusiyo: sits out 
*** HOLE CARDS ***
Dealt to Alameda22 [8h 9d]
günter54: folds 
jd185152: folds 
Alameda22: folds 
Muehle69: folds 
pates11380: folds 
amor1: calls $0.50
ChristopherT: folds 
Vaporous: checks 
*** FLOP *** [Kc Ac Kd]
Vaporous: checks 
amor1: checks 
*** TURN *** [Kc Ac Kd] [7h]
Vaporous: checks 
amor1: checks 
*** RIVER *** [Kc Ac Kd 7h] [Js]
Vaporous: checks 
amor1: checks 
*** SHOW DOWN ***
Vaporous: shows [3h 7d] (two pair, Kings and Sevens)
amor1: mucks hand 
Vaporous collected $1.20 from pot
*** SUMMARY ***
Total pot $1.25 | Rake $0.05 
Board [Kc Ac Kd 7h Js]
Seat 1: ChristopherT (small blind) folded before Flop
Seat 2: Vaporous (big blind) showed [3h 7d] and won ($1.20) with two pair, Kings and Sevens
Seat 3: günter54 folded before Flop (didn't bet)
Seat 4: jd185152 folded before Flop (didn't bet)
Seat 5: Alameda22 folded before Flop (didn't bet)
Seat 7: Muehle69 folded before Flop (didn't bet)
Seat 8: pates11380 folded before Flop (didn't bet)
Seat 9: amor1 (button) mucked [Ts 8s]



PokerStars Game #20143550398:  Hold'em No Limit ($0.25/$0.50) - 2008/09/04 14:41:02 ET
Table 'Chimay II' 9-max Seat #1 is the button
Seat 1: ChristopherT ($50.70 in chips) 
Seat 2: Vaporous ($77.25 in chips) 
Seat 3: günter54 ($23.15 in chips) 
Seat 4: jd185152 ($33.80 in chips) 
Seat 5: Alameda22 ($51.50 in chips) 
Seat 7: Muehle69 ($51.85 in chips) 
Seat 8: pates11380 ($47.25 in chips) 
Seat 9: amor1 ($49.15 in chips) 
Vaporous: posts small blind $0.25
günter54: posts big blind $0.50
tycusiyo: sits out 
*** HOLE CARDS ***
Dealt to Alameda22 [5c Ac]
jd185152: folds 
Alameda22: folds 
Muehle69: folds 
pates11380: folds 
amor1: folds 
ChristopherT: folds 
Vaporous: folds 
Uncalled bet ($0.25) returned to günter54
günter54 collected $0.50 from pot
*** SUMMARY ***
Total pot $0.50 | Rake $0 
Seat 1: ChristopherT (button) folded before Flop (didn't bet)
Seat 2: Vaporous (small blind) folded before Flop
Seat 3: günter54 (big blind) collected ($0.50)
Seat 4: jd185152 folded before Flop (didn't bet)
Seat 5: Alameda22 folded before Flop (didn't bet)
Seat 7: Muehle69 folded before Flop (didn't bet)
Seat 8: pates11380 folded before Flop (didn't bet)
Seat 9: amor1 folded before Flop (didn't bet)



PokerStars Game #20143567036:  Hold'em No Limit ($0.25/$0.50) - 2008/09/04 14:41:44 ET
Table 'Chimay II' 9-max Seat #2 is the button
Seat 1: ChristopherT ($50.70 in chips) 
Seat 2: Vaporous ($77 in chips) 
Seat 3: günter54 ($23.40 in chips) 
Seat 4: jd185152 ($33.80 in chips) 
Seat 5: Alameda22 ($51.50 in chips) 
Seat 7: Muehle69 ($51.85 in chips) 
Seat 8: pates11380 ($47.25 in chips) 
Seat 9: amor1 ($49.15 in chips) 
günter54: posts small blind $0.25
jd185152: posts big blind $0.50
tycusiyo: sits out 
*** HOLE CARDS ***
Dealt to Alameda22 [Ts 7d]
Alameda22: folds 
Muehle69: folds 
pates11380: folds 
amor1: calls $0.50
ChristopherT: raises $2 to $2.50
Vaporous: folds 
günter54: folds 
jd185152: folds 
amor1: folds 
Uncalled bet ($2) returned to ChristopherT
ChristopherT collected $1.75 from pot
ChristopherT: doesn't show hand 
*** SUMMARY ***
Total pot $1.75 | Rake $0 
Seat 1: ChristopherT collected ($1.75)
Seat 2: Vaporous (button) folded before Flop (didn't bet)
Seat 3: günter54 (small blind) folded before Flop
Seat 4: jd185152 (big blind) folded before Flop
Seat 5: Alameda22 folded before Flop (didn't bet)
Seat 7: Muehle69 folded before Flop (didn't bet)
Seat 8: pates11380 folded before Flop (didn't bet)
Seat 9: amor1 folded before Flop



PokerStars Game #20143590191:  Hold'em No Limit ($0.25/$0.50) - 2008/09/04 14:42:43 ET
Table 'Chimay II' 9-max Seat #3 is the button
Seat 1: ChristopherT ($51.95 in chips) 
Seat 2: Vaporous ($77 in chips) 
Seat 3: günter54 ($23.15 in chips) 
Seat 4: jd185152 ($33.30 in chips) 
Seat 5: Alameda22 ($51.50 in chips) 
Seat 7: Muehle69 ($51.85 in chips) 
Seat 8: pates11380 ($47.25 in chips) 
Seat 9: amor1 ($48.65 in chips) 
jd185152: posts small blind $0.25
Alameda22: posts big blind $0.50
tycusiyo: sits out 
*** HOLE CARDS ***
Dealt to Alameda22 [8d Ad]
Muehle69: folds 
pates11380: folds 
amor1: folds 
ChristopherT: folds 
Vaporous: folds 
günter54: calls $0.50
jd185152: folds 
Alameda22: checks 
*** FLOP *** [8c 5h 2h]
Alameda22: bets $1
günter54: folds 
Uncalled bet ($1) returned to Alameda22
Alameda22 collected $1.20 from pot
Alameda22: doesn't show hand 
*** SUMMARY ***
Total pot $1.25 | Rake $0.05 
Board [8c 5h 2h]
Seat 1: ChristopherT folded before Flop (didn't bet)
Seat 2: Vaporous folded before Flop (didn't bet)
Seat 3: günter54 (button) folded on the Flop
Seat 4: jd185152 (small blind) folded before Flop
Seat 5: Alameda22 (big blind) collected ($1.20)
Seat 7: Muehle69 folded before Flop (didn't bet)
Seat 8: pates11380 folded before Flop (didn't bet)
Seat 9: amor1 folded before Flop (didn't bet)



PokerStars Game #20143608245:  Hold'em No Limit ($0.25/$0.50) - 2008/09/04 14:43:29 ET
Table 'Chimay II' 9-max Seat #4 is the button
Seat 1: ChristopherT ($51.95 in chips) 
Seat 2: Vaporous ($77 in chips) 
Seat 3: günter54 ($22.65 in chips) 
Seat 4: jd185152 ($33.05 in chips) 
Seat 5: Alameda22 ($52.20 in chips) 
Seat 6: tycusiyo ($50 in chips) 
Seat 7: Muehle69 ($51.85 in chips) 
Seat 8: pates11380 ($47.25 in chips) 
Seat 9: amor1 ($48.65 in chips) 
Alameda22: posts small blind $0.25
tycusiyo: posts big blind $0.50
*** HOLE CARDS ***
Dealt to Alameda22 [9c 9d]
Muehle69: folds 
pates11380: folds 
amor1: folds 
ChristopherT: folds 
Vaporous: folds 
günter54: folds 
jd185152: raises $1 to $1.50
Alameda22: calls $1.25
tycusiyo: folds 
*** FLOP *** [7s 6s 5d]
Alameda22: checks 
jd185152: bets $2
Alameda22: calls $2
*** TURN *** [7s 6s 5d] [3d]
Alameda22: checks 
jd185152: checks 
*** RIVER *** [7s 6s 5d 3d] [4d]
Alameda22: checks 
jd185152: bets $5
Alameda22: calls $5
*** SHOW DOWN ***
jd185152: shows [6d 8s] (a straight, Four to Eight)
Alameda22: mucks hand 
jd185152 collected $16.65 from pot
*** SUMMARY ***
Total pot $17.50 | Rake $0.85 
Board [7s 6s 5d 3d 4d]
Seat 1: ChristopherT folded before Flop (didn't bet)
Seat 2: Vaporous folded before Flop (didn't bet)
Seat 3: günter54 folded before Flop (didn't bet)
Seat 4: jd185152 (button) showed [6d 8s] and won ($16.65) with a straight, Four to Eight
Seat 5: Alameda22 (small blind) mucked [9c 9d]
Seat 6: tycusiyo (big blind) folded before Flop
Seat 7: Muehle69 folded before Flop (didn't bet)
Seat 8: pates11380 folded before Flop (didn't bet)
Seat 9: amor1 folded before Flop (didn't bet)



PokerStars Game #20143640430:  Hold'em No Limit ($0.25/$0.50) - 2008/09/04 14:44:51 ET
Table 'Chimay II' 9-max Seat #5 is the button
Seat 1: ChristopherT ($51.95 in chips) 
Seat 2: Vaporous ($77 in chips) 
Seat 3: günter54 ($22.65 in chips) 
Seat 4: jd185152 ($41.20 in chips) 
Seat 5: Alameda22 ($43.70 in chips) 
Seat 6: tycusiyo ($49.50 in chips) 
Seat 7: Muehle69 ($51.85 in chips) 
Seat 8: pates11380 ($47.25 in chips) 
Seat 9: amor1 ($48.65 in chips) 
tycusiyo: posts small blind $0.25
Muehle69: posts big blind $0.50
*** HOLE CARDS ***
Dealt to Alameda22 [As Jh]
pates11380: folds 
amor1: raises $1 to $1.50
ChristopherT: folds 
Vaporous: folds 
günter54: folds 
jd185152: folds 
Alameda22: folds 
tycusiyo: folds 
Muehle69: folds 
Uncalled bet ($1) returned to amor1
amor1 collected $1.25 from pot
amor1: doesn't show hand 
*** SUMMARY ***
Total pot $1.25 | Rake $0 
Seat 1: ChristopherT folded before Flop (didn't bet)
Seat 2: Vaporous folded before Flop (didn't bet)
Seat 3: günter54 folded before Flop (didn't bet)
Seat 4: jd185152 folded before Flop (didn't bet)
Seat 5: Alameda22 (button) folded before Flop (didn't bet)
Seat 6: tycusiyo (small blind) folded before Flop
Seat 7: Muehle69 (big blind) folded before Flop
Seat 8: pates11380 folded before Flop (didn't bet)
Seat 9: amor1 collected ($1.25)



PokerStars Game #20143659613:  Hold'em No Limit ($0.25/$0.50) - 2008/09/04 14:45:39 ET
Table 'Chimay II' 9-max Seat #6 is the button
Seat 1: ChristopherT ($51.95 in chips) 
Seat 2: Vaporous ($77 in chips) 
Seat 3: günter54 ($22.65 in chips) 
Seat 4: jd185152 ($41.20 in chips) 
Seat 5: Alameda22 ($43.70 in chips) 
Seat 6: tycusiyo ($49.25 in chips) 
Seat 7: Muehle69 ($51.35 in chips) 
Seat 8: pates11380 ($47.25 in chips) 
Seat 9: amor1 ($49.40 in chips) 
Muehle69: posts small blind $0.25
pates11380: posts big blind $0.50
*** HOLE CARDS ***
Dealt to Alameda22 [2h 8h]
amor1: folds 
ChristopherT: calls $0.50
Vaporous: calls $0.50
günter54: calls $0.50
jd185152: folds 
Alameda22: folds 
tycusiyo: folds 
Muehle69: folds 
pates11380: checks 
*** FLOP *** [2c Jd 9s]
pates11380: bets $1
ChristopherT: folds 
Vaporous: folds 
günter54: calls $1
*** TURN *** [2c Jd 9s] [5h]
pates11380: bets $2.50
günter54: folds 
Uncalled bet ($2.50) returned to pates11380
pates11380 collected $4.05 from pot
pates11380: doesn't show hand 
*** SUMMARY ***
Total pot $4.25 | Rake $0.20 
Board [2c Jd 9s 5h]
Seat 1: ChristopherT folded on the Flop
Seat 2: Vaporous folded on the Flop
Seat 3: günter54 folded on the Turn
Seat 4: jd185152 folded before Flop (didn't bet)
Seat 5: Alameda22 folded before Flop (didn't bet)
Seat 6: tycusiyo (button) folded before Flop (didn't bet)
Seat 7: Muehle69 (small blind) folded before Flop
Seat 8: pates11380 (big blind) collected ($4.05)
Seat 9: amor1 folded before Flop (didn't bet)



PokerStars Game #20143678626:  Hold'em No Limit ($0.25/$0.50) - 2008/09/04 14:46:25 ET
Table 'Chimay II' 9-max Seat #7 is the button
Seat 1: ChristopherT ($51.45 in chips) 
Seat 2: Vaporous ($76.50 in chips) 
Seat 3: günter54 ($21.15 in chips) 
Seat 4: jd185152 ($41.20 in chips) 
Seat 5: Alameda22 ($43.70 in chips) 
Seat 6: tycusiyo ($49.25 in chips) 
Seat 7: Muehle69 ($51.10 in chips) 
Seat 8: pates11380 ($49.80 in chips) 
Seat 9: amor1 ($49.40 in chips) 
pates11380: posts small blind $0.25
amor1: posts big blind $0.50
*** HOLE CARDS ***
Dealt to Alameda22 [Qh 9s]
ChristopherT: folds 
Vaporous: folds 
günter54: folds 
jd185152: folds 
Alameda22: folds 
tycusiyo: folds 
Muehle69: folds 
pates11380: folds 
Uncalled bet ($0.25) returned to amor1
amor1 collected $0.50 from pot
*** SUMMARY ***
Total pot $0.50 | Rake $0 
Seat 1: ChristopherT folded before Flop (didn't bet)
Seat 2: Vaporous folded before Flop (didn't bet)
Seat 3: günter54 folded before Flop (didn't bet)
Seat 4: jd185152 folded before Flop (didn't bet)
Seat 5: Alameda22 folded before Flop (didn't bet)
Seat 6: tycusiyo folded before Flop (didn't bet)
Seat 7: Muehle69 (button) folded before Flop (didn't bet)
Seat 8: pates11380 (small blind) folded before Flop
Seat 9: amor1 (big blind) collected ($0.50)



PokerStars Game #20143698690:  Hold'em No Limit ($0.25/$0.50) - 2008/09/04 14:47:14 ET
Table 'Chimay II' 9-max Seat #8 is the button
Seat 1: ChristopherT ($51.45 in chips) 
Seat 2: Vaporous ($76.50 in chips) 
Seat 3: günter54 ($21.15 in chips) 
Seat 4: jd185152 ($41.20 in chips) 
Seat 5: Alameda22 ($43.70 in chips) 
Seat 6: tycusiyo ($49.25 in chips) 
Seat 7: Muehle69 ($51.10 in chips) 
Seat 8: pates11380 ($49.55 in chips) 
Seat 9: amor1 ($49.65 in chips) 
amor1: posts small blind $0.25
ChristopherT: posts big blind $0.50
*** HOLE CARDS ***
Dealt to Alameda22 [8c 9h]
Vaporous: folds 
Vaporous is sitting out
Vaporous leaves the table
günter54: calls $0.50
jd185152: folds 
Alameda22: folds 
tycusiyo: raises $2 to $2.50
Muehle69: folds 
pates11380: folds 
amor1: folds 
ChristopherT: folds 
günter54: folds 
Uncalled bet ($2) returned to tycusiyo
tycusiyo collected $1.75 from pot
tycusiyo: doesn't show hand 
*** SUMMARY ***
Total pot $1.75 | Rake $0 
Seat 1: ChristopherT (big blind) folded before Flop
Seat 2: Vaporous folded before Flop (didn't bet)
Seat 3: günter54 folded before Flop
Seat 4: jd185152 folded before Flop (didn't bet)
Seat 5: Alameda22 folded before Flop (didn't bet)
Seat 6: tycusiyo collected ($1.75)
Seat 7: Muehle69 folded before Flop (didn't bet)
Seat 8: pates11380 (button) folded before Flop (didn't bet)
Seat 9: amor1 (small blind) folded before Flop



PokerStars Game #20143713134:  Hold'em No Limit ($0.25/$0.50) - 2008/09/04 14:47:49 ET
Table 'Chimay II' 9-max Seat #9 is the button
Seat 1: ChristopherT ($50.95 in chips) 
Seat 3: günter54 ($20.65 in chips) 
Seat 4: jd185152 ($41.20 in chips) 
Seat 5: Alameda22 ($43.70 in chips) 
Seat 6: tycusiyo ($50.50 in chips) 
Seat 7: Muehle69 ($51.10 in chips) 
Seat 8: pates11380 ($49.55 in chips) 
Seat 9: amor1 ($49.40 in chips) 
ChristopherT: posts small blind $0.25
günter54: posts big blind $0.50
*** HOLE CARDS ***
Dealt to Alameda22 [7s 9h]
jd185152: folds 
SpaceIceman joins the table at seat #2 
Alameda22: folds 
tycusiyo: folds 
Muehle69: folds 
pates11380: folds 
amor1: folds 
ChristopherT: raises $1.50 to $2
günter54: calls $1.50
*** FLOP *** [3c Jh 6c]
ChristopherT: bets $3
günter54: calls $3
*** TURN *** [3c Jh 6c] [5d]
ChristopherT: checks 
günter54: bets $3
ChristopherT: folds 
Uncalled bet ($3) returned to günter54
günter54 collected $9.55 from pot
*** SUMMARY ***
Total pot $10 | Rake $0.45 
Board [3c Jh 6c 5d]
Seat 1: ChristopherT (small blind) folded on the Turn
Seat 3: günter54 (big blind) collected ($9.55)
Seat 4: jd185152 folded before Flop (didn't bet)
Seat 5: Alameda22 folded before Flop (didn't bet)
Seat 6: tycusiyo folded before Flop (didn't bet)
Seat 7: Muehle69 folded before Flop (didn't bet)
Seat 8: pates11380 folded before Flop (didn't bet)
Seat 9: amor1 (button) folded before Flop (didn't bet)



PokerStars Game #20143739862:  Hold'em No Limit ($0.25/$0.50) - 2008/09/04 14:48:54 ET
Table 'Chimay II' 9-max Seat #1 is the button
Seat 1: ChristopherT ($45.95 in chips) 
Seat 3: günter54 ($25.20 in chips) 
Seat 4: jd185152 ($41.20 in chips) 
Seat 5: Alameda22 ($43.70 in chips) 
Seat 6: tycusiyo ($50.50 in chips) 
Seat 7: Muehle69 ($51.10 in chips) 
Seat 8: pates11380 ($49.55 in chips) 
Seat 9: amor1 ($49.40 in chips) 
SpaceIceman will be allowed to play after the button
günter54: posts small blind $0.25
jd185152: posts big blind $0.50
*** HOLE CARDS ***
Dealt to Alameda22 [Jc Kc]
Alameda22: folds 
tycusiyo: raises $1.50 to $2
Muehle69: folds 
pates11380: folds 
amor1: folds 
ChristopherT: folds 
günter54: folds 
jd185152: folds 
Uncalled bet ($1.50) returned to tycusiyo
tycusiyo collected $1.25 from pot
tycusiyo: doesn't show hand 
*** SUMMARY ***
Total pot $1.25 | Rake $0 
Seat 1: ChristopherT (button) folded before Flop (didn't bet)
Seat 3: günter54 (small blind) folded before Flop
Seat 4: jd185152 (big blind) folded before Flop
Seat 5: Alameda22 folded before Flop (didn't bet)
Seat 6: tycusiyo collected ($1.25)
Seat 7: Muehle69 folded before Flop (didn't bet)
Seat 8: pates11380 folded before Flop (didn't bet)
Seat 9: amor1 folded before Flop (didn't bet)



PokerStars Game #20143752924:  Hold'em No Limit ($0.25/$0.50) - 2008/09/04 14:49:27 ET
Table 'Chimay II' 9-max Seat #3 is the button
Seat 1: ChristopherT ($45.95 in chips) 
Seat 3: günter54 ($24.95 in chips) 
Seat 4: jd185152 ($40.70 in chips) 
Seat 5: Alameda22 ($43.70 in chips) 
Seat 6: tycusiyo ($51.25 in chips) 
Seat 7: Muehle69 ($51.10 in chips) 
Seat 8: pates11380 ($49.55 in chips) 
Seat 9: amor1 ($49.40 in chips) 
jd185152: posts small blind $0.25
Alameda22: posts big blind $0.50
SpaceIceman: sits out 
*** HOLE CARDS ***
Dealt to Alameda22 [6d 2h]
tycusiyo: folds 
Muehle69: folds 
pates11380: folds 
amor1: folds 
ChristopherT: folds 
günter54: calls $0.50
jd185152: folds 
Alameda22: checks 
*** FLOP *** [6h 3c Kd]
Alameda22: checks 
günter54: bets $1
Alameda22: folds 
Uncalled bet ($1) returned to günter54
günter54 collected $1.20 from pot
günter54: doesn't show hand 
*** SUMMARY ***
Total pot $1.25 | Rake $0.05 
Board [6h 3c Kd]
Seat 1: ChristopherT folded before Flop (didn't bet)
Seat 3: günter54 (button) collected ($1.20)
Seat 4: jd185152 (small blind) folded before Flop
Seat 5: Alameda22 (big blind) folded on the Flop
Seat 6: tycusiyo folded before Flop (didn't bet)
Seat 7: Muehle69 folded before Flop (didn't bet)
Seat 8: pates11380 folded before Flop (didn't bet)
Seat 9: amor1 folded before Flop (didn't bet)



PokerStars Game #20143771860:  Hold'em No Limit ($0.25/$0.50) - 2008/09/04 14:50:13 ET
Table 'Chimay II' 9-max Seat #4 is the button
Seat 1: ChristopherT ($45.95 in chips) 
Seat 3: günter54 ($25.65 in chips) 
Seat 4: jd185152 ($40.45 in chips) 
Seat 5: Alameda22 ($43.20 in chips) 
Seat 6: tycusiyo ($51.25 in chips) 
Seat 7: Muehle69 ($51.10 in chips) 
Seat 8: pates11380 ($49.55 in chips) 
Seat 9: amor1 ($49.40 in chips) 
Alameda22: posts small blind $0.25
tycusiyo: posts big blind $0.50
SpaceIceman: sits out 
*** HOLE CARDS ***
Dealt to Alameda22 [6d Jc]
Muehle69: folds 
pates11380: folds 
amor1: calls $0.50
ChristopherT: folds 
günter54: calls $0.50
jd185152: calls $0.50
Alameda22: folds 
tycusiyo: checks 
*** FLOP *** [Kc 4d 3d]
tycusiyo: checks 
amor1: checks 
günter54: bets $2
jd185152: calls $2
tycusiyo: folds 
amor1: folds 
*** TURN *** [Kc 4d 3d] [3s]
günter54: checks 
jd185152: bets $3
günter54: folds 
Uncalled bet ($3) returned to jd185152
jd185152 collected $5.95 from pot
jd185152: doesn't show hand 
*** SUMMARY ***
Total pot $6.25 | Rake $0.30 
Board [Kc 4d 3d 3s]
Seat 1: ChristopherT folded before Flop (didn't bet)
Seat 3: günter54 folded on the Turn
Seat 4: jd185152 (button) collected ($5.95)
Seat 5: Alameda22 (small blind) folded before Flop
Seat 6: tycusiyo (big blind) folded on the Flop
Seat 7: Muehle69 folded before Flop (didn't bet)
Seat 8: pates11380 folded before Flop (didn't bet)
Seat 9: amor1 folded on the Flop



PokerStars Game #20143795655:  Hold'em No Limit ($0.25/$0.50) - 2008/09/04 14:51:11 ET
Table 'Chimay II' 9-max Seat #5 is the button
Seat 1: ChristopherT ($45.95 in chips) 
Seat 3: günter54 ($23.15 in chips) 
Seat 4: jd185152 ($43.90 in chips) 
Seat 5: Alameda22 ($42.95 in chips) 
Seat 6: tycusiyo ($50.75 in chips) 
Seat 7: Muehle69 ($51.10 in chips) 
Seat 8: pates11380 ($49.55 in chips) 
Seat 9: amor1 ($48.90 in chips) 
tycusiyo: posts small blind $0.25
Muehle69: posts big blind $0.50
SpaceIceman: sits out 
*** HOLE CARDS ***
Dealt to Alameda22 [6h Ac]
pates11380: folds 
amor1: folds 
ChristopherT: calls $0.50
günter54: folds 
jd185152: folds 
Alameda22: folds 
tycusiyo: folds 
Muehle69: checks 
*** FLOP *** [3c Jc 2h]
Muehle69: checks 
ChristopherT: checks 
*** TURN *** [3c Jc 2h] [5h]
Muehle69: checks 
ChristopherT: checks 
*** RIVER *** [3c Jc 2h 5h] [8s]
Muehle69: checks 
ChristopherT: checks 
*** SHOW DOWN ***
Muehle69: shows [5d 9s] (a pair of Fives)
ChristopherT: mucks hand 
Muehle69 collected $1.20 from pot
*** SUMMARY ***
Total pot $1.25 | Rake $0.05 
Board [3c Jc 2h 5h 8s]
Seat 1: ChristopherT mucked [Td 9d]
Seat 3: günter54 folded before Flop (didn't bet)
Seat 4: jd185152 folded before Flop (didn't bet)
Seat 5: Alameda22 (button) folded before Flop (didn't bet)
Seat 6: tycusiyo (small blind) folded before Flop
Seat 7: Muehle69 (big blind) showed [5d 9s] and won ($1.20) with a pair of Fives
Seat 8: pates11380 folded before Flop (didn't bet)
Seat 9: amor1 folded before Flop (didn't bet)



PokerStars Game #20143824255:  Hold'em No Limit ($0.25/$0.50) - 2008/09/04 14:52:21 ET
Table 'Chimay II' 9-max Seat #6 is the button
Seat 1: ChristopherT ($45.45 in chips) 
Seat 3: günter54 ($23.15 in chips) 
Seat 4: jd185152 ($43.90 in chips) 
Seat 5: Alameda22 ($42.95 in chips) 
Seat 6: tycusiyo ($50.50 in chips) 
Seat 7: Muehle69 ($51.80 in chips) 
Seat 8: pates11380 ($49.55 in chips) 
Seat 9: amor1 ($48.90 in chips) 
Muehle69: posts small blind $0.25
pates11380: posts big blind $0.50
SpaceIceman: sits out 
*** HOLE CARDS ***
Dealt to Alameda22 [Ad 5s]
amor1: folds 
ChristopherT: folds 
günter54: calls $0.50
jd185152: folds 
Alameda22: folds 
tycusiyo: folds 
Muehle69: folds 
pates11380: checks 
*** FLOP *** [2c 8h 9d]
pates11380: checks 
günter54: bets $2
pates11380: folds 
Uncalled bet ($2) returned to günter54
günter54 collected $1.20 from pot
günter54: doesn't show hand 
*** SUMMARY ***
Total pot $1.25 | Rake $0.05 
Board [2c 8h 9d]
Seat 1: ChristopherT folded before Flop (didn't bet)
Seat 3: günter54 collected ($1.20)
Seat 4: jd185152 folded before Flop (didn't bet)
Seat 5: Alameda22 folded before Flop (didn't bet)
Seat 6: tycusiyo (button) folded before Flop (didn't bet)
Seat 7: Muehle69 (small blind) folded before Flop
Seat 8: pates11380 (big blind) folded on the Flop
Seat 9: amor1 folded before Flop (didn't bet)



PokerStars Game #20143849524:  Hold'em No Limit ($0.25/$0.50) - 2008/09/04 14:53:22 ET
Table 'Chimay II' 9-max Seat #7 is the button
Seat 1: ChristopherT ($45.45 in chips) 
Seat 3: günter54 ($23.85 in chips) 
Seat 4: jd185152 ($43.90 in chips) 
Seat 5: Alameda22 ($42.95 in chips) 
Seat 6: tycusiyo ($50.50 in chips) 
Seat 7: Muehle69 ($51.55 in chips) 
Seat 8: pates11380 ($49.05 in chips) 
Seat 9: amor1 ($48.90 in chips) 
pates11380: posts small blind $0.25
amor1: posts big blind $0.50
SpaceIceman: sits out 
*** HOLE CARDS ***
Dealt to Alameda22 [3h 4s]
ChristopherT: folds 
günter54: calls $0.50
jd185152: folds 
Alameda22: folds 
tycusiyo: raises $2 to $2.50
Muehle69: folds 
pates11380: folds 
amor1: folds 
günter54: folds 
Uncalled bet ($2) returned to tycusiyo
tycusiyo collected $1.75 from pot
tycusiyo: doesn't show hand 
*** SUMMARY ***
Total pot $1.75 | Rake $0 
Seat 1: ChristopherT folded before Flop (didn't bet)
Seat 3: günter54 folded before Flop
Seat 4: jd185152 folded before Flop (didn't bet)
Seat 5: Alameda22 folded before Flop (didn't bet)
Seat 6: tycusiyo collected ($1.75)
Seat 7: Muehle69 (button) folded before Flop (didn't bet)
Seat 8: pates11380 (small blind) folded before Flop
Seat 9: amor1 (big blind) folded before Flop



PokerStars Game #20143861966:  Hold'em No Limit ($0.25/$0.50) - 2008/09/04 14:53:53 ET
Table 'Chimay II' 9-max Seat #8 is the button
Seat 1: ChristopherT ($45.45 in chips) 
Seat 3: günter54 ($23.35 in chips) 
Seat 4: jd185152 ($43.90 in chips) 
Seat 5: Alameda22 ($42.95 in chips) 
Seat 6: tycusiyo ($51.75 in chips) 
Seat 7: Muehle69 ($51.55 in chips) 
Seat 8: pates11380 ($48.80 in chips) 
Seat 9: amor1 ($48.40 in chips) 
amor1: posts small blind $0.25
ChristopherT: posts big blind $0.50
SpaceIceman: sits out 
*** HOLE CARDS ***
Dealt to Alameda22 [Ac 8d]
günter54: folds 
jd185152: calls $0.50
Alameda22: folds 
tycusiyo: folds 
Muehle69: folds 
pates11380: raises $1.50 to $2
amor1: folds 
ChristopherT: folds 
jd185152: calls $1.50
*** FLOP *** [8s 3h 3s]
jd185152: checks 
pates11380: bets $3.50
jd185152: folds 
Uncalled bet ($3.50) returned to pates11380
pates11380 collected $4.55 from pot
pates11380: doesn't show hand 
*** SUMMARY ***
Total pot $4.75 | Rake $0.20 
Board [8s 3h 3s]
Seat 1: ChristopherT (big blind) folded before Flop
Seat 3: günter54 folded before Flop (didn't bet)
Seat 4: jd185152 folded on the Flop
Seat 5: Alameda22 folded before Flop (didn't bet)
Seat 6: tycusiyo folded before Flop (didn't bet)
Seat 7: Muehle69 folded before Flop (didn't bet)
Seat 8: pates11380 (button) collected ($4.55)
Seat 9: amor1 (small blind) folded before Flop



PokerStars Game #20143885758:  Hold'em No Limit ($0.25/$0.50) - 2008/09/04 14:54:51 ET
Table 'Chimay II' 9-max Seat #9 is the button
Seat 1: ChristopherT ($44.95 in chips) 
Seat 2: SpaceIceman ($50 in chips) 
Seat 3: günter54 ($23.35 in chips) 
Seat 4: jd185152 ($41.90 in chips) 
Seat 5: Alameda22 ($42.95 in chips) 
Seat 6: tycusiyo ($51.75 in chips) 
Seat 7: Muehle69 ($51.55 in chips) 
Seat 8: pates11380 ($51.35 in chips) 
Seat 9: amor1 ($48.15 in chips) 
ChristopherT: posts small blind $0.25
SpaceIceman: posts big blind $0.50
*** HOLE CARDS ***
Dealt to Alameda22 [3s 5s]
günter54: calls $0.50
jd185152: folds 
Alameda22: folds 
tycusiyo: folds 
Muehle69: folds 
pates11380: folds 
amor1: folds 
ChristopherT: calls $0.25
SpaceIceman: checks 
*** FLOP *** [2d 7h Tc]
ChristopherT: bets $1.50
SpaceIceman: folds 
günter54: folds 
Uncalled bet ($1.50) returned to ChristopherT
ChristopherT collected $1.45 from pot
ChristopherT: doesn't show hand 
*** SUMMARY ***
Total pot $1.50 | Rake $0.05 
Board [2d 7h Tc]
Seat 1: ChristopherT (small blind) collected ($1.45)
Seat 2: SpaceIceman (big blind) folded on the Flop
Seat 3: günter54 folded on the Flop
Seat 4: jd185152 folded before Flop (didn't bet)
Seat 5: Alameda22 folded before Flop (didn't bet)
Seat 6: tycusiyo folded before Flop (didn't bet)
Seat 7: Muehle69 folded before Flop (didn't bet)
Seat 8: pates11380 folded before Flop (didn't bet)
Seat 9: amor1 (button) folded before Flop (didn't bet)



PokerStars Game #20143910001:  Hold'em No Limit ($0.25/$0.50) - 2008/09/04 14:55:50 ET
Table 'Chimay II' 9-max Seat #1 is the button
Seat 1: ChristopherT ($45.90 in chips) 
Seat 2: SpaceIceman ($49.50 in chips) 
Seat 3: günter54 ($22.85 in chips) 
Seat 4: jd185152 ($41.90 in chips) 
Seat 5: Alameda22 ($42.95 in chips) 
Seat 6: tycusiyo ($51.75 in chips) 
Seat 7: Muehle69 ($51.55 in chips) 
Seat 8: pates11380 ($51.35 in chips) 
Seat 9: amor1 ($48.15 in chips) 
SpaceIceman: posts small blind $0.25
günter54: posts big blind $0.50
*** HOLE CARDS ***
Dealt to Alameda22 [8s Td]
jd185152: folds 
Alameda22: folds 
tycusiyo: folds 
Muehle69: folds 
pates11380: folds 
amor1: folds 
ChristopherT: folds 
SpaceIceman: calls $0.25
günter54: checks 
*** FLOP *** [9d 4d Ad]
SpaceIceman: checks 
günter54: bets $1.50
SpaceIceman: folds 
Uncalled bet ($1.50) returned to günter54
günter54 collected $0.95 from pot
günter54: doesn't show hand 
*** SUMMARY ***
Total pot $1 | Rake $0.05 
Board [9d 4d Ad]
Seat 1: ChristopherT (button) folded before Flop (didn't bet)
Seat 2: SpaceIceman (small blind) folded on the Flop
Seat 3: günter54 (big blind) collected ($0.95)
Seat 4: jd185152 folded before Flop (didn't bet)
Seat 5: Alameda22 folded before Flop (didn't bet)
Seat 6: tycusiyo folded before Flop (didn't bet)
Seat 7: Muehle69 folded before Flop (didn't bet)
Seat 8: pates11380 folded before Flop (didn't bet)
Seat 9: amor1 folded before Flop (didn't bet)



PokerStars Game #20149035577:  Hold'em No Limit ($0.25/$0.50) - 2008/09/04 18:20:11 ET
Table 'Chimay II' 9-max Seat #3 is the button
Seat 1: PwnTownMayor ($50.75 in chips) 
Seat 2: SpaceIceman ($104.70 in chips) 
Seat 3: PlayManyHand ($53.85 in chips) 
Seat 4: pokerlarry ($49.95 in chips) 
Seat 5: Alameda22 ($50 in chips) 
Seat 6: luckylukepoo ($51.70 in chips) 
Seat 7: nogutznonutz ($41.20 in chips) 
Seat 8: Periscope99 ($50.50 in chips) 
Seat 9: Teijeiro ($51 in chips) 
pokerlarry: posts small blind $0.25
Alameda22: posts big blind $0.50
*** HOLE CARDS ***
Dealt to Alameda22 [6d Js]
luckylukepoo: raises $1 to $1.50
nogutznonutz: folds 
Periscope99: raises $3 to $4.50
Teijeiro: folds 
PwnTownMayor: folds 
SpaceIceman: folds 
PlayManyHand: folds 
pokerlarry: folds 
Alameda22: folds 
luckylukepoo: calls $3
*** FLOP *** [Td 8d 7c]
luckylukepoo: checks 
Periscope99: bets $7
luckylukepoo: raises $14.50 to $21.50
Periscope99: raises $24.50 to $46 and is all-in
luckylukepoo: calls $24.50
*** TURN *** [Td 8d 7c] [Qs]
*** RIVER *** [Td 8d 7c Qs] [6s]
*** SHOW DOWN ***
luckylukepoo: shows [Jd Jh] (a pair of Jacks)
Periscope99: shows [Ah Ac] (a pair of Aces)
Periscope99 collected $98.75 from pot
*** SUMMARY ***
Total pot $101.75 | Rake $3 
Board [Td 8d 7c Qs 6s]
Seat 1: PwnTownMayor folded before Flop (didn't bet)
Seat 2: SpaceIceman folded before Flop (didn't bet)
Seat 3: PlayManyHand (button) folded before Flop (didn't bet)
Seat 4: pokerlarry (small blind) folded before Flop
Seat 5: Alameda22 (big blind) folded before Flop
Seat 6: luckylukepoo showed [Jd Jh] and lost with a pair of Jacks
Seat 7: nogutznonutz folded before Flop (didn't bet)
Seat 8: Periscope99 showed [Ah Ac] and won ($98.75) with a pair of Aces
Seat 9: Teijeiro folded before Flop (didn't bet)



PokerStars Game #20149063723:  Hold'em No Limit ($0.25/$0.50) - 2008/09/04 18:21:25 ET
Table 'Chimay II' 9-max Seat #4 is the button
Seat 1: PwnTownMayor ($50.75 in chips) 
Seat 2: SpaceIceman ($104.70 in chips) 
Seat 3: PlayManyHand ($53.85 in chips) 
Seat 4: pokerlarry ($49.70 in chips) 
Seat 5: Alameda22 ($49.50 in chips) 
Seat 6: luckylukepoo ($1.20 in chips) 
Seat 7: nogutznonutz ($41.20 in chips) 
Seat 8: Periscope99 ($98.75 in chips) 
Seat 9: Teijeiro ($51 in chips) 
Alameda22: posts small blind $0.25
luckylukepoo: posts big blind $0.50
*** HOLE CARDS ***
Dealt to Alameda22 [Ts 2c]
nogutznonutz: folds 
Periscope99: folds 
Teijeiro: folds 
PwnTownMayor: folds 
SpaceIceman: folds 
PlayManyHand: folds 
pokerlarry: folds 
Alameda22: folds 
Uncalled bet ($0.25) returned to luckylukepoo
luckylukepoo collected $0.50 from pot
luckylukepoo: doesn't show hand 
*** SUMMARY ***
Total pot $0.50 | Rake $0 
Seat 1: PwnTownMayor folded before Flop (didn't bet)
Seat 2: SpaceIceman folded before Flop (didn't bet)
Seat 3: PlayManyHand folded before Flop (didn't bet)
Seat 4: pokerlarry (button) folded before Flop (didn't bet)
Seat 5: Alameda22 (small blind) folded before Flop
Seat 6: luckylukepoo (big blind) collected ($0.50)
Seat 7: nogutznonutz folded before Flop (didn't bet)
Seat 8: Periscope99 folded before Flop (didn't bet)
Seat 9: Teijeiro folded before Flop (didn't bet)



PokerStars Game #20149074179:  Hold'em No Limit ($0.25/$0.50) - 2008/09/04 18:21:53 ET
Table 'Chimay II' 9-max Seat #5 is the button
Seat 1: PwnTownMayor ($50.75 in chips) 
Seat 2: SpaceIceman ($104.70 in chips) 
Seat 3: PlayManyHand ($53.85 in chips) 
Seat 4: pokerlarry ($49.70 in chips) 
Seat 5: Alameda22 ($49.25 in chips) 
Seat 6: luckylukepoo ($50 in chips) 
Seat 7: nogutznonutz ($41.20 in chips) 
Seat 8: Periscope99 ($98.75 in chips) 
Seat 9: Teijeiro ($51 in chips) 
luckylukepoo: posts small blind $0.25
nogutznonutz: posts big blind $0.50
*** HOLE CARDS ***
Dealt to Alameda22 [8s 5d]
Periscope99: folds 
Teijeiro: folds 
PwnTownMayor: raises $1 to $1.50
SpaceIceman: calls $1.50
PlayManyHand: folds 
Periscope99 said, "it should be luckyloosepoo"
pokerlarry: folds 
Alameda22: folds 
luckylukepoo: folds 
nogutznonutz: folds 
*** FLOP *** [7h 6c Qd]
PwnTownMayor: bets $2.50
SpaceIceman: calls $2.50
*** TURN *** [7h 6c Qd] [2h]
PwnTownMayor: bets $8.50
luckylukepoo said, "hf"
SpaceIceman: folds 
Uncalled bet ($8.50) returned to PwnTownMayor
PwnTownMayor collected $8.35 from pot
*** SUMMARY ***
Total pot $8.75 | Rake $0.40 
Board [7h 6c Qd 2h]
Seat 1: PwnTownMayor collected ($8.35)
Seat 2: SpaceIceman folded on the Turn
Seat 3: PlayManyHand folded before Flop (didn't bet)
Seat 4: pokerlarry folded before Flop (didn't bet)
Seat 5: Alameda22 (button) folded before Flop (didn't bet)
Seat 6: luckylukepoo (small blind) folded before Flop
Seat 7: nogutznonutz (big blind) folded before Flop
Seat 8: Periscope99 folded before Flop (didn't bet)
Seat 9: Teijeiro folded before Flop (didn't bet)



PokerStars Game #20149112805:  Hold'em No Limit ($0.25/$0.50) - 2008/09/04 18:23:34 ET
Table 'Chimay II' 9-max Seat #6 is the button
Seat 1: PwnTownMayor ($55.10 in chips) 
Seat 2: SpaceIceman ($100.70 in chips) 
Seat 3: PlayManyHand ($53.85 in chips) 
Seat 4: pokerlarry ($49.70 in chips) 
Seat 5: Alameda22 ($49.25 in chips) 
Seat 6: luckylukepoo ($49.75 in chips) 
Seat 7: nogutznonutz ($40.70 in chips) 
Seat 8: Periscope99 ($98.75 in chips) 
Seat 9: Teijeiro ($51 in chips) 
nogutznonutz: posts small blind $0.25
Periscope99: posts big blind $0.50
*** HOLE CARDS ***
Dealt to Alameda22 [5d Jd]
Teijeiro: folds 
PwnTownMayor: raises $1 to $1.50
SpaceIceman: folds 
PlayManyHand: folds 
pokerlarry: folds 
Alameda22: folds 
luckylukepoo: folds 
nogutznonutz: folds 
Periscope99: folds 
Uncalled bet ($1) returned to PwnTownMayor
PwnTownMayor collected $1.25 from pot
*** SUMMARY ***
Total pot $1.25 | Rake $0 
Seat 1: PwnTownMayor collected ($1.25)
Seat 2: SpaceIceman folded before Flop (didn't bet)
Seat 3: PlayManyHand folded before Flop (didn't bet)
Seat 4: pokerlarry folded before Flop (didn't bet)
Seat 5: Alameda22 folded before Flop (didn't bet)
Seat 6: luckylukepoo (button) folded before Flop (didn't bet)
Seat 7: nogutznonutz (small blind) folded before Flop
Seat 8: Periscope99 (big blind) folded before Flop
Seat 9: Teijeiro folded before Flop (didn't bet)



PokerStars Game #20149125699:  Hold'em No Limit ($0.25/$0.50) - 2008/09/04 18:24:09 ET
Table 'Chimay II' 9-max Seat #7 is the button
Seat 1: PwnTownMayor ($55.85 in chips) 
Seat 2: SpaceIceman ($100.70 in chips) 
Seat 3: PlayManyHand ($53.85 in chips) 
Seat 4: pokerlarry ($49.70 in chips) 
Seat 5: Alameda22 ($49.25 in chips) 
Seat 6: luckylukepoo ($49.75 in chips) 
Seat 7: nogutznonutz ($40.45 in chips) 
Seat 8: Periscope99 ($98.25 in chips) 
Seat 9: Teijeiro ($51 in chips) 
Periscope99: posts small blind $0.25
Teijeiro: posts big blind $0.50
*** HOLE CARDS ***
Dealt to Alameda22 [Tc 2h]
PwnTownMayor: folds 
SpaceIceman: raises $1 to $1.50
PlayManyHand: folds 
pokerlarry: folds 
Alameda22: folds 
luckylukepoo: folds 
nogutznonutz: calls $1.50
Periscope99: folds 
Teijeiro: folds 
*** FLOP *** [2c 3d 8h]
SpaceIceman: checks 
nogutznonutz: bets $2
SpaceIceman: folds 
Uncalled bet ($2) returned to nogutznonutz
nogutznonutz collected $3.60 from pot
nogutznonutz: doesn't show hand 
*** SUMMARY ***
Total pot $3.75 | Rake $0.15 
Board [2c 3d 8h]
Seat 1: PwnTownMayor folded before Flop (didn't bet)
Seat 2: SpaceIceman folded on the Flop
Seat 3: PlayManyHand folded before Flop (didn't bet)
Seat 4: pokerlarry folded before Flop (didn't bet)
Seat 5: Alameda22 folded before Flop (didn't bet)
Seat 6: luckylukepoo folded before Flop (didn't bet)
Seat 7: nogutznonutz (button) collected ($3.60)
Seat 8: Periscope99 (small blind) folded before Flop
Seat 9: Teijeiro (big blind) folded before Flop



PokerStars Game #20149154567:  Hold'em No Limit ($0.25/$0.50) - 2008/09/04 18:25:25 ET
Table 'Chimay II' 9-max Seat #8 is the button
Seat 1: PwnTownMayor ($55.85 in chips) 
Seat 2: SpaceIceman ($99.20 in chips) 
Seat 3: PlayManyHand ($53.85 in chips) 
Seat 4: pokerlarry ($49.70 in chips) 
Seat 5: Alameda22 ($49.25 in chips) 
Seat 6: luckylukepoo ($49.75 in chips) 
Seat 7: nogutznonutz ($42.55 in chips) 
Seat 8: Periscope99 ($98 in chips) 
Seat 9: Teijeiro ($50.50 in chips) 
Teijeiro: posts small blind $0.25
PwnTownMayor: posts big blind $0.50
*** HOLE CARDS ***
Dealt to Alameda22 [9s 6s]
SpaceIceman: raises $1 to $1.50
PlayManyHand: folds 
pokerlarry: folds 
Alameda22: folds 
luckylukepoo: folds 
nogutznonutz: folds 
Periscope99: folds 
Teijeiro: calls $1.25
PwnTownMayor: calls $1
*** FLOP *** [3d 8s 2d]
Teijeiro: checks 
PwnTownMayor: checks 
SpaceIceman: bets $3
Teijeiro: folds 
PwnTownMayor: raises $7 to $10
SpaceIceman: calls $7
*** TURN *** [3d 8s 2d] [9h]
PwnTownMayor: bets $19
SpaceIceman: calls $19
*** RIVER *** [3d 8s 2d 9h] [Th]
PwnTownMayor: bets $25.35 and is all-in
SpaceIceman: calls $25.35
*** SHOW DOWN ***
PwnTownMayor: shows [7s Ts] (a pair of Tens)
SpaceIceman: shows [Qh Qd] (a pair of Queens)
SpaceIceman collected $110.20 from pot
*** SUMMARY ***
Total pot $113.20 | Rake $3 
Board [3d 8s 2d 9h Th]
Seat 1: PwnTownMayor (big blind) showed [7s Ts] and lost with a pair of Tens
Seat 2: SpaceIceman showed [Qh Qd] and won ($110.20) with a pair of Queens
Seat 3: PlayManyHand folded before Flop (didn't bet)
Seat 4: pokerlarry folded before Flop (didn't bet)
Seat 5: Alameda22 folded before Flop (didn't bet)
Seat 6: luckylukepoo folded before Flop (didn't bet)
Seat 7: nogutznonutz folded before Flop (didn't bet)
Seat 8: Periscope99 (button) folded before Flop (didn't bet)
Seat 9: Teijeiro (small blind) folded on the Flop



PokerStars Game #20149198635:  Hold'em No Limit ($0.25/$0.50) - 2008/09/04 18:27:21 ET
Table 'Chimay II' 9-max Seat #9 is the button
Seat 1: PwnTownMayor ($25 in chips) 
Seat 2: SpaceIceman ($153.55 in chips) 
Seat 3: PlayManyHand ($53.85 in chips) 
Seat 4: pokerlarry ($49.70 in chips) 
Seat 5: Alameda22 ($49.25 in chips) 
Seat 6: luckylukepoo ($49.75 in chips) 
Seat 7: nogutznonutz ($42.55 in chips) 
Seat 8: Periscope99 ($98 in chips) 
Seat 9: Teijeiro ($49 in chips) 
PwnTownMayor: posts small blind $0.25
SpaceIceman: posts big blind $0.50
*** HOLE CARDS ***
Dealt to Alameda22 [Th 5h]
PlayManyHand: folds 
pokerlarry: folds 
Alameda22: folds 
luckylukepoo: folds 
luckylukepoo leaves the table
nogutznonutz: folds 
Periscope99: folds 
Faraon777 joins the table at seat #6 
Teijeiro: folds 
PwnTownMayor: raises $24.50 to $25 and is all-in
SpaceIceman: folds 
Uncalled bet ($24.50) returned to PwnTownMayor
PwnTownMayor collected $1 from pot
*** SUMMARY ***
Total pot $1 | Rake $0 
Seat 1: PwnTownMayor (small blind) collected ($1)
Seat 2: SpaceIceman (big blind) folded before Flop
Seat 3: PlayManyHand folded before Flop (didn't bet)
Seat 4: pokerlarry folded before Flop (didn't bet)
Seat 5: Alameda22 folded before Flop (didn't bet)
Seat 6: luckylukepoo folded before Flop (didn't bet)
Seat 7: nogutznonutz folded before Flop (didn't bet)
Seat 8: Periscope99 folded before Flop (didn't bet)
Seat 9: Teijeiro (button) folded before Flop (didn't bet)



PokerStars Game #20149211335:  Hold'em No Limit ($0.25/$0.50) - 2008/09/04 18:27:55 ET
Table 'Chimay II' 9-max Seat #1 is the button
Seat 1: PwnTownMayor ($25.50 in chips) 
Seat 2: SpaceIceman ($153.05 in chips) 
Seat 3: PlayManyHand ($53.85 in chips) 
Seat 4: pokerlarry ($49.70 in chips) 
Seat 5: Alameda22 ($49.25 in chips) 
Seat 7: nogutznonutz ($42.55 in chips) 
Seat 8: Periscope99 ($98 in chips) 
Seat 9: Teijeiro ($49 in chips) 
SpaceIceman: posts small blind $0.25
PlayManyHand: posts big blind $0.50
Faraon777: sits out 
*** HOLE CARDS ***
Dealt to Alameda22 [As 3d]
pokerlarry: folds 
Alameda22: folds 
nogutznonutz: folds 
Periscope99: folds 
Teijeiro: folds 
PwnTownMayor: folds 
SpaceIceman: calls $0.25
PlayManyHand: checks 
*** FLOP *** [8s Ac Qd]
SpaceIceman: checks 
PlayManyHand: bets $1
SpaceIceman: folds 
Uncalled bet ($1) returned to PlayManyHand
PlayManyHand collected $0.95 from pot
PlayManyHand: doesn't show hand 
*** SUMMARY ***
Total pot $1 | Rake $0.05 
Board [8s Ac Qd]
Seat 1: PwnTownMayor (button) folded before Flop (didn't bet)
Seat 2: SpaceIceman (small blind) folded on the Flop
Seat 3: PlayManyHand (big blind) collected ($0.95)
Seat 4: pokerlarry folded before Flop (didn't bet)
Seat 5: Alameda22 folded before Flop (didn't bet)
Seat 7: nogutznonutz folded before Flop (didn't bet)
Seat 8: Periscope99 folded before Flop (didn't bet)
Seat 9: Teijeiro folded before Flop (didn't bet)



PokerStars Game #20149229039:  Hold'em No Limit ($0.25/$0.50) - 2008/09/04 18:28:42 ET
Table 'Chimay II' 9-max Seat #2 is the button
Seat 1: PwnTownMayor ($25.50 in chips) 
Seat 2: SpaceIceman ($152.55 in chips) 
Seat 3: PlayManyHand ($54.30 in chips) 
Seat 4: pokerlarry ($49.70 in chips) 
Seat 5: Alameda22 ($49.25 in chips) 
Seat 7: nogutznonutz ($42.55 in chips) 
Seat 8: Periscope99 ($98 in chips) 
Seat 9: Teijeiro ($49 in chips) 
PlayManyHand: posts small blind $0.25
pokerlarry: posts big blind $0.50
Faraon777: sits out 
*** HOLE CARDS ***
Dealt to Alameda22 [9c Ts]
Alameda22: folds 
nogutznonutz: folds 
Periscope99: folds 
Teijeiro: folds 
PwnTownMayor: folds 
SpaceIceman: raises $1 to $1.50
PlayManyHand: folds 
pokerlarry: calls $1
*** FLOP *** [Td 8d Qd]
pokerlarry: checks 
SpaceIceman: bets $2
pokerlarry: folds 
Uncalled bet ($2) returned to SpaceIceman
SpaceIceman collected $3.10 from pot
SpaceIceman: doesn't show hand 
*** SUMMARY ***
Total pot $3.25 | Rake $0.15 
Board [Td 8d Qd]
Seat 1: PwnTownMayor folded before Flop (didn't bet)
Seat 2: SpaceIceman (button) collected ($3.10)
Seat 3: PlayManyHand (small blind) folded before Flop
Seat 4: pokerlarry (big blind) folded on the Flop
Seat 5: Alameda22 folded before Flop (didn't bet)
Seat 7: nogutznonutz folded before Flop (didn't bet)
Seat 8: Periscope99 folded before Flop (didn't bet)
Seat 9: Teijeiro folded before Flop (didn't bet)



PokerStars Game #20149245318:  Hold'em No Limit ($0.25/$0.50) - 2008/09/04 18:29:25 ET
Table 'Chimay II' 9-max Seat #3 is the button
Seat 1: PwnTownMayor ($25.50 in chips) 
Seat 2: SpaceIceman ($154.15 in chips) 
Seat 3: PlayManyHand ($54.05 in chips) 
Seat 4: pokerlarry ($48.20 in chips) 
Seat 5: Alameda22 ($49.25 in chips) 
Seat 7: nogutznonutz ($42.55 in chips) 
Seat 8: Periscope99 ($98 in chips) 
Seat 9: Teijeiro ($49 in chips) 
pokerlarry: posts small blind $0.25
Alameda22: posts big blind $0.50
Faraon777: sits out 
*** HOLE CARDS ***
Dealt to Alameda22 [3s 9h]
nogutznonutz: folds 
Periscope99: raises $1 to $1.50
Teijeiro: raises $3 to $4.50
PwnTownMayor: folds 
SpaceIceman: folds 
PlayManyHand: folds 
pokerlarry: folds 
Alameda22: folds 
Periscope99: calls $3
*** FLOP *** [Kd Td Tc]
Periscope99: checks 
Teijeiro: bets $5
Periscope99: folds 
Uncalled bet ($5) returned to Teijeiro
Teijeiro collected $9.30 from pot
Teijeiro: doesn't show hand 
*** SUMMARY ***
Total pot $9.75 | Rake $0.45 
Board [Kd Td Tc]
Seat 1: PwnTownMayor folded before Flop (didn't bet)
Seat 2: SpaceIceman folded before Flop (didn't bet)
Seat 3: PlayManyHand (button) folded before Flop (didn't bet)
Seat 4: pokerlarry (small blind) folded before Flop
Seat 5: Alameda22 (big blind) folded before Flop
Seat 7: nogutznonutz folded before Flop (didn't bet)
Seat 8: Periscope99 folded on the Flop
Seat 9: Teijeiro collected ($9.30)



PokerStars Game #20149274726:  Hold'em No Limit ($0.25/$0.50) - 2008/09/04 18:30:43 ET
Table 'Chimay II' 9-max Seat #4 is the button
Seat 1: PwnTownMayor ($25.50 in chips) 
Seat 2: SpaceIceman ($154.15 in chips) 
Seat 3: PlayManyHand ($54.05 in chips) 
Seat 4: pokerlarry ($47.95 in chips) 
Seat 5: Alameda22 ($48.75 in chips) 
Seat 6: Faraon777 ($50 in chips) 
Seat 7: nogutznonutz ($42.55 in chips) 
Seat 8: Periscope99 ($93.50 in chips) 
Seat 9: Teijeiro ($53.80 in chips) 
Alameda22: posts small blind $0.25
Faraon777: posts big blind $0.50
*** HOLE CARDS ***
Dealt to Alameda22 [Kc 5d]
nogutznonutz: folds 
Periscope99: folds 
Teijeiro: raises $1 to $1.50
PwnTownMayor: folds 
SpaceIceman: folds 
PlayManyHand: folds 
pokerlarry: folds 
Alameda22: folds 
Faraon777: folds 
Uncalled bet ($1) returned to Teijeiro
Teijeiro collected $1.25 from pot
Teijeiro: doesn't show hand 
*** SUMMARY ***
Total pot $1.25 | Rake $0 
Seat 1: PwnTownMayor folded before Flop (didn't bet)
Seat 2: SpaceIceman folded before Flop (didn't bet)
Seat 3: PlayManyHand folded before Flop (didn't bet)
Seat 4: pokerlarry (button) folded before Flop (didn't bet)
Seat 5: Alameda22 (small blind) folded before Flop
Seat 6: Faraon777 (big blind) folded before Flop
Seat 7: nogutznonutz folded before Flop (didn't bet)
Seat 8: Periscope99 folded before Flop (didn't bet)
Seat 9: Teijeiro collected ($1.25)



PokerStars Game #20149292505:  Hold'em No Limit ($0.25/$0.50) - 2008/09/04 18:31:31 ET
Table 'Chimay II' 9-max Seat #5 is the button
Seat 1: PwnTownMayor ($25.50 in chips) 
Seat 2: SpaceIceman ($154.15 in chips) 
Seat 3: PlayManyHand ($54.05 in chips) 
Seat 4: pokerlarry ($47.95 in chips) 
Seat 5: Alameda22 ($48.50 in chips) 
Seat 6: Faraon777 ($50 in chips) 
Seat 7: nogutznonutz ($42.55 in chips) 
Seat 8: Periscope99 ($93.50 in chips) 
Seat 9: Teijeiro ($54.55 in chips) 
Faraon777: posts small blind $0.25
nogutznonutz: posts big blind $0.50
*** HOLE CARDS ***
Dealt to Alameda22 [Ac Kh]
Periscope99: folds 
Teijeiro: folds 
PwnTownMayor: folds 
SpaceIceman: folds 
PlayManyHand: folds 
pokerlarry: folds 
Alameda22: raises $1.50 to $2
Faraon777: folds 
nogutznonutz: calls $1.50
*** FLOP *** [Jh Ah Qd]
nogutznonutz: checks 
Alameda22: bets $3
nogutznonutz: folds 
Uncalled bet ($3) returned to Alameda22
Alameda22 collected $4.05 from pot
Alameda22: doesn't show hand 
*** SUMMARY ***
Total pot $4.25 | Rake $0.20 
Board [Jh Ah Qd]
Seat 1: PwnTownMayor folded before Flop (didn't bet)
Seat 2: SpaceIceman folded before Flop (didn't bet)
Seat 3: PlayManyHand folded before Flop (didn't bet)
Seat 4: pokerlarry folded before Flop (didn't bet)
Seat 5: Alameda22 (button) collected ($4.05)
Seat 6: Faraon777 (small blind) folded before Flop
Seat 7: nogutznonutz (big blind) folded on the Flop
Seat 8: Periscope99 folded before Flop (didn't bet)
Seat 9: Teijeiro folded before Flop (didn't bet)



PokerStars Game #20149308234:  Hold'em No Limit ($0.25/$0.50) - 2008/09/04 18:32:13 ET
Table 'Chimay II' 9-max Seat #6 is the button
Seat 1: PwnTownMayor ($25.50 in chips) 
Seat 2: SpaceIceman ($154.15 in chips) 
Seat 3: PlayManyHand ($54.05 in chips) 
Seat 4: pokerlarry ($47.95 in chips) 
Seat 5: Alameda22 ($50.55 in chips) 
Seat 6: Faraon777 ($50 in chips) 
Seat 7: nogutznonutz ($40.55 in chips) 
Seat 8: Periscope99 ($93.50 in chips) 
Seat 9: Teijeiro ($54.55 in chips) 
nogutznonutz: posts small blind $0.25
Periscope99: posts big blind $0.50
*** HOLE CARDS ***
Dealt to Alameda22 [Ac 7h]
Teijeiro: folds 
PwnTownMayor: folds 
SpaceIceman: folds 
PlayManyHand: folds 
pokerlarry: folds 
Alameda22: folds 
Faraon777: folds 
nogutznonutz: calls $0.25
Periscope99: checks 
*** FLOP *** [2s Ks 5h]
nogutznonutz: bets $0.50
Periscope99: folds 
Uncalled bet ($0.50) returned to nogutznonutz
nogutznonutz collected $0.95 from pot
nogutznonutz: doesn't show hand 
*** SUMMARY ***
Total pot $1 | Rake $0.05 
Board [2s Ks 5h]
Seat 1: PwnTownMayor folded before Flop (didn't bet)
Seat 2: SpaceIceman folded before Flop (didn't bet)
Seat 3: PlayManyHand folded before Flop (didn't bet)
Seat 4: pokerlarry folded before Flop (didn't bet)
Seat 5: Alameda22 folded before Flop (didn't bet)
Seat 6: Faraon777 (button) folded before Flop (didn't bet)
Seat 7: nogutznonutz (small blind) collected ($0.95)
Seat 8: Periscope99 (big blind) folded on the Flop
Seat 9: Teijeiro folded before Flop (didn't bet)



PokerStars Game #20149322484:  Hold'em No Limit ($0.25/$0.50) - 2008/09/04 18:32:52 ET
Table 'Chimay II' 9-max Seat #7 is the button
Seat 1: PwnTownMayor ($25.50 in chips) 
Seat 2: SpaceIceman ($154.15 in chips) 
Seat 3: PlayManyHand ($54.05 in chips) 
Seat 4: pokerlarry ($47.95 in chips) 
Seat 5: Alameda22 ($50.55 in chips) 
Seat 6: Faraon777 ($50 in chips) 
Seat 7: nogutznonutz ($41 in chips) 
Seat 8: Periscope99 ($93 in chips) 
Seat 9: Teijeiro ($54.55 in chips) 
Periscope99: posts small blind $0.25
Teijeiro: posts big blind $0.50
*** HOLE CARDS ***
Dealt to Alameda22 [Jh 3h]
PwnTownMayor: folds 
SpaceIceman: folds 
PlayManyHand: folds 
pokerlarry: folds 
pokerlarry is sitting out
Alameda22: folds 
Faraon777: raises $1 to $1.50
nogutznonutz: folds 
Periscope99: folds 
Teijeiro: folds 
Uncalled bet ($1) returned to Faraon777
Faraon777 collected $1.25 from pot
Faraon777: doesn't show hand 
*** SUMMARY ***
Total pot $1.25 | Rake $0 
Seat 1: PwnTownMayor folded before Flop (didn't bet)
Seat 2: SpaceIceman folded before Flop (didn't bet)
Seat 3: PlayManyHand folded before Flop (didn't bet)
Seat 4: pokerlarry folded before Flop (didn't bet)
Seat 5: Alameda22 folded before Flop (didn't bet)
Seat 6: Faraon777 collected ($1.25)
Seat 7: nogutznonutz (button) folded before Flop (didn't bet)
Seat 8: Periscope99 (small blind) folded before Flop
Seat 9: Teijeiro (big blind) folded before Flop



PokerStars Game #20149335295:  Hold'em No Limit ($0.25/$0.50) - 2008/09/04 18:33:26 ET
Table 'Chimay II' 9-max Seat #8 is the button
Seat 1: PwnTownMayor ($25.50 in chips) 
Seat 2: SpaceIceman ($154.15 in chips) 
Seat 3: PlayManyHand ($54.05 in chips) 
Seat 5: Alameda22 ($50.55 in chips) 
Seat 6: Faraon777 ($50.75 in chips) 
Seat 7: nogutznonutz ($41 in chips) 
Seat 8: Periscope99 ($92.75 in chips) 
Seat 9: Teijeiro ($54.05 in chips) 
Teijeiro: posts small blind $0.25
PwnTownMayor: posts big blind $0.50
*** HOLE CARDS ***
Dealt to Alameda22 [9h 3s]
SpaceIceman: folds 
PlayManyHand: folds 
Alameda22: folds 
Faraon777: raises $1 to $1.50
nogutznonutz: folds 
Periscope99: folds 
Teijeiro: folds 
PwnTownMayor: folds 
Uncalled bet ($1) returned to Faraon777
Faraon777 collected $1.25 from pot
Faraon777: doesn't show hand 
*** SUMMARY ***
Total pot $1.25 | Rake $0 
Seat 1: PwnTownMayor (big blind) folded before Flop
Seat 2: SpaceIceman folded before Flop (didn't bet)
Seat 3: PlayManyHand folded before Flop (didn't bet)
Seat 5: Alameda22 folded before Flop (didn't bet)
Seat 6: Faraon777 collected ($1.25)
Seat 7: nogutznonutz folded before Flop (didn't bet)
Seat 8: Periscope99 (button) folded before Flop (didn't bet)
Seat 9: Teijeiro (small blind) folded before Flop



PokerStars Game #20149349554:  Hold'em No Limit ($0.25/$0.50) - 2008/09/04 18:34:05 ET
Table 'Chimay II' 9-max Seat #9 is the button
Seat 1: PwnTownMayor ($25 in chips) 
Seat 3: PlayManyHand ($54.05 in chips) 
Seat 5: Alameda22 ($50.55 in chips) 
Seat 6: Faraon777 ($51.50 in chips) 
Seat 7: nogutznonutz ($41 in chips) 
Seat 8: Periscope99 ($92.75 in chips) 
Seat 9: Teijeiro ($53.80 in chips) 
PwnTownMayor: posts small blind $0.25
SpaceIceman: is sitting out 
PlayManyHand: posts big blind $0.50
*** HOLE CARDS ***
Dealt to Alameda22 [9c Jh]
SpaceIceman leaves the table
Alameda22: folds 
Faraon777: folds 
nogutznonutz: calls $0.50
Periscope99: raises $1.50 to $2
Teijeiro: folds 
PwnTownMayor: folds 
PlayManyHand: folds 
nogutznonutz: folds 
Uncalled bet ($1.50) returned to Periscope99
Periscope99 collected $1.75 from pot
Periscope99: doesn't show hand 
*** SUMMARY ***
Total pot $1.75 | Rake $0 
Seat 1: PwnTownMayor (small blind) folded before Flop
Seat 3: PlayManyHand (big blind) folded before Flop
Seat 5: Alameda22 folded before Flop (didn't bet)
Seat 6: Faraon777 folded before Flop (didn't bet)
Seat 7: nogutznonutz folded before Flop
Seat 8: Periscope99 collected ($1.75)
Seat 9: Teijeiro (button) folded before Flop (didn't bet)



PokerStars Game #20149368679:  Hold'em No Limit ($0.25/$0.50) - 2008/09/04 18:34:57 ET
Table 'Chimay II' 9-max Seat #1 is the button
Seat 1: PwnTownMayor ($24.75 in chips) 
Seat 3: PlayManyHand ($53.55 in chips) 
Seat 5: Alameda22 ($50.55 in chips) 
Seat 6: Faraon777 ($51.50 in chips) 
Seat 7: nogutznonutz ($40.50 in chips) 
Seat 8: Periscope99 ($94 in chips) 
Seat 9: Teijeiro ($53.80 in chips) 
PlayManyHand: posts small blind $0.25
Alameda22: posts big blind $0.50
*** HOLE CARDS ***
Dealt to Alameda22 [As 8s]
pokerlarry has returned
Faraon777: folds 
nogutznonutz: folds 
Periscope99: calls $0.50
Teijeiro: calls $0.50
PwnTownMayor: calls $0.50
PlayManyHand: calls $0.25
Alameda22: checks 
*** FLOP *** [2d 5s 9s]
PlayManyHand: checks 
Alameda22: checks 
Periscope99: checks 
Teijeiro: checks 
PwnTownMayor: bets $1.50
PlayManyHand: folds 
raceoffroad joins the table at seat #2 
Alameda22: calls $1.50
Periscope99: folds 
Teijeiro: folds 
*** TURN *** [2d 5s 9s] [7s]
Alameda22: bets $3.50
PwnTownMayor: folds 
Uncalled bet ($3.50) returned to Alameda22
Alameda22 collected $5.25 from pot
Alameda22: doesn't show hand 
*** SUMMARY ***
Total pot $5.50 | Rake $0.25 
Board [2d 5s 9s 7s]
Seat 1: PwnTownMayor (button) folded on the Turn
Seat 3: PlayManyHand (small blind) folded on the Flop
Seat 5: Alameda22 (big blind) collected ($5.25)
Seat 6: Faraon777 folded before Flop (didn't bet)
Seat 7: nogutznonutz folded before Flop (didn't bet)
Seat 8: Periscope99 folded on the Flop
Seat 9: Teijeiro folded on the Flop



PokerStars Game #20149416000:  Hold'em No Limit ($0.25/$0.50) - 2008/09/04 18:37:04 ET
Table 'Chimay II' 9-max Seat #3 is the button
Seat 1: PwnTownMayor ($22.75 in chips) 
Seat 2: raceoffroad ($30 in chips) 
Seat 3: PlayManyHand ($53.05 in chips) 
Seat 5: Alameda22 ($53.80 in chips) 
Seat 6: Faraon777 ($51.50 in chips) 
Seat 7: nogutznonutz ($40.50 in chips) 
Seat 8: Periscope99 ($93.50 in chips) 
Seat 9: Teijeiro ($53.30 in chips) 
pokerlarry will be allowed to play after the button
Alameda22: posts small blind $0.25
Faraon777: posts big blind $0.50
raceoffroad: posts big blind $0.50
*** HOLE CARDS ***
Dealt to Alameda22 [2h Qc]
nogutznonutz: calls $0.50
Periscope99: calls $0.50
Teijeiro: folds 
PwnTownMayor: folds 
PwnTownMayor leaves the table
raceoffroad: checks 
PlayManyHand: folds 
smw20 joins the table at seat #1 
Alameda22: folds 
Faraon777: checks 
*** FLOP *** [Ac As 7h]
Faraon777: checks 
nogutznonutz: bets $1
Periscope99: folds 
raceoffroad: folds 
Faraon777: folds 
Uncalled bet ($1) returned to nogutznonutz
nogutznonutz collected $2.15 from pot
nogutznonutz: doesn't show hand 
*** SUMMARY ***
Total pot $2.25 | Rake $0.10 
Board [Ac As 7h]
Seat 1: PwnTownMayor folded before Flop (didn't bet)
Seat 2: raceoffroad folded on the Flop
Seat 3: PlayManyHand (button) folded before Flop (didn't bet)
Seat 5: Alameda22 (small blind) folded before Flop
Seat 6: Faraon777 (big blind) folded on the Flop
Seat 7: nogutznonutz collected ($2.15)
Seat 8: Periscope99 folded on the Flop
Seat 9: Teijeiro folded before Flop (didn't bet)



PokerStars Game #20149453721:  Hold'em No Limit ($0.25/$0.50) - 2008/09/04 18:38:44 ET
Table 'Chimay II' 9-max Seat #5 is the button
Seat 1: smw20 ($30 in chips) 
Seat 2: raceoffroad ($29.50 in chips) 
Seat 3: PlayManyHand ($53.05 in chips) 
Seat 4: pokerlarry ($47.95 in chips) 
Seat 5: Alameda22 ($53.55 in chips) 
Seat 6: Faraon777 ($51 in chips) 
Seat 7: nogutznonutz ($42.15 in chips) 
Seat 8: Periscope99 ($93 in chips) 
Seat 9: Teijeiro ($53.30 in chips) 
Faraon777: posts small blind $0.25
nogutznonutz: posts big blind $0.50
smw20: posts big blind $0.50
pokerlarry: posts small & big blinds $0.75
*** HOLE CARDS ***
Dealt to Alameda22 [Ac 9s]
Periscope99: folds 
Teijeiro: folds 
smw20: checks 
raceoffroad: folds 
PlayManyHand: calls $0.50
pokerlarry: checks 
Alameda22: folds 
Faraon777: folds 
nogutznonutz: checks 
*** FLOP *** [5s 8h 4c]
nogutznonutz: checks 
smw20: bets $1
PlayManyHand: folds 
pokerlarry: folds 
nogutznonutz: folds 
Uncalled bet ($1) returned to smw20
smw20 collected $2.40 from pot
smw20: doesn't show hand 
*** SUMMARY ***
Total pot $2.50 | Rake $0.10 
Board [5s 8h 4c]
Seat 1: smw20 collected ($2.40)
Seat 2: raceoffroad folded before Flop (didn't bet)
Seat 3: PlayManyHand folded on the Flop
Seat 4: pokerlarry folded on the Flop
Seat 5: Alameda22 (button) folded before Flop (didn't bet)
Seat 6: Faraon777 (small blind) folded before Flop
Seat 7: nogutznonutz (big blind) folded on the Flop
Seat 8: Periscope99 folded before Flop (didn't bet)
Seat 9: Teijeiro folded before Flop (didn't bet)



PokerStars Game #20149479183:  Hold'em No Limit ($0.25/$0.50) - 2008/09/04 18:39:52 ET
Table 'Chimay II' 9-max Seat #6 is the button
Seat 1: smw20 ($31.90 in chips) 
Seat 2: raceoffroad ($29.50 in chips) 
Seat 3: PlayManyHand ($52.55 in chips) 
Seat 4: pokerlarry ($47.20 in chips) 
Seat 5: Alameda22 ($53.55 in chips) 
Seat 6: Faraon777 ($50.75 in chips) 
Seat 7: nogutznonutz ($41.65 in chips) 
Seat 8: Periscope99 ($93 in chips) 
Seat 9: Teijeiro ($53.30 in chips) 
nogutznonutz: posts small blind $0.25
Periscope99: posts big blind $0.50
*** HOLE CARDS ***
Dealt to Alameda22 [As Qs]
Teijeiro: folds 
smw20: calls $0.50
raceoffroad: folds 
PlayManyHand: folds 
pokerlarry: folds 
Alameda22: raises $2 to $2.50
Faraon777: raises $6 to $8.50
nogutznonutz: folds 
Periscope99: folds 
smw20: folds 
Alameda22: folds 
Uncalled bet ($6) returned to Faraon777
Faraon777 collected $6.25 from pot
Faraon777: doesn't show hand 
*** SUMMARY ***
Total pot $6.25 | Rake $0 
Seat 1: smw20 folded before Flop
Seat 2: raceoffroad folded before Flop (didn't bet)
Seat 3: PlayManyHand folded before Flop (didn't bet)
Seat 4: pokerlarry folded before Flop (didn't bet)
Seat 5: Alameda22 folded before Flop
Seat 6: Faraon777 (button) collected ($6.25)
Seat 7: nogutznonutz (small blind) folded before Flop
Seat 8: Periscope99 (big blind) folded before Flop
Seat 9: Teijeiro folded before Flop (didn't bet)



PokerStars Game #20149501044:  Hold'em No Limit ($0.25/$0.50) - 2008/09/04 18:40:51 ET
Table 'Chimay II' 9-max Seat #7 is the button
Seat 1: smw20 ($31.40 in chips) 
Seat 2: raceoffroad ($29.50 in chips) 
Seat 3: PlayManyHand ($52.55 in chips) 
Seat 4: pokerlarry ($47.20 in chips) 
Seat 5: Alameda22 ($51.05 in chips) 
Seat 6: Faraon777 ($54.50 in chips) 
Seat 7: nogutznonutz ($41.40 in chips) 
Seat 8: Periscope99 ($92.50 in chips) 
Seat 9: Teijeiro ($53.30 in chips) 
Periscope99: posts small blind $0.25
Teijeiro: posts big blind $0.50
*** HOLE CARDS ***
Dealt to Alameda22 [5c Qd]
smw20: folds 
raceoffroad: folds 
PlayManyHand: folds 
pokerlarry: folds 
Alameda22: folds 
Faraon777: folds 
nogutznonutz: folds 
Periscope99: calls $0.25
Teijeiro: checks 
*** FLOP *** [8c 7s 3c]
Periscope99: bets $1
Teijeiro: calls $1
*** TURN *** [8c 7s 3c] [9c]
Periscope99: checks 
Teijeiro: checks 
*** RIVER *** [8c 7s 3c 9c] [6c]
Periscope99: checks 
Teijeiro: checks 
*** SHOW DOWN ***
Periscope99: shows [Ks 3h] (a pair of Threes)
Teijeiro: shows [3s 6h] (two pair, Sixes and Threes)
Teijeiro collected $2.90 from pot
*** SUMMARY ***
Total pot $3 | Rake $0.10 
Board [8c 7s 3c 9c 6c]
Seat 1: smw20 folded before Flop (didn't bet)
Seat 2: raceoffroad folded before Flop (didn't bet)
Seat 3: PlayManyHand folded before Flop (didn't bet)
Seat 4: pokerlarry folded before Flop (didn't bet)
Seat 5: Alameda22 folded before Flop (didn't bet)
Seat 6: Faraon777 folded before Flop (didn't bet)
Seat 7: nogutznonutz (button) folded before Flop (didn't bet)
Seat 8: Periscope99 (small blind) showed [Ks 3h] and lost with a pair of Threes
Seat 9: Teijeiro (big blind) showed [3s 6h] and won ($2.90) with two pair, Sixes and Threes



PokerStars Game #20149533502:  Hold'em No Limit ($0.25/$0.50) - 2008/09/04 18:42:19 ET
Table 'Chimay II' 9-max Seat #8 is the button
Seat 1: smw20 ($31.40 in chips) 
Seat 2: raceoffroad ($29.50 in chips) 
Seat 3: PlayManyHand ($52.55 in chips) 
Seat 4: pokerlarry ($47.20 in chips) 
Seat 5: Alameda22 ($51.05 in chips) 
Seat 6: Faraon777 ($54.50 in chips) 
Seat 7: nogutznonutz ($41.40 in chips) 
Seat 8: Periscope99 ($91 in chips) 
Seat 9: Teijeiro ($54.70 in chips) 
Teijeiro: posts small blind $0.25
smw20: posts big blind $0.50
*** HOLE CARDS ***
Dealt to Alameda22 [7c Ks]
raceoffroad: folds 
PlayManyHand: folds 
pokerlarry: folds 
Alameda22: folds 
Faraon777: folds 
nogutznonutz: folds 
Periscope99: raises $1 to $1.50
Teijeiro: folds 
smw20: calls $1
*** FLOP *** [8d 3h Tc]
smw20: checks 
Periscope99: bets $1.50
smw20: folds 
Uncalled bet ($1.50) returned to Periscope99
Periscope99 collected $3.10 from pot
Periscope99: doesn't show hand 
*** SUMMARY ***
Total pot $3.25 | Rake $0.15 
Board [8d 3h Tc]
Seat 1: smw20 (big blind) folded on the Flop
Seat 2: raceoffroad folded before Flop (didn't bet)
Seat 3: PlayManyHand folded before Flop (didn't bet)
Seat 4: pokerlarry folded before Flop (didn't bet)
Seat 5: Alameda22 folded before Flop (didn't bet)
Seat 6: Faraon777 folded before Flop (didn't bet)
Seat 7: nogutznonutz folded before Flop (didn't bet)
Seat 8: Periscope99 (button) collected ($3.10)
Seat 9: Teijeiro (small blind) folded before Flop



PokerStars Game #20149550868:  Hold'em No Limit ($0.25/$0.50) - 2008/09/04 18:43:06 ET
Table 'Chimay II' 9-max Seat #9 is the button
Seat 1: smw20 ($29.90 in chips) 
Seat 2: raceoffroad ($29.50 in chips) 
Seat 3: PlayManyHand ($52.55 in chips) 
Seat 4: pokerlarry ($47.20 in chips) 
Seat 5: Alameda22 ($51.05 in chips) 
Seat 6: Faraon777 ($54.50 in chips) 
Seat 7: nogutznonutz ($41.40 in chips) 
Seat 8: Periscope99 ($92.60 in chips) 
Seat 9: Teijeiro ($54.45 in chips) 
smw20: posts small blind $0.25
raceoffroad: posts big blind $0.50
*** HOLE CARDS ***
Dealt to Alameda22 [Qh 8h]
PlayManyHand: folds 
pokerlarry: folds 
Alameda22: folds 
Faraon777: folds 
nogutznonutz: calls $0.50
Periscope99: folds 
Teijeiro: folds 
smw20: calls $0.25
raceoffroad: checks 
*** FLOP *** [4d Kc Qd]
smw20: checks 
raceoffroad: checks 
nogutznonutz: bets $1
smw20: folds 
raceoffroad: folds 
Uncalled bet ($1) returned to nogutznonutz
nogutznonutz collected $1.45 from pot
nogutznonutz: doesn't show hand 
*** SUMMARY ***
Total pot $1.50 | Rake $0.05 
Board [4d Kc Qd]
Seat 1: smw20 (small blind) folded on the Flop
Seat 2: raceoffroad (big blind) folded on the Flop
Seat 3: PlayManyHand folded before Flop (didn't bet)
Seat 4: pokerlarry folded before Flop (didn't bet)
Seat 5: Alameda22 folded before Flop (didn't bet)
Seat 6: Faraon777 folded before Flop (didn't bet)
Seat 7: nogutznonutz collected ($1.45)
Seat 8: Periscope99 folded before Flop (didn't bet)
Seat 9: Teijeiro (button) folded before Flop (didn't bet)



PokerStars Game #20149582817:  Hold'em No Limit ($0.25/$0.50) - 2008/09/04 18:44:33 ET
Table 'Chimay II' 9-max Seat #1 is the button
Seat 1: smw20 ($29.40 in chips) 
Seat 2: raceoffroad ($29 in chips) 
Seat 3: PlayManyHand ($52.55 in chips) 
Seat 4: pokerlarry ($47.20 in chips) 
Seat 5: Alameda22 ($51.05 in chips) 
Seat 6: Faraon777 ($54.50 in chips) 
Seat 7: nogutznonutz ($42.35 in chips) 
Seat 8: Periscope99 ($92.60 in chips) 
Seat 9: Teijeiro ($54.45 in chips) 
raceoffroad: posts small blind $0.25
PlayManyHand: posts big blind $0.50
*** HOLE CARDS ***
Dealt to Alameda22 [4h 3d]
pokerlarry: folds 
Alameda22: folds 
pokerlarry is sitting out
Faraon777: folds 
nogutznonutz: folds 
Periscope99: folds 
Teijeiro: folds 
smw20: folds 
raceoffroad: folds 
Uncalled bet ($0.25) returned to PlayManyHand
PlayManyHand collected $0.50 from pot
PlayManyHand: doesn't show hand 
*** SUMMARY ***
Total pot $0.50 | Rake $0 
Seat 1: smw20 (button) folded before Flop (didn't bet)
Seat 2: raceoffroad (small blind) folded before Flop
Seat 3: PlayManyHand (big blind) collected ($0.50)
Seat 4: pokerlarry folded before Flop (didn't bet)
Seat 5: Alameda22 folded before Flop (didn't bet)
Seat 6: Faraon777 folded before Flop (didn't bet)
Seat 7: nogutznonutz folded before Flop (didn't bet)
Seat 8: Periscope99 folded before Flop (didn't bet)
Seat 9: Teijeiro folded before Flop (didn't bet)



PokerStars Game #20149601432:  Hold'em No Limit ($0.25/$0.50) - 2008/09/04 18:45:24 ET
Table 'Chimay II' 9-max Seat #2 is the button
Seat 1: smw20 ($29.40 in chips) 
Seat 2: raceoffroad ($28.75 in chips) 
Seat 3: PlayManyHand ($52.80 in chips) 
Seat 5: Alameda22 ($51.05 in chips) 
Seat 6: Faraon777 ($54.50 in chips) 
Seat 7: nogutznonutz ($42.35 in chips) 
Seat 8: Periscope99 ($92.60 in chips) 
Seat 9: Teijeiro ($54.45 in chips) 
PlayManyHand: posts small blind $0.25
Alameda22: posts big blind $0.50
*** HOLE CARDS ***
Dealt to Alameda22 [Ad 9c]
Faraon777: folds 
nogutznonutz: raises $0.50 to $1
pokerlarry leaves the table
Periscope99: folds 
Teijeiro: folds 
smw20: calls $1
raceoffroad: folds 
r2d2bot joins the table at seat #4 
PlayManyHand: folds 
Alameda22: folds 
*** FLOP *** [Qh 5h 8s]
nogutznonutz: checks 
smw20: bets $1.50
nogutznonutz: calls $1.50
*** TURN *** [Qh 5h 8s] [8c]
nogutznonutz: checks 
smw20: bets $3.50
nogutznonutz: folds 
Uncalled bet ($3.50) returned to smw20
smw20 collected $5.50 from pot
smw20: doesn't show hand 
*** SUMMARY ***
Total pot $5.75 | Rake $0.25 
Board [Qh 5h 8s 8c]
Seat 1: smw20 collected ($5.50)
Seat 2: raceoffroad (button) folded before Flop (didn't bet)
Seat 3: PlayManyHand (small blind) folded before Flop
Seat 5: Alameda22 (big blind) folded before Flop
Seat 6: Faraon777 folded before Flop (didn't bet)
Seat 7: nogutznonutz folded on the Turn
Seat 8: Periscope99 folded before Flop (didn't bet)
Seat 9: Teijeiro folded before Flop (didn't bet)



PokerStars Game #20149629020:  Hold'em No Limit ($0.25/$0.50) - 2008/09/04 18:46:39 ET
Table 'Chimay II' 9-max Seat #3 is the button
Seat 1: smw20 ($32.40 in chips) 
Seat 2: raceoffroad ($28.75 in chips) 
Seat 3: PlayManyHand ($52.55 in chips) 
Seat 5: Alameda22 ($50.55 in chips) 
Seat 6: Faraon777 ($54.50 in chips) 
Seat 7: nogutznonutz ($39.85 in chips) 
Seat 8: Periscope99 ($92.60 in chips) 
Seat 9: Teijeiro ($54.45 in chips) 
r2d2bot will be allowed to play after the button
Alameda22: posts small blind $0.25
Faraon777: posts big blind $0.50
*** HOLE CARDS ***
Dealt to Alameda22 [3c 2d]
nogutznonutz: folds 
nogutznonutz leaves the table
Periscope99: folds 
Teijeiro: raises $1 to $1.50
smw20: calls $1.50
raceoffroad: folds 
PlayManyHand: folds 
Alameda22: folds 
Faraon777: folds 
*** FLOP *** [Qc 7c 7s]
Teijeiro: bets $1
smw20: calls $1
*** TURN *** [Qc 7c 7s] [Js]
Teijeiro: bets $1.50
smw20: calls $1.50
*** RIVER *** [Qc 7c 7s Js] [9s]
Teijeiro: bets $4
smw20: calls $4
*** SHOW DOWN ***
Teijeiro: shows [Qs Qh] (a full house, Queens full of Sevens)
smw20: mucks hand 
Teijeiro collected $15.95 from pot
*** SUMMARY ***
Total pot $16.75 | Rake $0.80 
Board [Qc 7c 7s Js 9s]
Seat 1: smw20 mucked [Kc Jc]
Seat 2: raceoffroad folded before Flop (didn't bet)
Seat 3: PlayManyHand (button) folded before Flop (didn't bet)
Seat 5: Alameda22 (small blind) folded before Flop
Seat 6: Faraon777 (big blind) folded before Flop
Seat 7: nogutznonutz folded before Flop (didn't bet)
Seat 8: Periscope99 folded before Flop (didn't bet)
Seat 9: Teijeiro showed [Qs Qh] and won ($15.95) with a full house, Queens full of Sevens



PokerStars Game #20149654581:  Hold'em No Limit ($0.25/$0.50) - 2008/09/04 18:47:48 ET
Table 'Chimay II' 9-max Seat #5 is the button
Seat 1: smw20 ($24.40 in chips) 
Seat 2: raceoffroad ($28.75 in chips) 
Seat 3: PlayManyHand ($52.55 in chips) 
Seat 5: Alameda22 ($50.30 in chips) 
Seat 6: Faraon777 ($54 in chips) 
Seat 8: Periscope99 ($92.60 in chips) 
Seat 9: Teijeiro ($62.40 in chips) 
Faraon777: posts small blind $0.25
Periscope99: posts big blind $0.50
r2d2bot: sits out 
*** HOLE CARDS ***
Dealt to Alameda22 [4h Jd]
Teijeiro: folds 
smw20: calls $0.50
raceoffroad: folds 
PlayManyHand: folds 
Alameda22: folds 
Faraon777: folds 
Periscope99: raises $1 to $1.50
smw20: calls $1
*** FLOP *** [2c Qc Kd]
Periscope99: bets $2
smw20: calls $2
*** TURN *** [2c Qc Kd] [Td]
Periscope99: bets $3.50
smw20: folds 
Uncalled bet ($3.50) returned to Periscope99
Periscope99 collected $6.90 from pot
Periscope99: doesn't show hand 
*** SUMMARY ***
Total pot $7.25 | Rake $0.35 
Board [2c Qc Kd Td]
Seat 1: smw20 folded on the Turn
Seat 2: raceoffroad folded before Flop (didn't bet)
Seat 3: PlayManyHand folded before Flop (didn't bet)
Seat 5: Alameda22 (button) folded before Flop (didn't bet)
Seat 6: Faraon777 (small blind) folded before Flop
Seat 8: Periscope99 (big blind) collected ($6.90)
Seat 9: Teijeiro folded before Flop (didn't bet)



PokerStars Game #20149676396:  Hold'em No Limit ($0.25/$0.50) - 2008/09/04 18:48:48 ET
Table 'Chimay II' 9-max Seat #6 is the button
Seat 1: smw20 ($20.90 in chips) 
Seat 2: raceoffroad ($28.75 in chips) 
Seat 3: PlayManyHand ($52.55 in chips) 
Seat 5: Alameda22 ($50.30 in chips) 
Seat 6: Faraon777 ($53.75 in chips) 
Seat 8: Periscope99 ($96 in chips) 
Seat 9: Teijeiro ($62.40 in chips) 
Periscope99: posts small blind $0.25
Teijeiro: posts big blind $0.50
r2d2bot: sits out 
*** HOLE CARDS ***
Dealt to Alameda22 [2c Jd]
smw20: calls $0.50
Free-Cash-PS joins the table at seat #7 
raceoffroad: folds 
PlayManyHand: folds 
Alameda22: folds 
Faraon777: folds 
Periscope99: calls $0.25
Teijeiro: checks 
*** FLOP *** [3d 9h 5s]
Periscope99: bets $1.50
Teijeiro: folds 
smw20: calls $1.50
*** TURN *** [3d 9h 5s] [8c]
Periscope99: bets $2.50
smw20: folds 
Uncalled bet ($2.50) returned to Periscope99
Periscope99 collected $4.30 from pot
Periscope99: doesn't show hand 
*** SUMMARY ***
Total pot $4.50 | Rake $0.20 
Board [3d 9h 5s 8c]
Seat 1: smw20 folded on the Turn
Seat 2: raceoffroad folded before Flop (didn't bet)
Seat 3: PlayManyHand folded before Flop (didn't bet)
Seat 5: Alameda22 folded before Flop (didn't bet)
Seat 6: Faraon777 (button) folded before Flop (didn't bet)
Seat 8: Periscope99 (small blind) collected ($4.30)
Seat 9: Teijeiro (big blind) folded on the Flop



PokerStars Game #20149701027:  Hold'em No Limit ($0.25/$0.50) - 2008/09/04 18:49:54 ET
Table 'Chimay II' 9-max Seat #8 is the button
Seat 1: smw20 ($18.90 in chips) 
Seat 2: raceoffroad ($28.75 in chips) 
Seat 3: PlayManyHand ($52.55 in chips) 
Seat 5: Alameda22 ($50.30 in chips) 
Seat 6: Faraon777 ($53.75 in chips) 
Seat 8: Periscope99 ($98.30 in chips) 
Seat 9: Teijeiro ($61.90 in chips) 
Teijeiro: posts small blind $0.25
smw20: posts big blind $0.50
r2d2bot: sits out 
Free-Cash-PS: sits out 
*** HOLE CARDS ***
Dealt to Alameda22 [Qc Ks]
raceoffroad: folds 
PlayManyHand: folds 
Alameda22: folds 
Faraon777: raises $1 to $1.50
Periscope99: folds 
Teijeiro: folds 
smw20: calls $1
*** FLOP *** [As 3c Qs]
smw20: checks 
Faraon777: checks 
*** TURN *** [As 3c Qs] [4s]
smw20: checks 
Faraon777: checks 
*** RIVER *** [As 3c Qs 4s] [5d]
smw20: bets $1.50
Faraon777: folds 
Uncalled bet ($1.50) returned to smw20
smw20 collected $3.10 from pot
smw20: doesn't show hand 
*** SUMMARY ***
Total pot $3.25 | Rake $0.15 
Board [As 3c Qs 4s 5d]
Seat 1: smw20 (big blind) collected ($3.10)
Seat 2: raceoffroad folded before Flop (didn't bet)
Seat 3: PlayManyHand folded before Flop (didn't bet)
Seat 5: Alameda22 folded before Flop (didn't bet)
Seat 6: Faraon777 folded on the River
Seat 8: Periscope99 (button) folded before Flop (didn't bet)
Seat 9: Teijeiro (small blind) folded before Flop



PokerStars Game #20149722528:  Hold'em No Limit ($0.25/$0.50) - 2008/09/04 18:50:53 ET
Table 'Chimay II' 9-max Seat #9 is the button
Seat 1: smw20 ($20.50 in chips) 
Seat 2: raceoffroad ($28.75 in chips) 
Seat 3: PlayManyHand ($52.55 in chips) 
Seat 5: Alameda22 ($50.30 in chips) 
Seat 6: Faraon777 ($52.25 in chips) 
Seat 8: Periscope99 ($98.30 in chips) 
Seat 9: Teijeiro ($61.65 in chips) 
smw20: posts small blind $0.25
raceoffroad: posts big blind $0.50
r2d2bot: sits out 
Free-Cash-PS: sits out 
*** HOLE CARDS ***
Dealt to Alameda22 [9c 7d]
PlayManyHand: folds 
Alameda22: folds 
Faraon777: folds 
Periscope99: folds 
Teijeiro: raises $1 to $1.50
smw20: folds 
raceoffroad: calls $1
*** FLOP *** [8d Td Ks]
raceoffroad: checks 
Teijeiro: bets $1
raceoffroad: folds 
Uncalled bet ($1) returned to Teijeiro
Teijeiro collected $3.10 from pot
Teijeiro: doesn't show hand 
*** SUMMARY ***
Total pot $3.25 | Rake $0.15 
Board [8d Td Ks]
Seat 1: smw20 (small blind) folded before Flop
Seat 2: raceoffroad (big blind) folded on the Flop
Seat 3: PlayManyHand folded before Flop (didn't bet)
Seat 5: Alameda22 folded before Flop (didn't bet)
Seat 6: Faraon777 folded before Flop (didn't bet)
Seat 8: Periscope99 folded before Flop (didn't bet)
Seat 9: Teijeiro (button) collected ($3.10)



PokerStars Game #20149735930:  Hold'em No Limit ($0.25/$0.50) - 2008/09/04 18:51:30 ET
Table 'Chimay II' 9-max Seat #1 is the button
Seat 1: smw20 ($20.25 in chips) 
Seat 2: raceoffroad ($27.25 in chips) 
Seat 3: PlayManyHand ($52.55 in chips) 
Seat 5: Alameda22 ($50.30 in chips) 
Seat 6: Faraon777 ($52.25 in chips) 
Seat 8: Periscope99 ($98.30 in chips) 
Seat 9: Teijeiro ($63.25 in chips) 
raceoffroad: posts small blind $0.25
PlayManyHand: posts big blind $0.50
r2d2bot: sits out 
Free-Cash-PS: sits out 
*** HOLE CARDS ***
Dealt to Alameda22 [9c Tc]
Alameda22: folds 
Faraon777: folds 
Periscope99: calls $0.50
Teijeiro: folds 
smw20: folds 
raceoffroad: calls $0.25
PlayManyHand: checks 
*** FLOP *** [4s Qc Qh]
raceoffroad: checks 
PlayManyHand: checks 
Periscope99: bets $1.50
raceoffroad: folds 
PlayManyHand: folds 
Uncalled bet ($1.50) returned to Periscope99
Periscope99 collected $1.45 from pot
Periscope99: doesn't show hand 
*** SUMMARY ***
Total pot $1.50 | Rake $0.05 
Board [4s Qc Qh]
Seat 1: smw20 (button) folded before Flop (didn't bet)
Seat 2: raceoffroad (small blind) folded on the Flop
Seat 3: PlayManyHand (big blind) folded on the Flop
Seat 5: Alameda22 folded before Flop (didn't bet)
Seat 6: Faraon777 folded before Flop (didn't bet)
Seat 8: Periscope99 collected ($1.45)
Seat 9: Teijeiro folded before Flop (didn't bet)



PokerStars Game #20149758058:  Hold'em No Limit ($0.25/$0.50) - 2008/09/04 18:52:30 ET
Table 'Chimay II' 9-max Seat #2 is the button
Seat 1: smw20 ($20.25 in chips) 
Seat 2: raceoffroad ($26.75 in chips) 
Seat 3: PlayManyHand ($52.05 in chips) 
Seat 4: r2d2bot ($50 in chips) 
Seat 5: Alameda22 ($50.30 in chips) 
Seat 6: Faraon777 ($52.25 in chips) 
Seat 8: Periscope99 ($99.25 in chips) 
Seat 9: Teijeiro ($63.25 in chips) 
PlayManyHand: posts small blind $0.25
r2d2bot: posts big blind $0.50
Free-Cash-PS: sits out 
*** HOLE CARDS ***
Dealt to Alameda22 [Qd 6s]
Alameda22: folds 
Faraon777: raises $1 to $1.50
Periscope99: calls $1.50
Teijeiro: folds 
smw20: folds 
raceoffroad: folds 
PlayManyHand: folds 
r2d2bot: folds 
*** FLOP *** [5s Ad 4d]
Faraon777: bets $2.50
Periscope99: raises $2.50 to $5
Faraon777: calls $2.50
*** TURN *** [5s Ad 4d] [2s]
Faraon777: checks 
Periscope99: checks 
*** RIVER *** [5s Ad 4d 2s] [9c]
Faraon777: checks 
Periscope99: checks 
*** SHOW DOWN ***
Faraon777: shows [Qh Ac] (a pair of Aces)
Periscope99: shows [Th As] (a pair of Aces - lower kicker)
Faraon777 collected $13.10 from pot
*** SUMMARY ***
Total pot $13.75 | Rake $0.65 
Board [5s Ad 4d 2s 9c]
Seat 1: smw20 folded before Flop (didn't bet)
Seat 2: raceoffroad (button) folded before Flop (didn't bet)
Seat 3: PlayManyHand (small blind) folded before Flop
Seat 4: r2d2bot (big blind) folded before Flop
Seat 5: Alameda22 folded before Flop (didn't bet)
Seat 6: Faraon777 showed [Qh Ac] and won ($13.10) with a pair of Aces
Seat 8: Periscope99 showed [Th As] and lost with a pair of Aces
Seat 9: Teijeiro folded before Flop (didn't bet)



PokerStars Game #20149784976:  Hold'em No Limit ($0.25/$0.50) - 2008/09/04 18:53:44 ET
Table 'Chimay II' 9-max Seat #3 is the button
Seat 1: smw20 ($20.25 in chips) 
Seat 2: raceoffroad ($26.75 in chips) 
Seat 3: PlayManyHand ($51.80 in chips) 
Seat 4: r2d2bot ($49.50 in chips) 
Seat 5: Alameda22 ($50.30 in chips) 
Seat 6: Faraon777 ($58.85 in chips) 
Seat 8: Periscope99 ($92.75 in chips) 
Seat 9: Teijeiro ($63.25 in chips) 
r2d2bot: posts small blind $0.25
Alameda22: posts big blind $0.50
Free-Cash-PS: sits out 
*** HOLE CARDS ***
Dealt to Alameda22 [9d 2s]
Faraon777: folds 
Periscope99: folds 
Teijeiro: folds 
smw20: raises $1 to $1.50
raceoffroad: folds 
PlayManyHand: folds 
r2d2bot: folds 
Alameda22: folds 
Uncalled bet ($1) returned to smw20
smw20 collected $1.25 from pot
smw20: doesn't show hand 
*** SUMMARY ***
Total pot $1.25 | Rake $0 
Seat 1: smw20 collected ($1.25)
Seat 2: raceoffroad folded before Flop (didn't bet)
Seat 3: PlayManyHand (button) folded before Flop (didn't bet)
Seat 4: r2d2bot (small blind) folded before Flop
Seat 5: Alameda22 (big blind) folded before Flop
Seat 6: Faraon777 folded before Flop (didn't bet)
Seat 8: Periscope99 folded before Flop (didn't bet)
Seat 9: Teijeiro folded before Flop (didn't bet)



PokerStars Game #20149807012:  Hold'em No Limit ($0.25/$0.50) - 2008/09/04 18:54:43 ET
Table 'Chimay II' 9-max Seat #4 is the button
Seat 1: smw20 ($21 in chips) 
Seat 2: raceoffroad ($26.75 in chips) 
Seat 3: PlayManyHand ($51.80 in chips) 
Seat 4: r2d2bot ($49.25 in chips) 
Seat 5: Alameda22 ($49.80 in chips) 
Seat 6: Faraon777 ($58.85 in chips) 
Seat 8: Periscope99 ($92.75 in chips) 
Seat 9: Teijeiro ($63.25 in chips) 
Alameda22: posts small blind $0.25
Faraon777: posts big blind $0.50
Free-Cash-PS: sits out 
*** HOLE CARDS ***
Dealt to Alameda22 [9d Qs]
Periscope99: raises $1 to $1.50
Teijeiro: folds 
smw20: folds 
raceoffroad: folds 
PlayManyHand: folds 
r2d2bot: folds 
Alameda22: folds 
Faraon777: folds 
Uncalled bet ($1) returned to Periscope99
Periscope99 collected $1.25 from pot
Periscope99: doesn't show hand 
*** SUMMARY ***
Total pot $1.25 | Rake $0 
Seat 1: smw20 folded before Flop (didn't bet)
Seat 2: raceoffroad folded before Flop (didn't bet)
Seat 3: PlayManyHand folded before Flop (didn't bet)
Seat 4: r2d2bot (button) folded before Flop (didn't bet)
Seat 5: Alameda22 (small blind) folded before Flop
Seat 6: Faraon777 (big blind) folded before Flop
Seat 8: Periscope99 collected ($1.25)
Seat 9: Teijeiro folded before Flop (didn't bet)



PokerStars Game #20149827369:  Hold'em No Limit ($0.25/$0.50) - 2008/09/04 18:55:39 ET
Table 'Chimay II' 9-max Seat #5 is the button
Seat 1: smw20 ($21 in chips) 
Seat 2: raceoffroad ($26.75 in chips) 
Seat 3: PlayManyHand ($51.80 in chips) 
Seat 4: r2d2bot ($49.25 in chips) 
Seat 5: Alameda22 ($49.55 in chips) 
Seat 6: Faraon777 ($58.35 in chips) 
Seat 8: Periscope99 ($93.50 in chips) 
Seat 9: Teijeiro ($63.25 in chips) 
Faraon777: posts small blind $0.25
Free-Cash-PS: is sitting out 
Periscope99: posts big blind $0.50
*** HOLE CARDS ***
Dealt to Alameda22 [3c 5h]
Free-Cash-PS leaves the table
Teijeiro: calls $0.50
smw20: folds 
raceoffroad: raises $1.50 to $2
PlayManyHand: folds 
r2d2bot: folds 
Alameda22: folds 
Faraon777: folds 
Periscope99: folds 
Teijeiro: folds 
Uncalled bet ($1.50) returned to raceoffroad
raceoffroad collected $1.75 from pot
raceoffroad: doesn't show hand 
*** SUMMARY ***
Total pot $1.75 | Rake $0 
Seat 1: smw20 folded before Flop (didn't bet)
Seat 2: raceoffroad collected ($1.75)
Seat 3: PlayManyHand folded before Flop (didn't bet)
Seat 4: r2d2bot folded before Flop (didn't bet)
Seat 5: Alameda22 (button) folded before Flop (didn't bet)
Seat 6: Faraon777 (small blind) folded before Flop
Seat 8: Periscope99 (big blind) folded before Flop
Seat 9: Teijeiro folded before Flop



PokerStars Game #20156029024:  Hold'em No Limit ($0.25/$0.50) - 2008/09/04 23:45:37 ET
Table 'Chimay II' 9-max Seat #1 is the button
Seat 1: vltava ($49.75 in chips) 
Seat 2: alaird ($45.25 in chips) 
Seat 3: chaz313 ($36.95 in chips) 
Seat 4: Spanische ($99.35 in chips) 
Seat 5: justbilll ($103.20 in chips) 
Seat 6: UBISHERE ($29.45 in chips) 
Seat 7: Tito_9800BJB ($21 in chips) 
Seat 8: mickeysimba ($42.65 in chips) 
Seat 9: Alameda22 ($50 in chips) 
alaird: posts small blind $0.25
chaz313: posts big blind $0.50
Alameda22: posts big blind $0.50
*** HOLE CARDS ***
Dealt to Alameda22 [As Jd]
Spanische: folds 
justbilll: folds 
UBISHERE: folds 
Tito_9800BJB: folds 
mickeysimba: raises $1 to $1.50
Alameda22: calls $1
vltava: calls $1.50
alaird: folds 
chaz313: folds 
*** FLOP *** [8c 7c 5s]
mickeysimba: bets $3
Alameda22: folds 
vltava: raises $11 to $14
mickeysimba: calls $11
*** TURN *** [8c 7c 5s] [Js]
mickeysimba: checks 
vltava: bets $34.25 and is all-in
Tito_9800BJB said, "any day now"
mickeysimba: calls $27.15 and is all-in
Uncalled bet ($7.10) returned to vltava
*** RIVER *** [8c 7c 5s Js] [Jh]
*** SHOW DOWN ***
mickeysimba: shows [Ac 9c] (a pair of Jacks)
vltava: shows [5c 6c] (two pair, Jacks and Fives)
vltava collected $84.55 from pot
mickeysimba leaves the table
*** SUMMARY ***
Total pot $87.55 | Rake $3 
Board [8c 7c 5s Js Jh]
Seat 1: vltava (button) showed [5c 6c] and won ($84.55) with two pair, Jacks and Fives
Seat 2: alaird (small blind) folded before Flop
Seat 3: chaz313 (big blind) folded before Flop
Seat 4: Spanische folded before Flop (didn't bet)
Seat 5: justbilll folded before Flop (didn't bet)
Seat 6: UBISHERE folded before Flop (didn't bet)
Seat 7: Tito_9800BJB folded before Flop (didn't bet)
Seat 8: mickeysimba showed [Ac 9c] and lost with a pair of Jacks
Seat 9: Alameda22 folded on the Flop



PokerStars Game #20156074794:  Hold'em No Limit ($0.25/$0.50) - 2008/09/04 23:48:04 ET
Table 'Chimay II' 9-max Seat #2 is the button
Seat 1: vltava ($91.65 in chips) 
Seat 2: alaird ($45 in chips) 
Seat 3: chaz313 ($36.45 in chips) 
Seat 4: Spanische ($99.35 in chips) 
Seat 5: justbilll ($103.20 in chips) 
Seat 6: UBISHERE ($29.45 in chips) 
Seat 7: Tito_9800BJB ($21 in chips) 
Seat 9: Alameda22 ($48.50 in chips) 
chaz313: posts small blind $0.25
Spanische: posts big blind $0.50
*** HOLE CARDS ***
Dealt to Alameda22 [Qd 6c]
justbilll: calls $0.50
UBISHERE: folds 
Tito_9800BJB: folds 
Alameda22: folds 
vltava: folds 
alaird: calls $0.50
chaz313: calls $0.25
Spanische: checks 
*** FLOP *** [Jc 9c Ts]
chaz313: checks 
Spanische: checks 
justbilll: checks 
alaird: bets $1
chaz313: folds 
Spanische: folds 
justbilll: calls $1
*** TURN *** [Jc 9c Ts] [4d]
justbilll: checks 
alaird: bets $1
justbilll: calls $1
*** RIVER *** [Jc 9c Ts 4d] [Jh]
justbilll: checks 
skatter joins the table at seat #8 
alaird: bets $1.50
justbilll: calls $1.50
*** SHOW DOWN ***
alaird: shows [Jd Qh] (three of a kind, Jacks)
justbilll: mucks hand 
alaird collected $8.60 from pot
*** SUMMARY ***
Total pot $9 | Rake $0.40 
Board [Jc 9c Ts 4d Jh]
Seat 1: vltava folded before Flop (didn't bet)
Seat 2: alaird (button) showed [Jd Qh] and won ($8.60) with three of a kind, Jacks
Seat 3: chaz313 (small blind) folded on the Flop
Seat 4: Spanische (big blind) folded on the Flop
Seat 5: justbilll mucked [Ks Tc]
Seat 6: UBISHERE folded before Flop (didn't bet)
Seat 7: Tito_9800BJB folded before Flop (didn't bet)
Seat 9: Alameda22 folded before Flop (didn't bet)



PokerStars Game #20156107419:  Hold'em No Limit ($0.25/$0.50) - 2008/09/04 23:49:49 ET
Table 'Chimay II' 9-max Seat #3 is the button
Seat 1: vltava ($91.65 in chips) 
Seat 2: alaird ($49.60 in chips) 
Seat 3: chaz313 ($35.95 in chips) 
Seat 4: Spanische ($98.85 in chips) 
Seat 5: justbilll ($99.20 in chips) 
Seat 6: UBISHERE ($29.45 in chips) 
Seat 7: Tito_9800BJB ($21 in chips) 
Seat 9: Alameda22 ($48.50 in chips) 
Spanische: posts small blind $0.25
justbilll: posts big blind $0.50
skatter: sits out 
*** HOLE CARDS ***
Dealt to Alameda22 [5c 4c]
UBISHERE: folds 
Tito_9800BJB: folds 
Alameda22: folds 
vltava: raises $1 to $1.50
alaird: folds 
chaz313: folds 
Spanische: folds 
justbilll: folds 
Uncalled bet ($1) returned to vltava
vltava collected $1.25 from pot
vltava: doesn't show hand 
*** SUMMARY ***
Total pot $1.25 | Rake $0 
Seat 1: vltava collected ($1.25)
Seat 2: alaird folded before Flop (didn't bet)
Seat 3: chaz313 (button) folded before Flop (didn't bet)
Seat 4: Spanische (small blind) folded before Flop
Seat 5: justbilll (big blind) folded before Flop
Seat 6: UBISHERE folded before Flop (didn't bet)
Seat 7: Tito_9800BJB folded before Flop (didn't bet)
Seat 9: Alameda22 folded before Flop (didn't bet)



PokerStars Game #20156122237:  Hold'em No Limit ($0.25/$0.50) - 2008/09/04 23:50:37 ET
Table 'Chimay II' 9-max Seat #4 is the button
Seat 1: vltava ($92.40 in chips) 
Seat 2: alaird ($49.60 in chips) 
Seat 3: chaz313 ($35.95 in chips) 
Seat 4: Spanische ($98.60 in chips) 
Seat 5: justbilll ($98.70 in chips) 
Seat 6: UBISHERE ($29.45 in chips) 
Seat 7: Tito_9800BJB ($21 in chips) 
Seat 9: Alameda22 ($48.50 in chips) 
justbilll: posts small blind $0.25
UBISHERE: posts big blind $0.50
skatter: sits out 
*** HOLE CARDS ***
Dealt to Alameda22 [8s Ac]
Tito_9800BJB: folds 
Alameda22: folds 
vltava: calls $0.50
alaird: calls $0.50
chaz313: folds 
Spanische: calls $0.50
justbilll: folds 
UBISHERE: raises $2 to $2.50
vltava: folds 
alaird: calls $2
Spanische: folds 
*** FLOP *** [7d Kd 7h]
UBISHERE: bets $5.50
alaird: folds 
Uncalled bet ($5.50) returned to UBISHERE
UBISHERE collected $5.95 from pot
UBISHERE: doesn't show hand 
*** SUMMARY ***
Total pot $6.25 | Rake $0.30 
Board [7d Kd 7h]
Seat 1: vltava folded before Flop
Seat 2: alaird folded on the Flop
Seat 3: chaz313 folded before Flop (didn't bet)
Seat 4: Spanische (button) folded before Flop
Seat 5: justbilll (small blind) folded before Flop
Seat 6: UBISHERE (big blind) collected ($5.95)
Seat 7: Tito_9800BJB folded before Flop (didn't bet)
Seat 9: Alameda22 folded before Flop (didn't bet)



PokerStars Game #20156143480:  Hold'em No Limit ($0.25/$0.50) - 2008/09/04 23:51:46 ET
Table 'Chimay II' 9-max Seat #5 is the button
Seat 1: vltava ($91.90 in chips) 
Seat 2: alaird ($47.10 in chips) 
Seat 3: chaz313 ($35.95 in chips) 
Seat 4: Spanische ($98.10 in chips) 
Seat 5: justbilll ($98.45 in chips) 
Seat 6: UBISHERE ($32.90 in chips) 
Seat 7: Tito_9800BJB ($21 in chips) 
Seat 9: Alameda22 ($48.50 in chips) 
UBISHERE: posts small blind $0.25
Tito_9800BJB: posts big blind $0.50
skatter: sits out 
*** HOLE CARDS ***
Dealt to Alameda22 [5d Th]
Alameda22: folds 
vltava: folds 
alaird: folds 
chaz313: folds 
Spanische: raises $1 to $1.50
justbilll: folds 
UBISHERE: folds 
Tito_9800BJB: folds 
Uncalled bet ($1) returned to Spanische
Spanische collected $1.25 from pot
*** SUMMARY ***
Total pot $1.25 | Rake $0 
Seat 1: vltava folded before Flop (didn't bet)
Seat 2: alaird folded before Flop (didn't bet)
Seat 3: chaz313 folded before Flop (didn't bet)
Seat 4: Spanische collected ($1.25)
Seat 5: justbilll (button) folded before Flop (didn't bet)
Seat 6: UBISHERE (small blind) folded before Flop
Seat 7: Tito_9800BJB (big blind) folded before Flop
Seat 9: Alameda22 folded before Flop (didn't bet)



PokerStars Game #20156167980:  Hold'em No Limit ($0.25/$0.50) - 2008/09/04 23:53:06 ET
Table 'Chimay II' 9-max Seat #6 is the button
Seat 1: vltava ($91.90 in chips) 
Seat 2: alaird ($47.10 in chips) 
Seat 3: chaz313 ($35.95 in chips) 
Seat 4: Spanische ($98.85 in chips) 
Seat 5: justbilll ($98.45 in chips) 
Seat 6: UBISHERE ($32.65 in chips) 
Seat 7: Tito_9800BJB ($20.50 in chips) 
Seat 8: skatter ($50 in chips) 
Seat 9: Alameda22 ($48.50 in chips) 
Tito_9800BJB: posts small blind $0.25
skatter: posts big blind $0.50
*** HOLE CARDS ***
Dealt to Alameda22 [7h 8s]
Alameda22: folds 
vltava: folds 
alaird: folds 
chaz313: folds 
Spanische: folds 
justbilll: folds 
UBISHERE: folds 
Tito_9800BJB: folds 
Uncalled bet ($0.25) returned to skatter
skatter collected $0.50 from pot
skatter: doesn't show hand 
*** SUMMARY ***
Total pot $0.50 | Rake $0 
Seat 1: vltava folded before Flop (didn't bet)
Seat 2: alaird folded before Flop (didn't bet)
Seat 3: chaz313 folded before Flop (didn't bet)
Seat 4: Spanische folded before Flop (didn't bet)
Seat 5: justbilll folded before Flop (didn't bet)
Seat 6: UBISHERE (button) folded before Flop (didn't bet)
Seat 7: Tito_9800BJB (small blind) folded before Flop
Seat 8: skatter (big blind) collected ($0.50)
Seat 9: Alameda22 folded before Flop (didn't bet)



PokerStars Game #20156181737:  Hold'em No Limit ($0.25/$0.50) - 2008/09/04 23:53:51 ET
Table 'Chimay II' 9-max Seat #7 is the button
Seat 1: vltava ($91.90 in chips) 
Seat 2: alaird ($47.10 in chips) 
Seat 3: chaz313 ($35.95 in chips) 
Seat 4: Spanische ($98.85 in chips) 
Seat 5: justbilll ($98.45 in chips) 
Seat 6: UBISHERE ($32.65 in chips) 
Seat 7: Tito_9800BJB ($20.25 in chips) 
Seat 8: skatter ($50.25 in chips) 
Seat 9: Alameda22 ($48.50 in chips) 
skatter: posts small blind $0.25
Alameda22: posts big blind $0.50
*** HOLE CARDS ***
Dealt to Alameda22 [Kh Jd]
vltava: folds 
alaird: calls $0.50
chaz313: folds 
Spanische: folds 
justbilll: folds 
UBISHERE: raises $1.50 to $2
Tito_9800BJB: folds 
skatter: folds 
Alameda22: folds 
alaird: calls $1.50
*** FLOP *** [Tc 8d 9h]
alaird: checks 
UBISHERE: bets $4
alaird: folds 
Uncalled bet ($4) returned to UBISHERE
UBISHERE collected $4.55 from pot
UBISHERE: doesn't show hand 
*** SUMMARY ***
Total pot $4.75 | Rake $0.20 
Board [Tc 8d 9h]
Seat 1: vltava folded before Flop (didn't bet)
Seat 2: alaird folded on the Flop
Seat 3: chaz313 folded before Flop (didn't bet)
Seat 4: Spanische folded before Flop (didn't bet)
Seat 5: justbilll folded before Flop (didn't bet)
Seat 6: UBISHERE collected ($4.55)
Seat 7: Tito_9800BJB (button) folded before Flop (didn't bet)
Seat 8: skatter (small blind) folded before Flop
Seat 9: Alameda22 (big blind) folded before Flop



PokerStars Game #20156201125:  Hold'em No Limit ($0.25/$0.50) - 2008/09/04 23:54:54 ET
Table 'Chimay II' 9-max Seat #8 is the button
Seat 1: vltava ($91.90 in chips) 
Seat 2: alaird ($45.10 in chips) 
Seat 3: chaz313 ($35.95 in chips) 
Seat 4: Spanische ($98.85 in chips) 
Seat 5: justbilll ($98.45 in chips) 
Seat 6: UBISHERE ($35.20 in chips) 
Seat 7: Tito_9800BJB ($20.25 in chips) 
Seat 8: skatter ($50 in chips) 
Seat 9: Alameda22 ($48 in chips) 
Alameda22: posts small blind $0.25
vltava: posts big blind $0.50
*** HOLE CARDS ***
Dealt to Alameda22 [7s 8d]
alaird: folds 
chaz313: folds 
Spanische: folds 
justbilll: folds 
UBISHERE: folds 
Tito_9800BJB: folds 
skatter: calls $0.50
Alameda22: folds 
vltava: checks 
*** FLOP *** [Jh Ad 5c]
vltava: checks 
skatter: bets $1
vltava: folds 
Uncalled bet ($1) returned to skatter
skatter collected $1.20 from pot
skatter: doesn't show hand 
*** SUMMARY ***
Total pot $1.25 | Rake $0.05 
Board [Jh Ad 5c]
Seat 1: vltava (big blind) folded on the Flop
Seat 2: alaird folded before Flop (didn't bet)
Seat 3: chaz313 folded before Flop (didn't bet)
Seat 4: Spanische folded before Flop (didn't bet)
Seat 5: justbilll folded before Flop (didn't bet)
Seat 6: UBISHERE folded before Flop (didn't bet)
Seat 7: Tito_9800BJB folded before Flop (didn't bet)
Seat 8: skatter (button) collected ($1.20)
Seat 9: Alameda22 (small blind) folded before Flop



PokerStars Game #20156233111:  Hold'em No Limit ($0.25/$0.50) - 2008/09/04 23:56:39 ET
Table 'Chimay II' 9-max Seat #9 is the button
Seat 1: vltava ($91.40 in chips) 
Seat 2: alaird ($45.10 in chips) 
Seat 3: chaz313 ($35.95 in chips) 
Seat 4: Spanische ($98.85 in chips) 
Seat 5: justbilll ($98.45 in chips) 
Seat 6: UBISHERE ($35.20 in chips) 
Seat 7: Tito_9800BJB ($20.25 in chips) 
Seat 8: skatter ($50.70 in chips) 
Seat 9: Alameda22 ($47.75 in chips) 
vltava: posts small blind $0.25
alaird: posts big blind $0.50
*** HOLE CARDS ***
Dealt to Alameda22 [2s Ah]
chaz313: folds 
Spanische: folds 
justbilll: folds 
UBISHERE: folds 
Tito_9800BJB: folds 
skatter: calls $0.50
Alameda22: folds 
vltava: calls $0.25
alaird: checks 
*** FLOP *** [Tc 3d Jc]
vltava: bets $1.50
alaird: folds 
skatter: folds 
Uncalled bet ($1.50) returned to vltava
vltava collected $1.45 from pot
vltava: doesn't show hand 
*** SUMMARY ***
Total pot $1.50 | Rake $0.05 
Board [Tc 3d Jc]
Seat 1: vltava (small blind) collected ($1.45)
Seat 2: alaird (big blind) folded on the Flop
Seat 3: chaz313 folded before Flop (didn't bet)
Seat 4: Spanische folded before Flop (didn't bet)
Seat 5: justbilll folded before Flop (didn't bet)
Seat 6: UBISHERE folded before Flop (didn't bet)
Seat 7: Tito_9800BJB folded before Flop (didn't bet)
Seat 8: skatter folded on the Flop
Seat 9: Alameda22 (button) folded before Flop (didn't bet)



PokerStars Game #20156250134:  Hold'em No Limit ($0.25/$0.50) - 2008/09/04 23:57:34 ET
Table 'Chimay II' 9-max Seat #1 is the button
Seat 1: vltava ($92.35 in chips) 
Seat 2: alaird ($44.60 in chips) 
Seat 3: chaz313 ($35.95 in chips) 
Seat 4: Spanische ($98.85 in chips) 
Seat 5: justbilll ($98.45 in chips) 
Seat 6: UBISHERE ($35.20 in chips) 
Seat 7: Tito_9800BJB ($20.25 in chips) 
Seat 8: skatter ($50.20 in chips) 
Seat 9: Alameda22 ($47.75 in chips) 
alaird: posts small blind $0.25
chaz313: posts big blind $0.50
*** HOLE CARDS ***
Dealt to Alameda22 [2h 4c]
Spanische: folds 
justbilll: calls $0.50
UBISHERE: folds 
Tito_9800BJB: folds 
skatter: folds 
Alameda22: folds 
vltava: calls $0.50
alaird: calls $0.25
chaz313: checks 
*** FLOP *** [Kd Jd Th]
alaird: checks 
chaz313: checks 
justbilll: checks 
vltava: checks 
*** TURN *** [Kd Jd Th] [9c]
alaird: checks 
chaz313: checks 
justbilll: checks 
vltava: checks 
*** RIVER *** [Kd Jd Th 9c] [4d]
alaird: checks 
chaz313: checks 
justbilll: checks 
vltava: checks 
*** SHOW DOWN ***
alaird: shows [Jc Ah] (a pair of Jacks)
chaz313: mucks hand 
justbilll: mucks hand 
vltava: mucks hand 
alaird collected $1.90 from pot
*** SUMMARY ***
Total pot $2 | Rake $0.10 
Board [Kd Jd Th 9c 4d]
Seat 1: vltava (button) mucked [8s 6s]
Seat 2: alaird (small blind) showed [Jc Ah] and won ($1.90) with a pair of Jacks
Seat 3: chaz313 (big blind) mucked [9s 3s]
Seat 4: Spanische folded before Flop (didn't bet)
Seat 5: justbilll mucked [Ac 2c]
Seat 6: UBISHERE folded before Flop (didn't bet)
Seat 7: Tito_9800BJB folded before Flop (didn't bet)
Seat 8: skatter folded before Flop (didn't bet)
Seat 9: Alameda22 folded before Flop (didn't bet)



PokerStars Game #20156274166:  Hold'em No Limit ($0.25/$0.50) - 2008/09/04 23:58:54 ET
Table 'Chimay II' 9-max Seat #2 is the button
Seat 1: vltava ($91.85 in chips) 
Seat 2: alaird ($46 in chips) 
Seat 3: chaz313 ($35.45 in chips) 
Seat 4: Spanische ($98.85 in chips) 
Seat 5: justbilll ($97.95 in chips) 
Seat 6: UBISHERE ($35.20 in chips) 
Seat 7: Tito_9800BJB ($20.25 in chips) 
Seat 8: skatter ($50.20 in chips) 
Seat 9: Alameda22 ($47.75 in chips) 
chaz313: posts small blind $0.25
Spanische: posts big blind $0.50
*** HOLE CARDS ***
Dealt to Alameda22 [4d 3c]
justbilll: calls $0.50
UBISHERE: folds 
Tito_9800BJB: calls $0.50
skatter: folds 
Alameda22: folds 
vltava: folds 
alaird: folds 
chaz313: calls $0.25
Spanische: checks 
*** FLOP *** [7c 6h 2h]
chaz313: checks 
Spanische: checks 
justbilll: checks 
Tito_9800BJB: bets $1
chaz313: folds 
Spanische: folds 
justbilll: folds 
Uncalled bet ($1) returned to Tito_9800BJB
Tito_9800BJB collected $1.90 from pot
Tito_9800BJB: doesn't show hand 
*** SUMMARY ***
Total pot $2 | Rake $0.10 
Board [7c 6h 2h]
Seat 1: vltava folded before Flop (didn't bet)
Seat 2: alaird (button) folded before Flop (didn't bet)
Seat 3: chaz313 (small blind) folded on the Flop
Seat 4: Spanische (big blind) folded on the Flop
Seat 5: justbilll folded on the Flop
Seat 6: UBISHERE folded before Flop (didn't bet)
Seat 7: Tito_9800BJB collected ($1.90)
Seat 8: skatter folded before Flop (didn't bet)
Seat 9: Alameda22 folded before Flop (didn't bet)



