PokerStars Game #19903797827:  Hold'em No Limit ($0.10/$0.25) - 2008/08/26 - 00:00:05 (ET)
Table 'Eucharis' 9-max Seat #5 is the button
Seat 1: wakelife23 ($24.25 in chips) 
Seat 2: nuttydreams ($9.15 in chips) 
Seat 3: royman0785 ($43.15 in chips) 
Seat 4: Farva500 ($21.65 in chips) 
Seat 5: k030101 ($22.45 in chips) 
Seat 6: silver2871 ($29.40 in chips) 
Seat 7: Alameda22 ($32.85 in chips) 
Seat 8: mcall20 ($34.60 in chips) 
Seat 9: 928racer ($27.20 in chips) 
silver2871: posts small blind $0.10
Alameda22: posts big blind $0.25
*** HOLE CARDS ***
Dealt to Alameda22 [7d 4c]
mcall20 said, "not luck just great timing"
mcall20: folds 
928racer: folds 
wakelife23: calls $0.25
nuttydreams: folds 
royman0785: folds 
Farva500: folds 
k030101: calls $0.25
mcall20 said, "ive been waiting on that flop for a while\"
silver2871: folds 
Alameda22: checks 
*** FLOP *** [9c 6s 2h]
mcall20 said, "\it worked u lost stop crying"
Alameda22: checks 
wakelife23: bets $0.50
k030101: folds 
Alameda22: folds 
Uncalled bet ($0.50) returned to wakelife23
wakelife23 collected $0.85 from pot
wakelife23 said, "if you think"
*** SUMMARY ***
Total pot $0.85 | Rake $0 
Board [9c 6s 2h]
Seat 1: wakelife23 collected ($0.85)
Seat 2: nuttydreams folded before Flop (didn't bet)
Seat 3: royman0785 folded before Flop (didn't bet)
Seat 4: Farva500 folded before Flop (didn't bet)
Seat 5: k030101 (button) folded on the Flop
Seat 6: silver2871 (small blind) folded before Flop
Seat 7: Alameda22 (big blind) folded on the Flop
Seat 8: mcall20 folded before Flop (didn't bet)
Seat 9: 928racer folded before Flop (didn't bet)



PokerStars Game #19903818319:  Hold'em No Limit ($0.10/$0.25) - 2008/08/26 - 00:01:12 (ET)
Table 'Eucharis' 9-max Seat #6 is the button
Seat 1: wakelife23 ($24.85 in chips) 
Seat 2: nuttydreams ($9.15 in chips) 
Seat 3: royman0785 ($43.15 in chips) 
Seat 4: Farva500 ($21.65 in chips) 
Seat 5: k030101 ($22.20 in chips) 
Seat 6: silver2871 ($29.30 in chips) 
Seat 7: Alameda22 ($32.60 in chips) 
Seat 8: mcall20 ($34.60 in chips) 
Seat 9: 928racer ($27.20 in chips) 
Alameda22: posts small blind $0.10
mcall20: posts big blind $0.25
*** HOLE CARDS ***
Dealt to Alameda22 [Kc 9s]
mcall20 said, "did i win?"
928racer: folds 
wakelife23: folds 
nuttydreams: folds 
royman0785: folds 
Farva500: folds 
k030101: folds 
mcall20 said, "if yes it worked"
silver2871: folds 
Alameda22: folds 
Uncalled bet ($0.15) returned to mcall20
mcall20 collected $0.20 from pot
mcall20: doesn't show hand 
*** SUMMARY ***
Total pot $0.20 | Rake $0 
Seat 1: wakelife23 folded before Flop (didn't bet)
Seat 2: nuttydreams folded before Flop (didn't bet)
Seat 3: royman0785 folded before Flop (didn't bet)
Seat 4: Farva500 folded before Flop (didn't bet)
Seat 5: k030101 folded before Flop (didn't bet)
Seat 6: silver2871 (button) folded before Flop (didn't bet)
Seat 7: Alameda22 (small blind) folded before Flop
Seat 8: mcall20 (big blind) collected ($0.20)
Seat 9: 928racer folded before Flop (didn't bet)



PokerStars Game #19903826582:  Hold'em No Limit ($0.10/$0.25) - 2008/08/26 - 00:01:38 (ET)
Table 'Eucharis' 9-max Seat #7 is the button
Seat 1: wakelife23 ($24.85 in chips) 
Seat 2: nuttydreams ($9.15 in chips) 
Seat 3: royman0785 ($43.15 in chips) 
Seat 4: Farva500 ($21.65 in chips) 
Seat 5: k030101 ($22.20 in chips) 
Seat 6: silver2871 ($29.30 in chips) 
Seat 7: Alameda22 ($32.50 in chips) 
Seat 8: mcall20 ($34.70 in chips) 
mcall20 said, "no thinking"
mcall20: posts small blind $0.10
928racer: is sitting out 
928racer leaves the table
wakelife23: posts big blind $0.25
*** HOLE CARDS ***
Dealt to Alameda22 [5h 6h]
wakelife23 said, "not on long time"
mcall20 said, "fact"
mcall20 said, "whatever"
wakelife23 said, "for sure"
Stuness joins the table at seat #9 
mcall20 said, "ok"
nuttydreams: folds 
royman0785: folds 
Farva500: folds 
k030101: folds 
silver2871: raises $1 to $1.25
Alameda22: folds 
mcall20: folds 
mcall20 said, "you keep waiting for the nutz and ill do my thing\"
wakelife23: folds 
Uncalled bet ($1) returned to silver2871
silver2871 collected $0.60 from pot
*** SUMMARY ***
Total pot $0.60 | Rake $0 
Seat 1: wakelife23 (big blind) folded before Flop
Seat 2: nuttydreams folded before Flop (didn't bet)
Seat 3: royman0785 folded before Flop (didn't bet)
Seat 4: Farva500 folded before Flop (didn't bet)
Seat 5: k030101 folded before Flop (didn't bet)
Seat 6: silver2871 collected ($0.60)
Seat 7: Alameda22 (button) folded before Flop (didn't bet)
Seat 8: mcall20 (small blind) folded before Flop



PokerStars Game #19903841632:  Hold'em No Limit ($0.10/$0.25) - 2008/08/26 - 00:02:28 (ET)
Table 'Eucharis' 9-max Seat #8 is the button
Seat 1: wakelife23 ($24.60 in chips) 
Seat 2: nuttydreams ($9.15 in chips) 
Seat 3: royman0785 ($43.15 in chips) 
Seat 4: Farva500 ($21.65 in chips) 
Seat 5: k030101 ($22.20 in chips) 
Seat 6: silver2871 ($29.65 in chips) 
Seat 7: Alameda22 ($32.50 in chips) 
Seat 8: mcall20 ($34.60 in chips) 
Stuness will be allowed to play after the button
wakelife23: posts small blind $0.10
nuttydreams: posts big blind $0.25
*** HOLE CARDS ***
Dealt to Alameda22 [7d Ks]
mcall20 said, "and u can rebuy again"
royman0785: folds 
royman0785 leaves the table
Farva500: folds 
k030101: folds 
silver2871: folds 
Alameda22: folds 
mcall20: calls $0.25
wakelife23: calls $0.15
nuttydreams: checks 
*** FLOP *** [Ts Ac 3d]
wakelife23: checks 
mcall20 said, "if all u had to do was wait on nutz everyone would be a good player\"
nuttydreams: checks 
mcall20: checks 
*** TURN *** [Ts Ac 3d] [8d]
wakelife23: bets $0.75
nuttydreams: calls $0.75
mcall20: calls $0.75
*** RIVER *** [Ts Ac 3d 8d] [Kd]
wakelife23: bets $1.50
mcall20 said, "rebuy"
nuttydreams: calls $1.50
mcall20: calls $1.50
*** SHOW DOWN ***
wakelife23: shows [2s As] (a pair of Aces)
nuttydreams: mucks hand 
mcall20: shows [Th 3h] (two pair, Tens and Threes)
mcall20 said, "lol"
mcall20 collected $7.15 from pot
mcall20 said, "rebuy"
*** SUMMARY ***
Total pot $7.50 | Rake $0.35 
Board [Ts Ac 3d 8d Kd]
Seat 1: wakelife23 (small blind) showed [2s As] and lost with a pair of Aces
Seat 2: nuttydreams (big blind) mucked [4h Qh]
Seat 3: royman0785 folded before Flop (didn't bet)
Seat 4: Farva500 folded before Flop (didn't bet)
Seat 5: k030101 folded before Flop (didn't bet)
Seat 6: silver2871 folded before Flop (didn't bet)
Seat 7: Alameda22 folded before Flop (didn't bet)
Seat 8: mcall20 (button) showed [Th 3h] and won ($7.15) with two pair, Tens and Threes



PokerStars Game #19903864703:  Hold'em No Limit ($0.10/$0.25) - 2008/08/26 - 00:03:44 (ET)
Table 'Eucharis' 9-max Seat #1 is the button
Seat 1: wakelife23 ($22.10 in chips) 
Seat 2: nuttydreams ($6.65 in chips) 
Seat 4: Farva500 ($21.65 in chips) 
Seat 5: k030101 ($22.20 in chips) 
Seat 6: silver2871 ($29.65 in chips) 
Seat 7: Alameda22 ($32.50 in chips) 
Seat 8: mcall20 ($39.25 in chips) 
nuttydreams: posts small blind $0.10
Farva500: posts big blind $0.25
Stuness: sits out 
*** HOLE CARDS ***
Dealt to Alameda22 [Js 5h]
mcall20 said, "crackhead"
mcall20 said, "rebuy"
k030101: folds 
fatjeijei joins the table at seat #3 
silver2871: folds 
Alameda22: folds 
mcall20 said, "hahahahahaha"
mcall20: folds 
wakelife23: folds 
nuttydreams: calls $0.15
Farva500: checks 
*** FLOP *** [Ac 4h 6d]
mcall20 said, "hey gl all"
nuttydreams: checks 
Farva500: checks 
*** TURN *** [Ac 4h 6d] [Jh]
nuttydreams: checks 
wakelife23 said, "yep"
Farva500: checks 
*** RIVER *** [Ac 4h 6d Jh] [2d]
nuttydreams: checks 
wakelife23 said, "it and run"
mcall20 said, "i think im going to leave w crackheads $"
wakelife23 said, "moron"
Farva500: checks 
*** SHOW DOWN ***
nuttydreams: shows [Qd 9s] (high card Ace)
Farva500: mucks hand 
nuttydreams collected $0.50 from pot
mcall20 said, "\tyvm crackhead"
*** SUMMARY ***
Total pot $0.50 | Rake $0 
Board [Ac 4h 6d Jh 2d]
Seat 1: wakelife23 (button) folded before Flop (didn't bet)
Seat 2: nuttydreams (small blind) showed [Qd 9s] and won ($0.50) with high card Ace
Seat 4: Farva500 (big blind) mucked [8s 5d]
Seat 5: k030101 folded before Flop (didn't bet)
Seat 6: silver2871 folded before Flop (didn't bet)
Seat 7: Alameda22 folded before Flop (didn't bet)
Seat 8: mcall20 folded before Flop (didn't bet)



PokerStars Game #19903888640:  Hold'em No Limit ($0.10/$0.25) - 2008/08/26 - 00:05:02 (ET)
Table 'Eucharis' 9-max Seat #2 is the button
Seat 1: wakelife23 ($25 in chips) 
Seat 2: nuttydreams ($6.90 in chips) 
Seat 4: Farva500 ($21.40 in chips) 
Seat 5: k030101 ($22.20 in chips) 
Seat 6: silver2871 ($29.65 in chips) 
Seat 7: Alameda22 ($32.50 in chips) 
Seat 8: mcall20 ($39.25 in chips) 
fatjeijei will be allowed to play after the button
Farva500: posts small blind $0.10
k030101: posts big blind $0.25
Stuness: sits out 
*** HOLE CARDS ***
Dealt to Alameda22 [8s Th]
wakelife23 said, "you better to leave now"
silver2871: folds 
mcall20 said, "well in that case"
Alameda22: folds 
mcall20 said, "ooooo"
mcall20 said, "what are you going to do"
mcall20 said, "rebuy"
mcall20 said, "lmao"
mcall20: calls $0.25
wakelife23: folds 
nuttydreams: folds 
Farva500: folds 
k030101: checks 
*** FLOP *** [Jd Js 3s]
k030101: checks 
mcall20: bets $0.50
k030101: folds 
Uncalled bet ($0.50) returned to mcall20
mcall20 collected $0.60 from pot
wakelife23 said, "you will loose mosey so..."
mcall20: doesn't show hand 
*** SUMMARY ***
Total pot $0.60 | Rake $0 
Board [Jd Js 3s]
Seat 1: wakelife23 folded before Flop (didn't bet)
Seat 2: nuttydreams (button) folded before Flop (didn't bet)
Seat 4: Farva500 (small blind) folded before Flop
Seat 5: k030101 (big blind) folded on the Flop
Seat 6: silver2871 folded before Flop (didn't bet)
Seat 7: Alameda22 folded before Flop (didn't bet)
Seat 8: mcall20 collected ($0.60)



PokerStars Game #19903908651:  Hold'em No Limit ($0.10/$0.25) - 2008/08/26 - 00:06:08 (ET)
Table 'Eucharis' 9-max Seat #4 is the button
Seat 1: wakelife23 ($25 in chips) 
Seat 2: nuttydreams ($6.90 in chips) 
Seat 3: fatjeijei ($5 in chips) 
Seat 4: Farva500 ($21.30 in chips) 
Seat 5: k030101 ($25 in chips) 
Seat 6: silver2871 ($29.65 in chips) 
Seat 7: Alameda22 ($32.50 in chips) 
Seat 8: mcall20 ($39.60 in chips) 
k030101: posts small blind $0.10
silver2871: posts big blind $0.25
Stuness: sits out 
fatjeijei: posts big blind $0.25
*** HOLE CARDS ***
Dealt to Alameda22 [Js Jc]
mcall20 said, "you keep talking but i see  no action"
Alameda22: raises $0.75 to $1
mcall20: folds 
wakelife23: folds 
nuttydreams: folds 
fatjeijei: folds 
Farva500: folds 
k030101: folds 
silver2871: folds 
Uncalled bet ($0.75) returned to Alameda22
Alameda22 collected $0.85 from pot
Alameda22: doesn't show hand 
*** SUMMARY ***
Total pot $0.85 | Rake $0 
Seat 1: wakelife23 folded before Flop (didn't bet)
Seat 2: nuttydreams folded before Flop (didn't bet)
Seat 3: fatjeijei folded before Flop
Seat 4: Farva500 (button) folded before Flop (didn't bet)
Seat 5: k030101 (small blind) folded before Flop
Seat 6: silver2871 (big blind) folded before Flop
Seat 7: Alameda22 collected ($0.85)
Seat 8: mcall20 folded before Flop (didn't bet)



PokerStars Game #19903920000:  Hold'em No Limit ($0.10/$0.25) - 2008/08/26 - 00:06:46 (ET)
Table 'Eucharis' 9-max Seat #5 is the button
Seat 1: wakelife23 ($25 in chips) 
Seat 2: nuttydreams ($6.90 in chips) 
Seat 3: fatjeijei ($4.75 in chips) 
Seat 4: Farva500 ($21.30 in chips) 
Seat 5: k030101 ($24.90 in chips) 
Seat 6: silver2871 ($29.40 in chips) 
Seat 7: Alameda22 ($33.10 in chips) 
Seat 8: mcall20 ($39.60 in chips) 
silver2871: posts small blind $0.10
Alameda22: posts big blind $0.25
Stuness: sits out 
*** HOLE CARDS ***
Dealt to Alameda22 [4c 3d]
mcall20: folds 
wakelife23: folds 
nuttydreams: raises $1.50 to $1.75
fatjeijei: folds 
Farva500: folds 
k030101: folds 
silver2871: folds 
Alameda22: folds 
Uncalled bet ($1.50) returned to nuttydreams
nuttydreams collected $0.60 from pot
nuttydreams: doesn't show hand 
*** SUMMARY ***
Total pot $0.60 | Rake $0 
Seat 1: wakelife23 folded before Flop (didn't bet)
Seat 2: nuttydreams collected ($0.60)
Seat 3: fatjeijei folded before Flop (didn't bet)
Seat 4: Farva500 folded before Flop (didn't bet)
Seat 5: k030101 (button) folded before Flop (didn't bet)
Seat 6: silver2871 (small blind) folded before Flop
Seat 7: Alameda22 (big blind) folded before Flop
Seat 8: mcall20 folded before Flop (didn't bet)



PokerStars Game #19903936710:  Hold'em No Limit ($0.10/$0.25) - 2008/08/26 - 00:07:42 (ET)
Table 'Eucharis' 9-max Seat #6 is the button
Seat 1: wakelife23 ($25 in chips) 
Seat 2: nuttydreams ($7.25 in chips) 
Seat 3: fatjeijei ($4.75 in chips) 
Seat 4: Farva500 ($21.30 in chips) 
Seat 5: k030101 ($24.90 in chips) 
Seat 6: silver2871 ($29.30 in chips) 
Seat 7: Alameda22 ($32.85 in chips) 
Seat 8: mcall20 ($39.60 in chips) 
Alameda22: posts small blind $0.10
mcall20: posts big blind $0.25
Stuness: sits out 
*** HOLE CARDS ***
Dealt to Alameda22 [Kh Jh]
wakelife23: folds 
nuttydreams: folds 
fatjeijei: folds 
Farva500: folds 
k030101: calls $0.25
silver2871: calls $0.25
Alameda22: folds 
mcall20: checks 
*** FLOP *** [Th Tc Qd]
mcall20: checks 
k030101: checks 
silver2871: bets $0.75
mcall20: calls $0.75
k030101: folds 
*** TURN *** [Th Tc Qd] [9c]
mcall20: checks 
silver2871: bets $1.75
mcall20: calls $1.75
*** RIVER *** [Th Tc Qd 9c] [9d]
mcall20: checks 
silver2871: bets $2.75
mcall20: raises $34.10 to $36.85 and is all-in
silver2871: calls $23.80 and is all-in
Uncalled bet ($10.30) returned to mcall20
*** SHOW DOWN ***
mcall20: shows [8s Ts] (a full house, Tens full of Nines)
silver2871: shows [Td 8c] (a full house, Tens full of Nines)
mcall20 collected $28.05 from pot
silver2871 collected $28 from pot
mcall20 said, "lol"
mcall20 said, "nh"
*** SUMMARY ***
Total pot $58.95 | Rake $2.90 
Board [Th Tc Qd 9c 9d]
Seat 1: wakelife23 folded before Flop (didn't bet)
Seat 2: nuttydreams folded before Flop (didn't bet)
Seat 3: fatjeijei folded before Flop (didn't bet)
Seat 4: Farva500 folded before Flop (didn't bet)
Seat 5: k030101 folded on the Flop
Seat 6: silver2871 (button) showed [Td 8c] and won ($28) with a full house, Tens full of Nines
Seat 7: Alameda22 (small blind) folded before Flop
Seat 8: mcall20 (big blind) showed [8s Ts] and won ($28.05) with a full house, Tens full of Nines



PokerStars Game #19903959283:  Hold'em No Limit ($0.10/$0.25) - 2008/08/26 - 00:08:57 (ET)
Table 'Eucharis' 9-max Seat #7 is the button
Seat 1: wakelife23 ($25 in chips) 
Seat 2: nuttydreams ($7.25 in chips) 
Seat 3: fatjeijei ($4.75 in chips) 
Seat 4: Farva500 ($21.30 in chips) 
Seat 5: k030101 ($24.65 in chips) 
Seat 6: silver2871 ($28 in chips) 
Seat 7: Alameda22 ($32.75 in chips) 
Seat 8: mcall20 ($38.35 in chips) 
Seat 9: Stuness ($25 in chips) 
mcall20: posts small blind $0.10
Stuness: posts big blind $0.25
*** HOLE CARDS ***
Dealt to Alameda22 [6c 3c]
mcall20 said, "we lost $"
wakelife23: calls $0.25
nuttydreams: folds 
fatjeijei: folds 
Farva500: folds 
k030101: folds 
silver2871: folds 
Alameda22: folds 
mcall20: calls $0.15
Stuness: raises $1.25 to $1.50
wakelife23: folds 
mcall20: calls $1.25
*** FLOP *** [Qs Td 3s]
mcall20: checks 
Stuness: bets $2.50
mcall20: calls $2.50
*** TURN *** [Qs Td 3s] [6s]
mcall20: checks 
Stuness: bets $4
mcall20: calls $4
*** RIVER *** [Qs Td 3s 6s] [5c]
mcall20: checks 
Stuness: checks 
*** SHOW DOWN ***
mcall20: shows [Ad Qd] (a pair of Queens)
Stuness: shows [Ac Qh] (a pair of Queens)
mcall20 collected $7.75 from pot
Stuness collected $7.75 from pot
mcall20 said, "wow"
*** SUMMARY ***
Total pot $16.25 | Rake $0.75 
Board [Qs Td 3s 6s 5c]
Seat 1: wakelife23 folded before Flop
Seat 2: nuttydreams folded before Flop (didn't bet)
Seat 3: fatjeijei folded before Flop (didn't bet)
Seat 4: Farva500 folded before Flop (didn't bet)
Seat 5: k030101 folded before Flop (didn't bet)
Seat 6: silver2871 folded before Flop (didn't bet)
Seat 7: Alameda22 (button) folded before Flop (didn't bet)
Seat 8: mcall20 (small blind) showed [Ad Qd] and won ($7.75) with a pair of Queens
Seat 9: Stuness (big blind) showed [Ac Qh] and won ($7.75) with a pair of Queens



PokerStars Game #19903991134:  Hold'em No Limit ($0.10/$0.25) - 2008/08/26 - 00:10:43 (ET)
Table 'Eucharis' 9-max Seat #8 is the button
Seat 1: wakelife23 ($24.75 in chips) 
Seat 2: nuttydreams ($7.25 in chips) 
Seat 3: fatjeijei ($4.75 in chips) 
Seat 4: Farva500 ($21.30 in chips) 
Seat 5: k030101 ($24.65 in chips) 
Seat 6: silver2871 ($28 in chips) 
Seat 7: Alameda22 ($32.75 in chips) 
Seat 8: mcall20 ($38.10 in chips) 
Seat 9: Stuness ($24.75 in chips) 
Stuness: posts small blind $0.10
wakelife23: posts big blind $0.25
*** HOLE CARDS ***
Dealt to Alameda22 [4c 3c]
Stuness said, "heh"
Stuness said, "would you call push?"
mcall20 said, "2 splits in a freakin row"
nuttydreams: folds 
mcall20 said, "yep"
fatjeijei: folds 
Farva500: folds 
k030101: folds 
silver2871: folds 
Alameda22: folds 
mcall20 said, "if i lose ill just get it back from mr crackhead wake"
mcall20: calls $0.25
Stuness: folds 
wakelife23: checks 
*** FLOP *** [Th Qc 6h]
wakelife23: checks 
Stuness said, "thought you had KQ or something"
mcall20 said, "i lost $ on 2 monster hands in a row due to rake"
mcall20: checks 
*** TURN *** [Th Qc 6h] [5h]
wakelife23: checks 
mcall20: checks 
*** RIVER *** [Th Qc 6h 5h] [As]
mcall20 said, "lol"
wakelife23: checks 
mcall20: checks 
*** SHOW DOWN ***
wakelife23: shows [3h Jd] (high card Ace)
mcall20: shows [9c 6s] (a pair of Sixes)
mcall20 collected $0.60 from pot
Stuness said, "top pair isnt a monster"
*** SUMMARY ***
Total pot $0.60 | Rake $0 
Board [Th Qc 6h 5h As]
Seat 1: wakelife23 (big blind) showed [3h Jd] and lost with high card Ace
Seat 2: nuttydreams folded before Flop (didn't bet)
Seat 3: fatjeijei folded before Flop (didn't bet)
Seat 4: Farva500 folded before Flop (didn't bet)
Seat 5: k030101 folded before Flop (didn't bet)
Seat 6: silver2871 folded before Flop (didn't bet)
Seat 7: Alameda22 folded before Flop (didn't bet)
Seat 8: mcall20 (button) showed [9c 6s] and won ($0.60) with a pair of Sixes
Seat 9: Stuness (small blind) folded before Flop



PokerStars Game #19904017056:  Hold'em No Limit ($0.10/$0.25) - 2008/08/26 - 00:12:10 (ET)
Table 'Eucharis' 9-max Seat #9 is the button
Seat 1: wakelife23 ($24.50 in chips) 
Seat 2: nuttydreams ($7.25 in chips) 
Seat 3: fatjeijei ($4.75 in chips) 
Seat 4: Farva500 ($21.30 in chips) 
Seat 5: k030101 ($24.65 in chips) 
Seat 6: silver2871 ($28 in chips) 
Seat 7: Alameda22 ($32.75 in chips) 
Seat 8: mcall20 ($38.45 in chips) 
Seat 9: Stuness ($24.65 in chips) 
wakelife23: posts small blind $0.10
nuttydreams: posts big blind $0.25
*** HOLE CARDS ***
Dealt to Alameda22 [5d As]
fatjeijei: folds 
mcall20 said, "but it worked"
mcall20 said, "you were beting like it was"
Farva500: raises $0.50 to $0.75
k030101: folds 
silver2871: folds 
Alameda22: folds 
mcall20: folds 
Stuness: folds 
wakelife23: folds 
Stuness said, "not really"
nuttydreams: calls $0.50
*** FLOP *** [3s 6d 6s]
mcall20 said, "4$"
nuttydreams: checks 
Stuness said, "oh no, not 4 dollars"
Farva500: checks 
*** TURN *** [3s 6d 6s] [Jd]
mcall20 said, "this is a10/25 table"
nuttydreams: bets $1.25
Farva500: folds 
Uncalled bet ($1.25) returned to nuttydreams
Stuness said, "thats like 4 cheeseburgers"
nuttydreams collected $1.55 from pot
mcall20 said, "ok keep beting like that please"
*** SUMMARY ***
Total pot $1.60 | Rake $0.05 
Board [3s 6d 6s Jd]
Seat 1: wakelife23 (small blind) folded before Flop
Seat 2: nuttydreams (big blind) collected ($1.55)
Seat 3: fatjeijei folded before Flop (didn't bet)
Seat 4: Farva500 folded on the Turn
Seat 5: k030101 folded before Flop (didn't bet)
Seat 6: silver2871 folded before Flop (didn't bet)
Seat 7: Alameda22 folded before Flop (didn't bet)
Seat 8: mcall20 folded before Flop (didn't bet)
Seat 9: Stuness (button) folded before Flop (didn't bet)



PokerStars Game #19904044157:  Hold'em No Limit ($0.10/$0.25) - 2008/08/26 - 00:13:42 (ET)
Table 'Eucharis' 9-max Seat #1 is the button
Seat 1: wakelife23 ($24.40 in chips) 
Seat 2: nuttydreams ($8.05 in chips) 
Seat 3: fatjeijei ($4.75 in chips) 
Seat 4: Farva500 ($20.55 in chips) 
Seat 5: k030101 ($24.65 in chips) 
Seat 6: silver2871 ($28 in chips) 
Seat 7: Alameda22 ($32.75 in chips) 
Seat 8: mcall20 ($38.45 in chips) 
Seat 9: Stuness ($24.65 in chips) 
nuttydreams: posts small blind $0.10
fatjeijei: posts big blind $0.25
*** HOLE CARDS ***
Dealt to Alameda22 [Jd 4c]
Stuness said, "ok i will"
Farva500: folds 
mcall20 said, "thx i n advance"
k030101: folds 
silver2871: folds 
Alameda22: folds 
mcall20: calls $0.25
Stuness: calls $0.25
wakelife23: calls $0.25
nuttydreams: calls $0.15
fatjeijei: checks 
*** FLOP *** [8s Kh 4h]
nuttydreams: bets $0.75
fatjeijei: calls $0.75
mcall20: folds 
Stuness: folds 
wakelife23: raises $1 to $1.75
nuttydreams: calls $1
fatjeijei: folds 
*** TURN *** [8s Kh 4h] [Th]
mcall20 said, "wake u going to win 1 for a change?"
nuttydreams: checks 
wakelife23: bets $2.25
nuttydreams: calls $2.25
*** RIVER *** [8s Kh 4h Th] [4d]
nuttydreams: checks 
wakelife23 said, "hum"
wakelife23: checks 
*** SHOW DOWN ***
nuttydreams: shows [6d Kc] (two pair, Kings and Fours)
wakelife23: shows [Td Kd] (two pair, Kings and Tens)
wakelife23 collected $9.55 from pot
*** SUMMARY ***
Total pot $10 | Rake $0.45 
Board [8s Kh 4h Th 4d]
Seat 1: wakelife23 (button) showed [Td Kd] and won ($9.55) with two pair, Kings and Tens
Seat 2: nuttydreams (small blind) showed [6d Kc] and lost with two pair, Kings and Fours
Seat 3: fatjeijei (big blind) folded on the Flop
Seat 4: Farva500 folded before Flop (didn't bet)
Seat 5: k030101 folded before Flop (didn't bet)
Seat 6: silver2871 folded before Flop (didn't bet)
Seat 7: Alameda22 folded before Flop (didn't bet)
Seat 8: mcall20 folded on the Flop
Seat 9: Stuness folded on the Flop



PokerStars Game #19904087867:  Hold'em No Limit ($0.10/$0.25) - 2008/08/26 - 00:16:10 (ET)
Table 'Eucharis' 9-max Seat #2 is the button
Seat 1: wakelife23 ($29.70 in chips) 
Seat 2: nuttydreams ($3.80 in chips) 
Seat 3: fatjeijei ($3.75 in chips) 
Seat 4: Farva500 ($20.55 in chips) 
Seat 5: k030101 ($24.65 in chips) 
Seat 6: silver2871 ($28 in chips) 
Seat 7: Alameda22 ($32.75 in chips) 
Seat 8: mcall20 ($38.20 in chips) 
Seat 9: Stuness ($24.40 in chips) 
fatjeijei: posts small blind $0.10
Farva500: posts big blind $0.25
*** HOLE CARDS ***
Dealt to Alameda22 [7c Ts]
k030101: folds 
silver2871: folds 
Alameda22: folds 
mcall20 said, "just saying stuness if u want action on theses low tables u cant do that,i mean u can but u won't make as much.you know that"
mcall20: folds 
mcall20 said, "he won 1 wow"
Stuness: raises $0.75 to $1
mcall20 said, "give him a hand"
wakelife23: folds 
nuttydreams: folds 
fatjeijei: folds 
Farva500: folds 
Uncalled bet ($0.75) returned to Stuness
Stuness collected $0.60 from pot
Stuness: doesn't show hand 
*** SUMMARY ***
Total pot $0.60 | Rake $0 
Seat 1: wakelife23 folded before Flop (didn't bet)
Seat 2: nuttydreams (button) folded before Flop (didn't bet)
Seat 3: fatjeijei (small blind) folded before Flop
Seat 4: Farva500 (big blind) folded before Flop
Seat 5: k030101 folded before Flop (didn't bet)
Seat 6: silver2871 folded before Flop (didn't bet)
Seat 7: Alameda22 folded before Flop (didn't bet)
Seat 8: mcall20 folded before Flop (didn't bet)
Seat 9: Stuness collected ($0.60)



PokerStars Game #19904102850:  Hold'em No Limit ($0.10/$0.25) - 2008/08/26 - 00:17:02 (ET)
Table 'Eucharis' 9-max Seat #3 is the button
Seat 1: wakelife23 ($29.70 in chips) 
Seat 2: nuttydreams ($3.80 in chips) 
Seat 3: fatjeijei ($3.65 in chips) 
Seat 4: Farva500 ($20.30 in chips) 
Seat 5: k030101 ($24.65 in chips) 
Seat 6: silver2871 ($28 in chips) 
Seat 7: Alameda22 ($32.75 in chips) 
Seat 8: mcall20 ($38.20 in chips) 
Seat 9: Stuness ($24.75 in chips) 
Farva500: posts small blind $0.10
k030101: posts big blind $0.25
*** HOLE CARDS ***
Dealt to Alameda22 [5h 6c]
silver2871: folds 
Alameda22: folds 
mcall20: calls $0.25
Stuness: folds 
wakelife23: calls $0.25
Stuness said, "see i bet big so i can take you to valuetown"
nuttydreams: calls $0.25
fatjeijei: folds 
Farva500: folds 
k030101: checks 
*** FLOP *** [6d 9c 2c]
mcall20 said, "ok"
k030101: checks 
mcall20 said, "just know ill check down the nuts"
mcall20: checks 
wakelife23: checks 
Stuness said, "awesome thanks"
nuttydreams: checks 
*** TURN *** [6d 9c 2c] [5c]
k030101: checks 
mcall20 said, "and ill push w crap"
mcall20: checks 
wakelife23: checks 
nuttydreams: checks 
*** RIVER *** [6d 9c 2c 5c] [3c]
k030101: checks 
mcall20: checks 
wakelife23: checks 
nuttydreams: checks 
*** SHOW DOWN ***
k030101: shows [9d 3h] (two pair, Nines and Threes)
mcall20: shows [4c 5s] (a flush, Nine high)
wakelife23: mucks hand 
nuttydreams: mucks hand 
mcall20 collected $1.05 from pot
*** SUMMARY ***
Total pot $1.10 | Rake $0.05 
Board [6d 9c 2c 5c 3c]
Seat 1: wakelife23 mucked [Ah 8h]
Seat 2: nuttydreams mucked [Kh 7h]
Seat 3: fatjeijei (button) folded before Flop (didn't bet)
Seat 4: Farva500 (small blind) folded before Flop
Seat 5: k030101 (big blind) showed [9d 3h] and lost with two pair, Nines and Threes
Seat 6: silver2871 folded before Flop (didn't bet)
Seat 7: Alameda22 folded before Flop (didn't bet)
Seat 8: mcall20 showed [4c 5s] and won ($1.05) with a flush, Nine high
Seat 9: Stuness folded before Flop (didn't bet)



PokerStars Game #19904142835:  Hold'em No Limit ($0.10/$0.25) - 2008/08/26 - 00:19:21 (ET)
Table 'Eucharis' 9-max Seat #4 is the button
Seat 1: wakelife23 ($29.45 in chips) 
Seat 2: nuttydreams ($3.55 in chips) 
Seat 3: fatjeijei ($3.65 in chips) 
Seat 4: Farva500 ($20.20 in chips) 
Seat 5: k030101 ($24.40 in chips) 
Seat 6: silver2871 ($28 in chips) 
Seat 7: Alameda22 ($32.75 in chips) 
Seat 8: mcall20 ($39 in chips) 
Seat 9: Stuness ($24.75 in chips) 
k030101: posts small blind $0.10
silver2871: posts big blind $0.25
*** HOLE CARDS ***
Dealt to Alameda22 [9s 6s]
Alameda22: folds 
mcall20: calls $0.25
Stuness: folds 
wakelife23: folds 
nuttydreams: raises $0.75 to $1
fatjeijei: folds 
Farva500: folds 
k030101: folds 
silver2871: folds 
mcall20: calls $0.75
*** FLOP *** [5s Tc 9h]
mcall20: checks 
nuttydreams: bets $2.55 and is all-in
mcall20: calls $2.55
*** TURN *** [5s Tc 9h] [7c]
*** RIVER *** [5s Tc 9h 7c] [Ac]
*** SHOW DOWN ***
mcall20: shows [Qs 9d] (a pair of Nines)
nuttydreams: shows [Jd As] (a pair of Aces)
nuttydreams collected $7.10 from pot
*** SUMMARY ***
Total pot $7.45 | Rake $0.35 
Board [5s Tc 9h 7c Ac]
Seat 1: wakelife23 folded before Flop (didn't bet)
Seat 2: nuttydreams showed [Jd As] and won ($7.10) with a pair of Aces
Seat 3: fatjeijei folded before Flop (didn't bet)
Seat 4: Farva500 (button) folded before Flop (didn't bet)
Seat 5: k030101 (small blind) folded before Flop
Seat 6: silver2871 (big blind) folded before Flop
Seat 7: Alameda22 folded before Flop (didn't bet)
Seat 8: mcall20 showed [Qs 9d] and lost with a pair of Nines
Seat 9: Stuness folded before Flop (didn't bet)



PokerStars Game #19904166005:  Hold'em No Limit ($0.10/$0.25) - 2008/08/26 - 00:20:42 (ET)
Table 'Eucharis' 9-max Seat #5 is the button
Seat 1: wakelife23 ($29.45 in chips) 
Seat 2: nuttydreams ($7.10 in chips) 
Seat 3: fatjeijei ($3.65 in chips) 
Seat 4: Farva500 ($20.20 in chips) 
Seat 5: k030101 ($24.30 in chips) 
Seat 6: silver2871 ($27.75 in chips) 
Seat 7: Alameda22 ($32.75 in chips) 
Seat 8: mcall20 ($35.45 in chips) 
Seat 9: Stuness ($24.75 in chips) 
silver2871: posts small blind $0.10
mcall20 said, "nice river"
Alameda22: posts big blind $0.25
*** HOLE CARDS ***
Dealt to Alameda22 [Qc Tc]
mcall20: calls $0.25
Stuness: folds 
wakelife23: folds 
mcall20 said, "hold my chips tight"
nuttydreams: calls $0.25
fatjeijei: folds 
Farva500: raises $0.50 to $0.75
k030101: folds 
silver2871: folds 
Alameda22: folds 
mcall20: calls $0.50
nuttydreams: calls $0.50
*** FLOP *** [Ah 2c Qd]
mcall20: checks 
nuttydreams: checks 
Farva500: checks 
*** TURN *** [Ah 2c Qd] [4d]
mcall20: checks 
nuttydreams: bets $1.50
Farva500: folds 
mcall20: folds 
Uncalled bet ($1.50) returned to nuttydreams
nuttydreams collected $2.50 from pot
nuttydreams: doesn't show hand 
*** SUMMARY ***
Total pot $2.60 | Rake $0.10 
Board [Ah 2c Qd 4d]
Seat 1: wakelife23 folded before Flop (didn't bet)
Seat 2: nuttydreams collected ($2.50)
Seat 3: fatjeijei folded before Flop (didn't bet)
Seat 4: Farva500 folded on the Turn
Seat 5: k030101 (button) folded before Flop (didn't bet)
Seat 6: silver2871 (small blind) folded before Flop
Seat 7: Alameda22 (big blind) folded before Flop
Seat 8: mcall20 folded on the Turn
Seat 9: Stuness folded before Flop (didn't bet)



PokerStars Game #19904190259:  Hold'em No Limit ($0.10/$0.25) - 2008/08/26 - 00:22:08 (ET)
Table 'Eucharis' 9-max Seat #6 is the button
Seat 1: wakelife23 ($29.45 in chips) 
Seat 2: nuttydreams ($8.85 in chips) 
Seat 3: fatjeijei ($3.65 in chips) 
Seat 4: Farva500 ($19.45 in chips) 
Seat 5: k030101 ($24.30 in chips) 
Seat 6: silver2871 ($27.65 in chips) 
Seat 7: Alameda22 ($32.50 in chips) 
Seat 8: mcall20 ($34.70 in chips) 
Seat 9: Stuness ($24.75 in chips) 
Alameda22: posts small blind $0.10
mcall20 said, "donkey"
mcall20: posts big blind $0.25
*** HOLE CARDS ***
Dealt to Alameda22 [9d 4d]
Stuness: folds 
wakelife23: folds 
nuttydreams: folds 
fatjeijei: folds 
Farva500: folds 
k030101: folds 
silver2871: folds 
Alameda22: folds 
Uncalled bet ($0.15) returned to mcall20
mcall20 collected $0.20 from pot
mcall20: shows [Qd Js] (high card Queen)
*** SUMMARY ***
Total pot $0.20 | Rake $0 
Seat 1: wakelife23 folded before Flop (didn't bet)
Seat 2: nuttydreams folded before Flop (didn't bet)
Seat 3: fatjeijei folded before Flop (didn't bet)
Seat 4: Farva500 folded before Flop (didn't bet)
Seat 5: k030101 folded before Flop (didn't bet)
Seat 6: silver2871 (button) folded before Flop (didn't bet)
Seat 7: Alameda22 (small blind) folded before Flop
Seat 8: mcall20 (big blind) collected ($0.20)
Seat 9: Stuness folded before Flop (didn't bet)



PokerStars Game #19904200757:  Hold'em No Limit ($0.10/$0.25) - 2008/08/26 - 00:22:45 (ET)
Table 'Eucharis' 9-max Seat #7 is the button
Seat 1: wakelife23 ($29.45 in chips) 
Seat 2: nuttydreams ($8.85 in chips) 
Seat 3: fatjeijei ($3.65 in chips) 
Seat 4: Farva500 ($19.45 in chips) 
Seat 5: k030101 ($24.30 in chips) 
Seat 6: silver2871 ($27.65 in chips) 
Seat 7: Alameda22 ($32.40 in chips) 
Seat 8: mcall20 ($34.80 in chips) 
Seat 9: Stuness ($24.75 in chips) 
mcall20: posts small blind $0.10
Stuness: posts big blind $0.25
*** HOLE CARDS ***
Dealt to Alameda22 [2h 7d]
wakelife23: calls $0.25
nuttydreams: calls $0.25
fatjeijei: folds 
Farva500: folds 
k030101: folds 
silver2871: folds 
Alameda22: folds 
mcall20: calls $0.15
Stuness: raises $1.25 to $1.50
wakelife23: folds 
nuttydreams: calls $1.25
mcall20: folds 
*** FLOP *** [4d 6d Ac]
Stuness: bets $2
nuttydreams: folds 
Uncalled bet ($2) returned to Stuness
Stuness collected $3.35 from pot
Stuness: doesn't show hand 
*** SUMMARY ***
Total pot $3.50 | Rake $0.15 
Board [4d 6d Ac]
Seat 1: wakelife23 folded before Flop
Seat 2: nuttydreams folded on the Flop
Seat 3: fatjeijei folded before Flop (didn't bet)
Seat 4: Farva500 folded before Flop (didn't bet)
Seat 5: k030101 folded before Flop (didn't bet)
Seat 6: silver2871 folded before Flop (didn't bet)
Seat 7: Alameda22 (button) folded before Flop (didn't bet)
Seat 8: mcall20 (small blind) folded before Flop
Seat 9: Stuness (big blind) collected ($3.35)



PokerStars Game #19904217412:  Hold'em No Limit ($0.10/$0.25) - 2008/08/26 - 00:23:44 (ET)
Table 'Eucharis' 9-max Seat #8 is the button
Seat 1: wakelife23 ($29.20 in chips) 
Seat 2: nuttydreams ($7.35 in chips) 
Seat 3: fatjeijei ($3.65 in chips) 
Seat 4: Farva500 ($19.45 in chips) 
Seat 5: k030101 ($24.30 in chips) 
Seat 6: silver2871 ($27.65 in chips) 
Seat 7: Alameda22 ($32.40 in chips) 
Seat 8: mcall20 ($34.55 in chips) 
Seat 9: Stuness ($26.60 in chips) 
Stuness: posts small blind $0.10
wakelife23: posts big blind $0.25
*** HOLE CARDS ***
Dealt to Alameda22 [2h 7d]
nuttydreams: folds 
fatjeijei: folds 
Farva500: raises $0.75 to $1
k030101: folds 
silver2871: folds 
Alameda22: folds 
mcall20: calls $1
Stuness: folds 
wakelife23: folds 
*** FLOP *** [9c 8d Qd]
Farva500: bets $1.50
nuttydreams leaves the table
mcall20: raises $32.05 to $33.55 and is all-in
Farva500: folds 
Uncalled bet ($32.05) returned to mcall20
ThannTheOne joins the table at seat #2 
mcall20 collected $5.10 from pot
mcall20: shows [Kd Kh] (a pair of Kings)
*** SUMMARY ***
Total pot $5.35 | Rake $0.25 
Board [9c 8d Qd]
Seat 1: wakelife23 (big blind) folded before Flop
Seat 2: nuttydreams folded before Flop (didn't bet)
Seat 3: fatjeijei folded before Flop (didn't bet)
Seat 4: Farva500 folded on the Flop
Seat 5: k030101 folded before Flop (didn't bet)
Seat 6: silver2871 folded before Flop (didn't bet)
Seat 7: Alameda22 folded before Flop (didn't bet)
Seat 8: mcall20 (button) collected ($5.10)
Seat 9: Stuness (small blind) folded before Flop



PokerStars Game #19904233141:  Hold'em No Limit ($0.10/$0.25) - 2008/08/26 - 00:24:39 (ET)
Table 'Eucharis' 9-max Seat #9 is the button
Seat 1: wakelife23 ($28.95 in chips) 
Seat 2: ThannTheOne ($5 in chips) 
Seat 3: fatjeijei ($3.65 in chips) 
Seat 4: Farva500 ($16.95 in chips) 
Seat 5: k030101 ($24.30 in chips) 
Seat 6: silver2871 ($27.65 in chips) 
Seat 7: Alameda22 ($32.40 in chips) 
Seat 8: mcall20 ($37.15 in chips) 
Seat 9: Stuness ($26.50 in chips) 
wakelife23: posts small blind $0.10
mcall20 said, "i showed"
Farva500 said, "nh"
mcall20 said, "ty"
ThannTheOne: posts big blind $0.25
*** HOLE CARDS ***
Dealt to Alameda22 [6h 6d]
fatjeijei: folds 
Farva500: raises $0.50 to $0.75
k030101: folds 
mcall20 said, "i figured a show was fair"
silver2871: folds 
Farva500 said, "had 10s"
Alameda22: folds 
mcall20: folds 
Stuness: folds 
wakelife23: folds 
ThannTheOne: folds 
Uncalled bet ($0.50) returned to Farva500
Farva500 collected $0.60 from pot
mcall20 said, "boy i am glad i raised"
*** SUMMARY ***
Total pot $0.60 | Rake $0 
Seat 1: wakelife23 (small blind) folded before Flop
Seat 2: ThannTheOne (big blind) folded before Flop
Seat 3: fatjeijei folded before Flop (didn't bet)
Seat 4: Farva500 collected ($0.60)
Seat 5: k030101 folded before Flop (didn't bet)
Seat 6: silver2871 folded before Flop (didn't bet)
Seat 7: Alameda22 folded before Flop (didn't bet)
Seat 8: mcall20 folded before Flop (didn't bet)
Seat 9: Stuness (button) folded before Flop (didn't bet)



PokerStars Game #19904245435:  Hold'em No Limit ($0.10/$0.25) - 2008/08/26 - 00:25:23 (ET)
Table 'Eucharis' 9-max Seat #1 is the button
Seat 1: wakelife23 ($28.85 in chips) 
Seat 2: ThannTheOne ($4.75 in chips) 
Seat 3: fatjeijei ($3.65 in chips) 
Seat 4: Farva500 ($17.30 in chips) 
Seat 5: k030101 ($24.30 in chips) 
Seat 6: silver2871 ($27.65 in chips) 
Seat 7: Alameda22 ($32.40 in chips) 
Seat 8: mcall20 ($37.15 in chips) 
Seat 9: Stuness ($26.50 in chips) 
ThannTheOne: posts small blind $0.10
fatjeijei: posts big blind $0.25
*** HOLE CARDS ***
Dealt to Alameda22 [Qd Ad]
mcall20 said, "if not that jack woulda came"
Farva500: folds 
k030101: folds 
mcall20 said, "newtons law"
silver2871: calls $0.25
Alameda22: raises $0.75 to $1
mcall20: folds 
Stuness: folds 
wakelife23: folds 
ThannTheOne: folds 
fatjeijei: folds 
silver2871: folds 
Uncalled bet ($0.75) returned to Alameda22
Alameda22 collected $0.85 from pot
Alameda22: doesn't show hand 
*** SUMMARY ***
Total pot $0.85 | Rake $0 
Seat 1: wakelife23 (button) folded before Flop (didn't bet)
Seat 2: ThannTheOne (small blind) folded before Flop
Seat 3: fatjeijei (big blind) folded before Flop
Seat 4: Farva500 folded before Flop (didn't bet)
Seat 5: k030101 folded before Flop (didn't bet)
Seat 6: silver2871 folded before Flop
Seat 7: Alameda22 collected ($0.85)
Seat 8: mcall20 folded before Flop (didn't bet)
Seat 9: Stuness folded before Flop (didn't bet)



PokerStars Game #19904262873:  Hold'em No Limit ($0.10/$0.25) - 2008/08/26 - 00:26:26 (ET)
Table 'Eucharis' 9-max Seat #2 is the button
Seat 1: wakelife23 ($28.85 in chips) 
Seat 2: ThannTheOne ($4.65 in chips) 
Seat 3: fatjeijei ($3.40 in chips) 
Seat 4: Farva500 ($17.30 in chips) 
Seat 5: k030101 ($24.30 in chips) 
Seat 6: silver2871 ($27.40 in chips) 
Seat 7: Alameda22 ($33 in chips) 
Seat 8: mcall20 ($37.15 in chips) 
Seat 9: Stuness ($26.50 in chips) 
Farva500 said, "ya i liked the flop\"
fatjeijei: posts small blind $0.10
Farva500: posts big blind $0.25
*** HOLE CARDS ***
Dealt to Alameda22 [7c Ad]
mcall20 said, "i didntlol"
k030101: folds 
mcall20 said, "i like no aces but"
silver2871: calls $0.25
Alameda22: folds 
mcall20: calls $0.25
Stuness: folds 
wakelife23: folds 
ThannTheOne: folds 
fatjeijei: calls $0.15
Farva500: checks 
*** FLOP *** [Tc 2h Jc]
fatjeijei: bets $0.75
Farva500: folds 
silver2871: folds 
mcall20: calls $0.75
*** TURN *** [Tc 2h Jc] [Td]
fatjeijei: checks 
mcall20 said, "^$#@6"
mcall20: checks 
*** RIVER *** [Tc 2h Jc Td] [Qc]
fatjeijei: bets $1
mcall20: raises $1.75 to $2.75
fatjeijei: calls $1.40 and is all-in
Uncalled bet ($0.35) returned to mcall20
*** SHOW DOWN ***
mcall20: shows [Ts Js] (a full house, Tens full of Jacks)
fatjeijei: mucks hand 
mcall20 collected $6.95 from pot
*** SUMMARY ***
Total pot $7.30 | Rake $0.35 
Board [Tc 2h Jc Td Qc]
Seat 1: wakelife23 folded before Flop (didn't bet)
Seat 2: ThannTheOne (button) folded before Flop (didn't bet)
Seat 3: fatjeijei (small blind) mucked [2s Th]
Seat 4: Farva500 (big blind) folded on the Flop
Seat 5: k030101 folded before Flop (didn't bet)
Seat 6: silver2871 folded on the Flop
Seat 7: Alameda22 folded before Flop (didn't bet)
Seat 8: mcall20 showed [Ts Js] and won ($6.95) with a full house, Tens full of Jacks
Seat 9: Stuness folded before Flop (didn't bet)



PokerStars Game #19904288358:  Hold'em No Limit ($0.10/$0.25) - 2008/08/26 - 00:27:58 (ET)
Table 'Eucharis' 9-max Seat #3 is the button
Seat 1: wakelife23 ($28.85 in chips) 
Seat 2: ThannTheOne ($4.65 in chips) 
Seat 3: fatjeijei ($5 in chips) 
Seat 4: Farva500 ($17.05 in chips) 
Seat 5: k030101 ($24.30 in chips) 
Seat 6: silver2871 ($27.15 in chips) 
Seat 7: Alameda22 ($33 in chips) 
Seat 8: mcall20 ($40.70 in chips) 
Seat 9: Stuness ($26.50 in chips) 
Farva500: posts small blind $0.10
k030101: posts big blind $0.25
*** HOLE CARDS ***
Dealt to Alameda22 [6h Qs]
silver2871: folds 
Alameda22: folds 
mcall20: calls $0.25
mcall20 said, "wow nh"
Stuness: folds 
mcall20 said, "srry"
wakelife23: folds 
ThannTheOne: folds 
fatjeijei: folds 
Farva500: folds 
k030101: checks 
*** FLOP *** [Ks 9c 3c]
k030101: checks 
fatjeijei said, "i was so sure i had that one...oh well nice hand"
mcall20: checks 
*** TURN *** [Ks 9c 3c] [8d]
k030101: checks 
mcall20 said, "hapenns"
mcall20: checks 
*** RIVER *** [Ks 9c 3c 8d] [5d]
k030101: checks 
mcall20: checks 
*** SHOW DOWN ***
k030101: shows [Qd 4d] (high card King)
mcall20: shows [Jh Ad] (high card Ace)
fatjeijei said, "was hoping you hit a flush or straight"
mcall20 collected $0.60 from pot
*** SUMMARY ***
Total pot $0.60 | Rake $0 
Board [Ks 9c 3c 8d 5d]
Seat 1: wakelife23 folded before Flop (didn't bet)
Seat 2: ThannTheOne folded before Flop (didn't bet)
Seat 3: fatjeijei (button) folded before Flop (didn't bet)
Seat 4: Farva500 (small blind) folded before Flop
Seat 5: k030101 (big blind) showed [Qd 4d] and lost with high card King
Seat 6: silver2871 folded before Flop (didn't bet)
Seat 7: Alameda22 folded before Flop (didn't bet)
Seat 8: mcall20 showed [Jh Ad] and won ($0.60) with high card Ace
Seat 9: Stuness folded before Flop (didn't bet)



PokerStars Game #19904307486:  Hold'em No Limit ($0.10/$0.25) - 2008/08/26 - 00:29:08 (ET)
Table 'Eucharis' 9-max Seat #4 is the button
Seat 1: wakelife23 ($28.85 in chips) 
Seat 2: ThannTheOne ($4.65 in chips) 
Seat 3: fatjeijei ($5 in chips) 
Seat 4: Farva500 ($16.95 in chips) 
Seat 5: k030101 ($24.05 in chips) 
Seat 6: silver2871 ($27.15 in chips) 
Seat 7: Alameda22 ($33 in chips) 
Seat 8: mcall20 ($41.05 in chips) 
Seat 9: Stuness ($26.50 in chips) 
k030101: posts small blind $0.10
silver2871: posts big blind $0.25
*** HOLE CARDS ***
Dealt to Alameda22 [Ks Ac]
mcall20 said, "fh over fh is a badbeat either way"
Alameda22: raises $0.50 to $0.75
mcall20 said, "unless there is 2 pair on the board"
mcall20: folds 
Stuness: folds 
wakelife23: folds 
ThannTheOne: folds 
fatjeijei: folds 
Farva500: folds 
k030101: folds 
silver2871: calls $0.50
*** FLOP *** [Td 2d 8c]
silver2871: bets $1
mcall20 said, "theres your 10 2 again"
Alameda22: raises $2 to $3
silver2871: calls $2
*** TURN *** [Td 2d 8c] [9d]
mcall20 said, "this 1 is going to get ugly"
silver2871: checks 
Alameda22: checks 
*** RIVER *** [Td 2d 8c 9d] [4d]
mcall20 said, "i can smell it"
silver2871: checks 
Alameda22: bets $4.75
Farva500 is sitting out
silver2871: folds 
Uncalled bet ($4.75) returned to Alameda22
Alameda22 collected $7.25 from pot
mcall20 said, "lol"
Alameda22: doesn't show hand 
*** SUMMARY ***
Total pot $7.60 | Rake $0.35 
Board [Td 2d 8c 9d 4d]
Seat 1: wakelife23 folded before Flop (didn't bet)
Seat 2: ThannTheOne folded before Flop (didn't bet)
Seat 3: fatjeijei folded before Flop (didn't bet)
Seat 4: Farva500 (button) folded before Flop (didn't bet)
Seat 5: k030101 (small blind) folded before Flop
Seat 6: silver2871 (big blind) folded on the River
Seat 7: Alameda22 collected ($7.25)
Seat 8: mcall20 folded before Flop (didn't bet)
Seat 9: Stuness folded before Flop (didn't bet)



PokerStars Game #19904342129:  Hold'em No Limit ($0.10/$0.25) - 2008/08/26 - 00:31:15 (ET)
Table 'Eucharis' 9-max Seat #5 is the button
Seat 1: wakelife23 ($28.85 in chips) 
Seat 2: ThannTheOne ($4.65 in chips) 
Seat 3: fatjeijei ($5 in chips) 
Seat 5: k030101 ($23.95 in chips) 
Seat 6: silver2871 ($23.40 in chips) 
Seat 7: Alameda22 ($36.50 in chips) 
Seat 8: mcall20 ($41.05 in chips) 
Seat 9: Stuness ($26.50 in chips) 
silver2871: posts small blind $0.10
Alameda22: posts big blind $0.25
*** HOLE CARDS ***
Dealt to Alameda22 [Ks 8s]
mcall20: calls $0.25
Stuness: folds 
wakelife23: folds 
ThannTheOne: folds 
fatjeijei: folds 
k030101: folds 
silver2871: folds 
Alameda22: checks 
*** FLOP *** [Th 4s Kh]
Alameda22: bets $0.25
mcall20: calls $0.25
*** TURN *** [Th 4s Kh] [9c]
Alameda22: checks 
mcall20: checks 
*** RIVER *** [Th 4s Kh 9c] [Qc]
Alameda22: bets $0.50
mcall20: calls $0.50
*** SHOW DOWN ***
Alameda22: shows [Ks 8s] (a pair of Kings)
mcall20: shows [Ts Qd] (two pair, Queens and Tens)
mcall20 collected $2 from pot
*** SUMMARY ***
Total pot $2.10 | Rake $0.10 
Board [Th 4s Kh 9c Qc]
Seat 1: wakelife23 folded before Flop (didn't bet)
Seat 2: ThannTheOne folded before Flop (didn't bet)
Seat 3: fatjeijei folded before Flop (didn't bet)
Seat 5: k030101 (button) folded before Flop (didn't bet)
Seat 6: silver2871 (small blind) folded before Flop
Seat 7: Alameda22 (big blind) showed [Ks 8s] and lost with a pair of Kings
Seat 8: mcall20 showed [Ts Qd] and won ($2) with two pair, Queens and Tens
Seat 9: Stuness folded before Flop (didn't bet)



PokerStars Game #19904361538:  Hold'em No Limit ($0.10/$0.25) - 2008/08/26 - 00:32:20 (ET)
Table 'Eucharis' 9-max Seat #6 is the button
Seat 1: wakelife23 ($28.85 in chips) 
Seat 2: ThannTheOne ($4.65 in chips) 
Seat 3: fatjeijei ($5 in chips) 
Seat 5: k030101 ($23.95 in chips) 
Seat 6: silver2871 ($23.30 in chips) 
Seat 7: Alameda22 ($35.50 in chips) 
Seat 8: mcall20 ($42.05 in chips) 
Seat 9: Stuness ($26.50 in chips) 
Alameda22: posts small blind $0.10
mcall20: posts big blind $0.25
*** HOLE CARDS ***
Dealt to Alameda22 [Jc Ad]
Stuness: folds 
wakelife23: folds 
ThannTheOne: folds 
fatjeijei: folds 
k030101: folds 
silver2871: raises $0.50 to $0.75
Alameda22: calls $0.65
mcall20: calls $0.50
*** FLOP *** [Jh 3d 7s]
fatjeijei leaves the table
Alameda22: bets $1.50
(PSY)De_Ange joins the table at seat #3 
mcall20 said, "i hate ak"
mcall20: folds 
silver2871: folds 
Uncalled bet ($1.50) returned to Alameda22
Alameda22 collected $2.15 from pot
Alameda22: doesn't show hand 
*** SUMMARY ***
Total pot $2.25 | Rake $0.10 
Board [Jh 3d 7s]
Seat 1: wakelife23 folded before Flop (didn't bet)
Seat 2: ThannTheOne folded before Flop (didn't bet)
Seat 3: fatjeijei folded before Flop (didn't bet)
Seat 5: k030101 folded before Flop (didn't bet)
Seat 6: silver2871 (button) folded on the Flop
Seat 7: Alameda22 (small blind) collected ($2.15)
Seat 8: mcall20 (big blind) folded on the Flop
Seat 9: Stuness folded before Flop (didn't bet)



PokerStars Game #19904380650:  Hold'em No Limit ($0.10/$0.25) - 2008/08/26 - 00:33:27 (ET)
Table 'Eucharis' 9-max Seat #7 is the button
Seat 1: wakelife23 ($28.85 in chips) 
Seat 2: ThannTheOne ($4.65 in chips) 
Seat 5: k030101 ($23.95 in chips) 
Seat 6: silver2871 ($22.55 in chips) 
Seat 7: Alameda22 ($36.90 in chips) 
Seat 8: mcall20 ($41.30 in chips) 
Seat 9: Stuness ($26.50 in chips) 
mcall20: posts small blind $0.10
Stuness: posts big blind $0.25
mcall20 said, "hey alameda u in texas?"
(PSY)De_Ange: sits out 
*** HOLE CARDS ***
Dealt to Alameda22 [Jc 3d]
mcall20 said, "plano,tx"
wakelife23: folds 
ThannTheOne: folds 
k030101: folds 
silver2871: raises $0.50 to $0.75
Alameda22: folds 
mcall20: calls $0.65
Stuness: folds 
*** FLOP *** [7s 4d As]
mcall20: checks 
silver2871: bets $1.75
mcall20: folds 
Uncalled bet ($1.75) returned to silver2871
silver2871 collected $1.70 from pot
*** SUMMARY ***
Total pot $1.75 | Rake $0.05 
Board [7s 4d As]
Seat 1: wakelife23 folded before Flop (didn't bet)
Seat 2: ThannTheOne folded before Flop (didn't bet)
Seat 5: k030101 folded before Flop (didn't bet)
Seat 6: silver2871 collected ($1.70)
Seat 7: Alameda22 (button) folded before Flop (didn't bet)
Seat 8: mcall20 (small blind) folded on the Flop
Seat 9: Stuness (big blind) folded before Flop



PokerStars Game #19904403128:  Hold'em No Limit ($0.10/$0.25) - 2008/08/26 - 00:34:45 (ET)
Table 'Eucharis' 9-max Seat #8 is the button
Seat 1: wakelife23 ($28.85 in chips) 
Seat 2: ThannTheOne ($4.65 in chips) 
Seat 5: k030101 ($23.95 in chips) 
Seat 6: silver2871 ($23.50 in chips) 
Seat 7: Alameda22 ($36.90 in chips) 
Seat 8: mcall20 ($40.55 in chips) 
Seat 9: Stuness ($26.25 in chips) 
Stuness: posts small blind $0.10
wakelife23: posts big blind $0.25
(PSY)De_Ange: sits out 
*** HOLE CARDS ***
Dealt to Alameda22 [9s Tc]
ThannTheOne: folds 
k030101: raises $0.75 to $1
mcall20 said, "u ever go to winstar?"
silver2871: folds 
Alameda22: folds 
mcall20: folds 
Stuness: folds 
wakelife23: folds 
Uncalled bet ($0.75) returned to k030101
k030101 collected $0.60 from pot
k030101: doesn't show hand 
mcall20 said, "u look familer"
*** SUMMARY ***
Total pot $0.60 | Rake $0 
Seat 1: wakelife23 (big blind) folded before Flop
Seat 2: ThannTheOne folded before Flop (didn't bet)
Seat 5: k030101 collected ($0.60)
Seat 6: silver2871 folded before Flop (didn't bet)
Seat 7: Alameda22 folded before Flop (didn't bet)
Seat 8: mcall20 (button) folded before Flop (didn't bet)
Seat 9: Stuness (small blind) folded before Flop



PokerStars Game #19904413307:  Hold'em No Limit ($0.10/$0.25) - 2008/08/26 - 00:35:21 (ET)
Table 'Eucharis' 9-max Seat #9 is the button
Seat 1: wakelife23 ($28.60 in chips) 
Seat 2: ThannTheOne ($4.65 in chips) 
Seat 5: k030101 ($24.30 in chips) 
Seat 6: silver2871 ($23.50 in chips) 
Seat 7: Alameda22 ($36.90 in chips) 
Seat 8: mcall20 ($40.55 in chips) 
Seat 9: Stuness ($26.15 in chips) 
wakelife23: posts small blind $0.10
ThannTheOne: posts big blind $0.25
(PSY)De_Ange: sits out 
*** HOLE CARDS ***
Dealt to Alameda22 [Tc 9s]
k030101: folds 
silver2871: folds 
Alameda22: folds 
mcall20 said, "familar"
mcall20: calls $0.25
Stuness: folds 
wakelife23: calls $0.15
mcall20 said, "whatever"
ThannTheOne: checks 
*** FLOP *** [As 4h Qs]
wakelife23: checks 
ThannTheOne: checks 
mcall20: checks 
*** TURN *** [As 4h Qs] [5s]
wakelife23: checks 
ThannTheOne: checks 
mcall20: checks 
*** RIVER *** [As 4h Qs 5s] [6d]
wakelife23: checks 
ThannTheOne: checks 
mcall20: checks 
*** SHOW DOWN ***
wakelife23: shows [8c Kc] (high card Ace)
ThannTheOne: mucks hand 
mcall20: shows [6h 9d] (a pair of Sixes)
mcall20 collected $0.75 from pot
*** SUMMARY ***
Total pot $0.75 | Rake $0 
Board [As 4h Qs 5s 6d]
Seat 1: wakelife23 (small blind) showed [8c Kc] and lost with high card Ace
Seat 2: ThannTheOne (big blind) mucked [Jc 2s]
Seat 5: k030101 folded before Flop (didn't bet)
Seat 6: silver2871 folded before Flop (didn't bet)
Seat 7: Alameda22 folded before Flop (didn't bet)
Seat 8: mcall20 showed [6h 9d] and won ($0.75) with a pair of Sixes
Seat 9: Stuness (button) folded before Flop (didn't bet)



PokerStars Game #19904432777:  Hold'em No Limit ($0.10/$0.25) - 2008/08/26 - 00:36:29 (ET)
Table 'Eucharis' 9-max Seat #1 is the button
Seat 1: wakelife23 ($28.35 in chips) 
Seat 2: ThannTheOne ($4.40 in chips) 
Seat 3: (PSY)De_Ange ($25 in chips) 
Seat 5: k030101 ($24.30 in chips) 
Seat 6: silver2871 ($23.50 in chips) 
Seat 7: Alameda22 ($36.90 in chips) 
Seat 8: mcall20 ($41.05 in chips) 
Seat 9: Stuness ($26.15 in chips) 
ThannTheOne: posts small blind $0.10
(PSY)De_Ange: posts big blind $0.25
*** HOLE CARDS ***
Dealt to Alameda22 [3c Js]
k030101: folds 
silver2871: folds 
Alameda22: folds 
mcall20: calls $0.25
Stuness: raises $0.50 to $0.75
wakelife23: calls $0.75
ThannTheOne: folds 
Stuness said, "oh noes, im raisin"
(PSY)De_Ange: raises $2 to $2.75
mcall20 said, "lol gl"
mcall20: folds 
Stuness: folds 
wakelife23: folds 
Uncalled bet ($2) returned to (PSY)De_Ange
(PSY)De_Ange collected $2.60 from pot
*** SUMMARY ***
Total pot $2.60 | Rake $0 
Seat 1: wakelife23 (button) folded before Flop
Seat 2: ThannTheOne (small blind) folded before Flop
Seat 3: (PSY)De_Ange (big blind) collected ($2.60)
Seat 5: k030101 folded before Flop (didn't bet)
Seat 6: silver2871 folded before Flop (didn't bet)
Seat 7: Alameda22 folded before Flop (didn't bet)
Seat 8: mcall20 folded before Flop
Seat 9: Stuness folded before Flop



PokerStars Game #19904449673:  Hold'em No Limit ($0.10/$0.25) - 2008/08/26 - 00:37:30 (ET)
Table 'Eucharis' 9-max Seat #2 is the button
Seat 1: wakelife23 ($27.60 in chips) 
Seat 2: ThannTheOne ($4.30 in chips) 
Seat 3: (PSY)De_Ange ($26.85 in chips) 
Seat 5: k030101 ($24.30 in chips) 
Seat 6: silver2871 ($23.50 in chips) 
Seat 7: Alameda22 ($36.90 in chips) 
Seat 8: mcall20 ($40.80 in chips) 
Seat 9: Stuness ($25.40 in chips) 
(PSY)De_Ange: posts small blind $0.10
k030101: posts big blind $0.25
*** HOLE CARDS ***
Dealt to Alameda22 [7s 5h]
silver2871: folds 
mcall20 said, "oh noes what happened"
Alameda22: folds 
mcall20: folds 
Stuness: folds 
wakelife23: folds 
Stuness said, "not gonna play 77 for that much"
ThannTheOne: folds 
(PSY)De_Ange: folds 
Uncalled bet ($0.15) returned to k030101
k030101 collected $0.20 from pot
k030101: doesn't show hand 
*** SUMMARY ***
Total pot $0.20 | Rake $0 
Seat 1: wakelife23 folded before Flop (didn't bet)
Seat 2: ThannTheOne (button) folded before Flop (didn't bet)
Seat 3: (PSY)De_Ange (small blind) folded before Flop
Seat 5: k030101 (big blind) collected ($0.20)
Seat 6: silver2871 folded before Flop (didn't bet)
Seat 7: Alameda22 folded before Flop (didn't bet)
Seat 8: mcall20 folded before Flop (didn't bet)
Seat 9: Stuness folded before Flop (didn't bet)



PokerStars Game #19904458100:  Hold'em No Limit ($0.10/$0.25) - 2008/08/26 - 00:38:00 (ET)
Table 'Eucharis' 9-max Seat #3 is the button
Seat 1: wakelife23 ($27.60 in chips) 
Seat 2: ThannTheOne ($4.30 in chips) 
Seat 3: (PSY)De_Ange ($26.75 in chips) 
Seat 5: k030101 ($24.40 in chips) 
Seat 6: silver2871 ($25 in chips) 
Seat 7: Alameda22 ($36.90 in chips) 
Seat 8: mcall20 ($40.80 in chips) 
Seat 9: Stuness ($25.40 in chips) 
k030101: posts small blind $0.10
silver2871: posts big blind $0.25
*** HOLE CARDS ***
Dealt to Alameda22 [9h Kh]
Alameda22: folds 
mcall20 said, "i thought u rasied 4 bucks no prob\"
mcall20: calls $0.25
Stuness: folds 
wakelife23: folds 
ThannTheOne: folds 
(PSY)De_Ange: raises $0.25 to $0.50
Farva500 has returned
k030101: folds 
silver2871: folds 
mcall20: calls $0.25
*** FLOP *** [3c 2s Qs]
mcall20: checks 
(PSY)De_Ange: checks 
*** TURN *** [3c 2s Qs] [Jh]
mcall20: bets $0.25
(PSY)De_Ange: raises $0.75 to $1
mcall20: calls $0.75
*** RIVER *** [3c 2s Qs Jh] [Ks]
mcall20: checks 
(PSY)De_Ange: bets $3.25
mcall20: folds 
Uncalled bet ($3.25) returned to (PSY)De_Ange
(PSY)De_Ange collected $3.20 from pot
mcall20 said, "keep it up donkey"
*** SUMMARY ***
Total pot $3.35 | Rake $0.15 
Board [3c 2s Qs Jh Ks]
Seat 1: wakelife23 folded before Flop (didn't bet)
Seat 2: ThannTheOne folded before Flop (didn't bet)
Seat 3: (PSY)De_Ange (button) collected ($3.20)
Seat 5: k030101 (small blind) folded before Flop
Seat 6: silver2871 (big blind) folded before Flop
Seat 7: Alameda22 folded before Flop (didn't bet)
Seat 8: mcall20 folded on the River
Seat 9: Stuness folded before Flop (didn't bet)



PokerStars Game #19904484794:  Hold'em No Limit ($0.10/$0.25) - 2008/08/26 - 00:39:35 (ET)
Table 'Eucharis' 9-max Seat #5 is the button
Seat 1: wakelife23 ($27.60 in chips) 
Seat 2: ThannTheOne ($4.30 in chips) 
Seat 3: (PSY)De_Ange ($28.45 in chips) 
Seat 4: Farva500 ($16.95 in chips) 
Seat 5: k030101 ($24.30 in chips) 
Seat 6: silver2871 ($24.75 in chips) 
Seat 7: Alameda22 ($36.90 in chips) 
Seat 8: mcall20 ($39.30 in chips) 
Seat 9: Stuness ($25.40 in chips) 
silver2871: posts small blind $0.10
Alameda22: posts big blind $0.25
Farva500: posts small & big blinds $0.35
*** HOLE CARDS ***
Dealt to Alameda22 [8s 4s]
mcall20: calls $0.25
Stuness: folds 
wakelife23: folds 
ThannTheOne: folds 
(PSY)De_Ange: folds 
Farva500: checks 
k030101: folds 
silver2871: raises $2.25 to $2.50
Alameda22: folds 
mcall20: folds 
Farva500: folds 
Uncalled bet ($2.25) returned to silver2871
silver2871 collected $1.10 from pot
*** SUMMARY ***
Total pot $1.10 | Rake $0 
Seat 1: wakelife23 folded before Flop (didn't bet)
Seat 2: ThannTheOne folded before Flop (didn't bet)
Seat 3: (PSY)De_Ange folded before Flop (didn't bet)
Seat 4: Farva500 folded before Flop
Seat 5: k030101 (button) folded before Flop (didn't bet)
Seat 6: silver2871 (small blind) collected ($1.10)
Seat 7: Alameda22 (big blind) folded before Flop
Seat 8: mcall20 folded before Flop
Seat 9: Stuness folded before Flop (didn't bet)



PokerStars Game #19904495961:  Hold'em No Limit ($0.10/$0.25) - 2008/08/26 - 00:40:15 (ET)
Table 'Eucharis' 9-max Seat #6 is the button
Seat 1: wakelife23 ($27.60 in chips) 
Seat 2: ThannTheOne ($4.30 in chips) 
Seat 3: (PSY)De_Ange ($28.45 in chips) 
Seat 4: Farva500 ($16.60 in chips) 
Seat 5: k030101 ($24.30 in chips) 
Seat 6: silver2871 ($25.60 in chips) 
Seat 7: Alameda22 ($36.65 in chips) 
Seat 9: Stuness ($25.40 in chips) 
Alameda22: posts small blind $0.10
mcall20 said, "hey thx all for the cash,gl"
mcall20: is sitting out 
Stuness: posts big blind $0.25
*** HOLE CARDS ***
Dealt to Alameda22 [3h Kh]
wakelife23: folds 
ThannTheOne: folds 
mcall20 leaves the table
SNU83 joins the table at seat #8 
(PSY)De_Ange: folds 
Farva500: folds 
k030101: folds 
silver2871: raises $0.75 to $1
wakelife23 said, "hum...."
Alameda22: folds 
Stuness: raises $2.50 to $3.50
silver2871: calls $2.50
*** FLOP *** [6c 9d 8d]
Stuness: bets $4
silver2871: calls $4
*** TURN *** [6c 9d 8d] [5c]
Stuness: checks 
silver2871: bets $18.10 and is all-in
Stuness: folds 
Uncalled bet ($18.10) returned to silver2871
silver2871 collected $14.40 from pot
*** SUMMARY ***
Total pot $15.10 | Rake $0.70 
Board [6c 9d 8d 5c]
Seat 1: wakelife23 folded before Flop (didn't bet)
Seat 2: ThannTheOne folded before Flop (didn't bet)
Seat 3: (PSY)De_Ange folded before Flop (didn't bet)
Seat 4: Farva500 folded before Flop (didn't bet)
Seat 5: k030101 folded before Flop (didn't bet)
Seat 6: silver2871 (button) collected ($14.40)
Seat 7: Alameda22 (small blind) folded before Flop
Seat 9: Stuness (big blind) folded on the Turn



PokerStars Game #19904538131:  Hold'em No Limit ($0.10/$0.25) - 2008/08/26 - 00:42:48 (ET)
Table 'Eucharis' 9-max Seat #7 is the button
Seat 1: wakelife23 ($27.60 in chips) 
Seat 2: ThannTheOne ($4.30 in chips) 
Seat 3: (PSY)De_Ange ($28.45 in chips) 
Seat 4: Farva500 ($16.60 in chips) 
Seat 5: k030101 ($24.30 in chips) 
Seat 6: silver2871 ($32.50 in chips) 
Seat 7: Alameda22 ($36.55 in chips) 
Seat 9: Stuness ($25 in chips) 
SNU83 will be allowed to play after the button
Stuness: posts small blind $0.10
wakelife23: posts big blind $0.25
*** HOLE CARDS ***
Dealt to Alameda22 [6s 2c]
ThannTheOne: folds 
(PSY)De_Ange: folds 
Farva500: folds 
k030101: raises $0.75 to $1
silver2871: calls $1
Alameda22: folds 
Stuness: folds 
wakelife23: calls $0.75
*** FLOP *** [5c 4s 8h]
wakelife23: checks 
k030101: checks 
silver2871: bets $2
wakelife23: folds 
k030101: folds 
Uncalled bet ($2) returned to silver2871
silver2871 collected $2.95 from pot
*** SUMMARY ***
Total pot $3.10 | Rake $0.15 
Board [5c 4s 8h]
Seat 1: wakelife23 (big blind) folded on the Flop
Seat 2: ThannTheOne folded before Flop (didn't bet)
Seat 3: (PSY)De_Ange folded before Flop (didn't bet)
Seat 4: Farva500 folded before Flop (didn't bet)
Seat 5: k030101 folded on the Flop
Seat 6: silver2871 collected ($2.95)
Seat 7: Alameda22 (button) folded before Flop (didn't bet)
Seat 9: Stuness (small blind) folded before Flop



PokerStars Game #19904560233:  Hold'em No Limit ($0.10/$0.25) - 2008/08/26 - 00:44:09 (ET)
Table 'Eucharis' 9-max Seat #9 is the button
Seat 1: wakelife23 ($26.60 in chips) 
Seat 2: ThannTheOne ($4.30 in chips) 
Seat 3: (PSY)De_Ange ($28.45 in chips) 
Seat 4: Farva500 ($16.60 in chips) 
Seat 5: k030101 ($23.30 in chips) 
Seat 6: silver2871 ($34.45 in chips) 
Seat 7: Alameda22 ($36.55 in chips) 
Seat 8: SNU83 ($15 in chips) 
Seat 9: Stuness ($24.90 in chips) 
wakelife23: posts small blind $0.10
ThannTheOne: posts big blind $0.25
SNU83: posts big blind $0.25
*** HOLE CARDS ***
Dealt to Alameda22 [5s 3c]
(PSY)De_Ange: folds 
Farva500: folds 
k030101: folds 
silver2871: calls $0.25
Alameda22: folds 
SNU83: checks 
Stuness: folds 
wakelife23: calls $0.15
ThannTheOne: checks 
*** FLOP *** [Ks 4h 4d]
wakelife23: checks 
ThannTheOne: checks 
silver2871: bets $1
SNU83: folds 
wakelife23: folds 
ThannTheOne: folds 
Uncalled bet ($1) returned to silver2871
silver2871 collected $0.95 from pot
*** SUMMARY ***
Total pot $1 | Rake $0.05 
Board [Ks 4h 4d]
Seat 1: wakelife23 (small blind) folded on the Flop
Seat 2: ThannTheOne (big blind) folded on the Flop
Seat 3: (PSY)De_Ange folded before Flop (didn't bet)
Seat 4: Farva500 folded before Flop (didn't bet)
Seat 5: k030101 folded before Flop (didn't bet)
Seat 6: silver2871 collected ($0.95)
Seat 7: Alameda22 folded before Flop (didn't bet)
Seat 8: SNU83 folded on the Flop
Seat 9: Stuness (button) folded before Flop (didn't bet)



PokerStars Game #19904582032:  Hold'em No Limit ($0.10/$0.25) - 2008/08/26 - 00:45:30 (ET)
Table 'Eucharis' 9-max Seat #1 is the button
Seat 1: wakelife23 ($26.35 in chips) 
Seat 2: ThannTheOne ($4.05 in chips) 
Seat 3: (PSY)De_Ange ($28.45 in chips) 
Seat 4: Farva500 ($16.60 in chips) 
Seat 5: k030101 ($23.30 in chips) 
Seat 6: silver2871 ($35.15 in chips) 
Seat 7: Alameda22 ($36.55 in chips) 
Seat 8: SNU83 ($14.75 in chips) 
Seat 9: Stuness ($24.90 in chips) 
ThannTheOne: posts small blind $0.10
(PSY)De_Ange: posts big blind $0.25
*** HOLE CARDS ***
Dealt to Alameda22 [5c Jh]
Farva500: folds 
k030101: folds 
silver2871: folds 
Alameda22: folds 
SNU83: folds 
Stuness: raises $0.75 to $1
wakelife23: folds 
ThannTheOne: folds 
(PSY)De_Ange: folds 
Uncalled bet ($0.75) returned to Stuness
Stuness collected $0.60 from pot
Stuness: doesn't show hand 
*** SUMMARY ***
Total pot $0.60 | Rake $0 
Seat 1: wakelife23 (button) folded before Flop (didn't bet)
Seat 2: ThannTheOne (small blind) folded before Flop
Seat 3: (PSY)De_Ange (big blind) folded before Flop
Seat 4: Farva500 folded before Flop (didn't bet)
Seat 5: k030101 folded before Flop (didn't bet)
Seat 6: silver2871 folded before Flop (didn't bet)
Seat 7: Alameda22 folded before Flop (didn't bet)
Seat 8: SNU83 folded before Flop (didn't bet)
Seat 9: Stuness collected ($0.60)



PokerStars Game #19904594897:  Hold'em No Limit ($0.10/$0.25) - 2008/08/26 - 00:46:18 (ET)
Table 'Eucharis' 9-max Seat #2 is the button
Seat 1: wakelife23 ($26.35 in chips) 
Seat 2: ThannTheOne ($3.95 in chips) 
Seat 3: (PSY)De_Ange ($28.20 in chips) 
Seat 4: Farva500 ($16.60 in chips) 
Seat 5: k030101 ($23.30 in chips) 
Seat 6: silver2871 ($35.15 in chips) 
Seat 7: Alameda22 ($36.55 in chips) 
Seat 8: SNU83 ($14.75 in chips) 
Seat 9: Stuness ($25.25 in chips) 
(PSY)De_Ange: posts small blind $0.10
Farva500: posts big blind $0.25
*** HOLE CARDS ***
Dealt to Alameda22 [6d 2h]
k030101: folds 
silver2871: calls $0.25
Alameda22: folds 
SNU83: calls $0.25
Stuness: folds 
wakelife23: calls $0.25
ThannTheOne: folds 
(PSY)De_Ange: folds 
Farva500: checks 
*** FLOP *** [Ts 3d 2c]
Farva500: checks 
silver2871: checks 
SNU83: checks 
wakelife23: checks 
*** TURN *** [Ts 3d 2c] [5d]
Farva500: checks 
silver2871: checks 
SNU83: bets $0.75
wakelife23: folds 
Farva500: folds 
silver2871: folds 
Uncalled bet ($0.75) returned to SNU83
SNU83 collected $1.05 from pot
SNU83: doesn't show hand 
*** SUMMARY ***
Total pot $1.10 | Rake $0.05 
Board [Ts 3d 2c 5d]
Seat 1: wakelife23 folded on the Turn
Seat 2: ThannTheOne (button) folded before Flop (didn't bet)
Seat 3: (PSY)De_Ange (small blind) folded before Flop
Seat 4: Farva500 (big blind) folded on the Turn
Seat 5: k030101 folded before Flop (didn't bet)
Seat 6: silver2871 folded on the Turn
Seat 7: Alameda22 folded before Flop (didn't bet)
Seat 8: SNU83 collected ($1.05)
Seat 9: Stuness folded before Flop (didn't bet)



PokerStars Game #19904619281:  Hold'em No Limit ($0.10/$0.25) - 2008/08/26 - 00:47:50 (ET)
Table 'Eucharis' 9-max Seat #3 is the button
Seat 1: wakelife23 ($26.10 in chips) 
Seat 2: ThannTheOne ($3.95 in chips) 
Seat 3: (PSY)De_Ange ($28.10 in chips) 
Seat 4: Farva500 ($16.35 in chips) 
Seat 5: k030101 ($23.30 in chips) 
Seat 6: silver2871 ($34.90 in chips) 
Seat 7: Alameda22 ($36.55 in chips) 
Seat 8: SNU83 ($15.55 in chips) 
Seat 9: Stuness ($25.25 in chips) 
Farva500: posts small blind $0.10
k030101: posts big blind $0.25
*** HOLE CARDS ***
Dealt to Alameda22 [Jc 3d]
silver2871: folds 
Alameda22: folds 
SNU83: folds 
Stuness: folds 
wakelife23: folds 
ThannTheOne: folds 
(PSY)De_Ange: calls $0.25
Farva500: folds 
k030101: checks 
*** FLOP *** [Qh 8c Ac]
k030101: checks 
(PSY)De_Ange: checks 
*** TURN *** [Qh 8c Ac] [Tc]
k030101: checks 
(PSY)De_Ange: bets $0.50
k030101: folds 
Uncalled bet ($0.50) returned to (PSY)De_Ange
(PSY)De_Ange collected $0.60 from pot
(PSY)De_Ange: doesn't show hand 
*** SUMMARY ***
Total pot $0.60 | Rake $0 
Board [Qh 8c Ac Tc]
Seat 1: wakelife23 folded before Flop (didn't bet)
Seat 2: ThannTheOne folded before Flop (didn't bet)
Seat 3: (PSY)De_Ange (button) collected ($0.60)
Seat 4: Farva500 (small blind) folded before Flop
Seat 5: k030101 (big blind) folded on the Turn
Seat 6: silver2871 folded before Flop (didn't bet)
Seat 7: Alameda22 folded before Flop (didn't bet)
Seat 8: SNU83 folded before Flop (didn't bet)
Seat 9: Stuness folded before Flop (didn't bet)



PokerStars Game #19904637956:  Hold'em No Limit ($0.10/$0.25) - 2008/08/26 - 00:49:00 (ET)
Table 'Eucharis' 9-max Seat #4 is the button
Seat 1: wakelife23 ($26.10 in chips) 
Seat 2: ThannTheOne ($3.95 in chips) 
Seat 3: (PSY)De_Ange ($28.45 in chips) 
Seat 4: Farva500 ($16.25 in chips) 
Seat 5: k030101 ($23.05 in chips) 
Seat 6: silver2871 ($34.90 in chips) 
Seat 7: Alameda22 ($36.55 in chips) 
Seat 8: SNU83 ($15.55 in chips) 
Seat 9: Stuness ($25.25 in chips) 
k030101: posts small blind $0.10
silver2871: posts big blind $0.25
*** HOLE CARDS ***
Dealt to Alameda22 [7d Js]
Alameda22: folds 
SNU83: folds 
Stuness: folds 
wakelife23: folds 
ThannTheOne: folds 
(PSY)De_Ange: folds 
Farva500: folds 
k030101: folds 
Uncalled bet ($0.15) returned to silver2871
silver2871 collected $0.20 from pot
*** SUMMARY ***
Total pot $0.20 | Rake $0 
Seat 1: wakelife23 folded before Flop (didn't bet)
Seat 2: ThannTheOne folded before Flop (didn't bet)
Seat 3: (PSY)De_Ange folded before Flop (didn't bet)
Seat 4: Farva500 (button) folded before Flop (didn't bet)
Seat 5: k030101 (small blind) folded before Flop
Seat 6: silver2871 (big blind) collected ($0.20)
Seat 7: Alameda22 folded before Flop (didn't bet)
Seat 8: SNU83 folded before Flop (didn't bet)
Seat 9: Stuness folded before Flop (didn't bet)



PokerStars Game #19904647066:  Hold'em No Limit ($0.10/$0.25) - 2008/08/26 - 00:49:34 (ET)
Table 'Eucharis' 9-max Seat #5 is the button
Seat 1: wakelife23 ($26.10 in chips) 
Seat 2: ThannTheOne ($3.95 in chips) 
Seat 3: (PSY)De_Ange ($28.45 in chips) 
Seat 4: Farva500 ($16.25 in chips) 
Seat 5: k030101 ($22.95 in chips) 
Seat 6: silver2871 ($35 in chips) 
Seat 7: Alameda22 ($36.55 in chips) 
Seat 8: SNU83 ($15.55 in chips) 
Seat 9: Stuness ($25.25 in chips) 
silver2871: posts small blind $0.10
Alameda22: posts big blind $0.25
*** HOLE CARDS ***
Dealt to Alameda22 [8c Ks]
SNU83: folds 
Stuness: folds 
wakelife23: folds 
ThannTheOne: folds 
(PSY)De_Ange: folds 
Farva500: folds 
k030101: folds 
silver2871: folds 
Uncalled bet ($0.15) returned to Alameda22
Alameda22 collected $0.20 from pot
Alameda22: doesn't show hand 
*** SUMMARY ***
Total pot $0.20 | Rake $0 
Seat 1: wakelife23 folded before Flop (didn't bet)
Seat 2: ThannTheOne folded before Flop (didn't bet)
Seat 3: (PSY)De_Ange folded before Flop (didn't bet)
Seat 4: Farva500 folded before Flop (didn't bet)
Seat 5: k030101 (button) folded before Flop (didn't bet)
Seat 6: silver2871 (small blind) folded before Flop
Seat 7: Alameda22 (big blind) collected ($0.20)
Seat 8: SNU83 folded before Flop (didn't bet)
Seat 9: Stuness folded before Flop (didn't bet)



PokerStars Game #19904656128:  Hold'em No Limit ($0.10/$0.25) - 2008/08/26 - 00:50:08 (ET)
Table 'Eucharis' 9-max Seat #6 is the button
Seat 1: wakelife23 ($26.10 in chips) 
Seat 2: ThannTheOne ($3.95 in chips) 
Seat 3: (PSY)De_Ange ($28.45 in chips) 
Seat 4: Farva500 ($16.25 in chips) 
Seat 5: k030101 ($22.95 in chips) 
Seat 6: silver2871 ($34.90 in chips) 
Seat 7: Alameda22 ($36.65 in chips) 
Seat 8: SNU83 ($15.55 in chips) 
Seat 9: Stuness ($25.25 in chips) 
Alameda22: posts small blind $0.10
SNU83: posts big blind $0.25
*** HOLE CARDS ***
Dealt to Alameda22 [5h Th]
Stuness: folds 
wakelife23: folds 
ThannTheOne: folds 
(PSY)De_Ange: folds 
Farva500: raises $0.50 to $0.75
k030101: folds 
silver2871: folds 
Alameda22: folds 
SNU83: folds 
Uncalled bet ($0.50) returned to Farva500
Farva500 collected $0.60 from pot
*** SUMMARY ***
Total pot $0.60 | Rake $0 
Seat 1: wakelife23 folded before Flop (didn't bet)
Seat 2: ThannTheOne folded before Flop (didn't bet)
Seat 3: (PSY)De_Ange folded before Flop (didn't bet)
Seat 4: Farva500 collected ($0.60)
Seat 5: k030101 folded before Flop (didn't bet)
Seat 6: silver2871 (button) folded before Flop (didn't bet)
Seat 7: Alameda22 (small blind) folded before Flop
Seat 8: SNU83 (big blind) folded before Flop
Seat 9: Stuness folded before Flop (didn't bet)



PokerStars Game #19904665101:  Hold'em No Limit ($0.10/$0.25) - 2008/08/26 - 00:50:42 (ET)
Table 'Eucharis' 9-max Seat #7 is the button
Seat 1: wakelife23 ($26.10 in chips) 
Seat 2: ThannTheOne ($3.95 in chips) 
Seat 3: (PSY)De_Ange ($28.45 in chips) 
Seat 4: Farva500 ($16.60 in chips) 
Seat 5: k030101 ($22.95 in chips) 
Seat 6: silver2871 ($34.90 in chips) 
Seat 7: Alameda22 ($36.55 in chips) 
Seat 8: SNU83 ($15.30 in chips) 
SNU83: posts small blind $0.10
Stuness: is sitting out 
wakelife23: posts big blind $0.25
*** HOLE CARDS ***
Dealt to Alameda22 [9c 5d]
Stuness leaves the table
ThannTheOne: raises $0.75 to $1
(PSY)De_Ange: folds 
Farva500: folds 
k030101: folds 
silver2871: folds 
Alameda22: folds 
SNU83: folds 
wakelife23: folds 
Uncalled bet ($0.75) returned to ThannTheOne
ThannTheOne collected $0.60 from pot
ThannTheOne: doesn't show hand 
*** SUMMARY ***
Total pot $0.60 | Rake $0 
Seat 1: wakelife23 (big blind) folded before Flop
Seat 2: ThannTheOne collected ($0.60)
Seat 3: (PSY)De_Ange folded before Flop (didn't bet)
Seat 4: Farva500 folded before Flop (didn't bet)
Seat 5: k030101 folded before Flop (didn't bet)
Seat 6: silver2871 folded before Flop (didn't bet)
Seat 7: Alameda22 (button) folded before Flop (didn't bet)
Seat 8: SNU83 (small blind) folded before Flop



PokerStars Game #19904676412:  Hold'em No Limit ($0.10/$0.25) - 2008/08/26 - 00:51:25 (ET)
Table 'Eucharis' 9-max Seat #8 is the button
Seat 1: wakelife23 ($25.85 in chips) 
Seat 2: ThannTheOne ($4.30 in chips) 
Seat 3: (PSY)De_Ange ($28.45 in chips) 
Seat 4: Farva500 ($16.60 in chips) 
Seat 5: k030101 ($22.95 in chips) 
Seat 6: silver2871 ($34.90 in chips) 
Seat 7: Alameda22 ($36.55 in chips) 
Seat 8: SNU83 ($15.20 in chips) 
wakelife23: posts small blind $0.10
ThannTheOne: posts big blind $0.25
*** HOLE CARDS ***
Dealt to Alameda22 [2c 6d]
(PSY)De_Ange: folds 
Farva500: folds 
k030101: folds 
silver2871: calls $0.25
Alameda22: folds 
SNU83: calls $0.25
wakelife23: calls $0.15
ThannTheOne: raises $1.50 to $1.75
silver2871: folds 
SNU83: folds 
wakelife23: folds 
Uncalled bet ($1.50) returned to ThannTheOne
ThannTheOne collected $1 from pot
ThannTheOne: doesn't show hand 
*** SUMMARY ***
Total pot $1 | Rake $0 
Seat 1: wakelife23 (small blind) folded before Flop
Seat 2: ThannTheOne (big blind) collected ($1)
Seat 3: (PSY)De_Ange folded before Flop (didn't bet)
Seat 4: Farva500 folded before Flop (didn't bet)
Seat 5: k030101 folded before Flop (didn't bet)
Seat 6: silver2871 folded before Flop
Seat 7: Alameda22 folded before Flop (didn't bet)
Seat 8: SNU83 (button) folded before Flop



PokerStars Game #19904690554:  Hold'em No Limit ($0.10/$0.25) - 2008/08/26 - 00:52:20 (ET)
Table 'Eucharis' 9-max Seat #1 is the button
Seat 1: wakelife23 ($25.60 in chips) 
Seat 2: ThannTheOne ($5.05 in chips) 
Seat 3: (PSY)De_Ange ($28.45 in chips) 
Seat 4: Farva500 ($16.60 in chips) 
Seat 5: k030101 ($22.95 in chips) 
Seat 6: silver2871 ($34.65 in chips) 
Seat 7: Alameda22 ($36.55 in chips) 
Seat 8: SNU83 ($14.95 in chips) 
ThannTheOne: posts small blind $0.10
(PSY)De_Ange: posts big blind $0.25
*** HOLE CARDS ***
Dealt to Alameda22 [7h 5s]
Farva500: folds 
k030101: folds 
silver2871: calls $0.25
Alameda22: folds 
SNU83: folds 
wakelife23: calls $0.25
ThannTheOne: folds 
(PSY)De_Ange: checks 
*** FLOP *** [Ts Js 6s]
(PSY)De_Ange: checks 
silver2871: bets $0.75
wakelife23: folds 
(PSY)De_Ange: folds 
Uncalled bet ($0.75) returned to silver2871
silver2871 collected $0.85 from pot
*** SUMMARY ***
Total pot $0.85 | Rake $0 
Board [Ts Js 6s]
Seat 1: wakelife23 (button) folded on the Flop
Seat 2: ThannTheOne (small blind) folded before Flop
Seat 3: (PSY)De_Ange (big blind) folded on the Flop
Seat 4: Farva500 folded before Flop (didn't bet)
Seat 5: k030101 folded before Flop (didn't bet)
Seat 6: silver2871 collected ($0.85)
Seat 7: Alameda22 folded before Flop (didn't bet)
Seat 8: SNU83 folded before Flop (didn't bet)



PokerStars Game #19904711093:  Hold'em No Limit ($0.10/$0.25) - 2008/08/26 - 00:53:38 (ET)
Table 'Eucharis' 9-max Seat #2 is the button
Seat 1: wakelife23 ($25.35 in chips) 
Seat 2: ThannTheOne ($4.95 in chips) 
Seat 3: (PSY)De_Ange ($28.20 in chips) 
Seat 4: Farva500 ($16.60 in chips) 
Seat 5: k030101 ($22.95 in chips) 
Seat 6: silver2871 ($35.25 in chips) 
Seat 7: Alameda22 ($36.55 in chips) 
Seat 8: SNU83 ($14.95 in chips) 
(PSY)De_Ange: posts small blind $0.10
Farva500: posts big blind $0.25
*** HOLE CARDS ***
Dealt to Alameda22 [Jh Ts]
k030101: folds 
silver2871: folds 
Alameda22: folds 
SNU83: folds 
wakelife23: raises $0.50 to $0.75
ThannTheOne: folds 
(PSY)De_Ange: folds 
Farva500: folds 
Uncalled bet ($0.50) returned to wakelife23
wakelife23 collected $0.60 from pot
wakelife23: doesn't show hand 
*** SUMMARY ***
Total pot $0.60 | Rake $0 
Seat 1: wakelife23 collected ($0.60)
Seat 2: ThannTheOne (button) folded before Flop (didn't bet)
Seat 3: (PSY)De_Ange (small blind) folded before Flop
Seat 4: Farva500 (big blind) folded before Flop
Seat 5: k030101 folded before Flop (didn't bet)
Seat 6: silver2871 folded before Flop (didn't bet)
Seat 7: Alameda22 folded before Flop (didn't bet)
Seat 8: SNU83 folded before Flop (didn't bet)



PokerStars Game #19904721424:  Hold'em No Limit ($0.10/$0.25) - 2008/08/26 - 00:54:17 (ET)
Table 'Eucharis' 9-max Seat #3 is the button
Seat 1: wakelife23 ($25.70 in chips) 
Seat 2: ThannTheOne ($4.95 in chips) 
Seat 3: (PSY)De_Ange ($28.10 in chips) 
Seat 4: Farva500 ($16.35 in chips) 
Seat 5: k030101 ($22.95 in chips) 
Seat 6: silver2871 ($35.25 in chips) 
Seat 7: Alameda22 ($36.55 in chips) 
Seat 8: SNU83 ($14.95 in chips) 
Farva500: posts small blind $0.10
k030101: posts big blind $0.25
*** HOLE CARDS ***
Dealt to Alameda22 [Qh Kh]
silver2871: folds 
Alameda22: folds 
SNU83: folds 
wakelife23: calls $0.25
ThannTheOne: folds 
(PSY)De_Ange: folds 
Farva500: folds 
k030101: checks 
*** FLOP *** [9c 6h 9s]
k030101: checks 
wakelife23: bets $0.75
k030101: folds 
Uncalled bet ($0.75) returned to wakelife23
wakelife23 collected $0.60 from pot
wakelife23: doesn't show hand 
*** SUMMARY ***
Total pot $0.60 | Rake $0 
Board [9c 6h 9s]
Seat 1: wakelife23 collected ($0.60)
Seat 2: ThannTheOne folded before Flop (didn't bet)
Seat 3: (PSY)De_Ange (button) folded before Flop (didn't bet)
Seat 4: Farva500 (small blind) folded before Flop
Seat 5: k030101 (big blind) folded on the Flop
Seat 6: silver2871 folded before Flop (didn't bet)
Seat 7: Alameda22 folded before Flop (didn't bet)
Seat 8: SNU83 folded before Flop (didn't bet)



PokerStars Game #19904732440:  Hold'em No Limit ($0.10/$0.25) - 2008/08/26 - 00:55:00 (ET)
Table 'Eucharis' 9-max Seat #4 is the button
Seat 1: wakelife23 ($26.05 in chips) 
Seat 2: ThannTheOne ($4.95 in chips) 
Seat 3: (PSY)De_Ange ($28.10 in chips) 
Seat 4: Farva500 ($16.25 in chips) 
Seat 5: k030101 ($22.70 in chips) 
Seat 6: silver2871 ($35.25 in chips) 
Seat 7: Alameda22 ($36.55 in chips) 
Seat 8: SNU83 ($14.95 in chips) 
k030101: posts small blind $0.10
silver2871: posts big blind $0.25
*** HOLE CARDS ***
Dealt to Alameda22 [8c 3d]
Alameda22: folds 
SNU83: folds 
wakelife23: folds 
ThannTheOne: folds 
(PSY)De_Ange: folds 
Farva500: folds 
k030101: raises $0.75 to $1
silver2871: folds 
Uncalled bet ($0.75) returned to k030101
k030101 collected $0.50 from pot
k030101: doesn't show hand 
*** SUMMARY ***
Total pot $0.50 | Rake $0 
Seat 1: wakelife23 folded before Flop (didn't bet)
Seat 2: ThannTheOne folded before Flop (didn't bet)
Seat 3: (PSY)De_Ange folded before Flop (didn't bet)
Seat 4: Farva500 (button) folded before Flop (didn't bet)
Seat 5: k030101 (small blind) collected ($0.50)
Seat 6: silver2871 (big blind) folded before Flop
Seat 7: Alameda22 folded before Flop (didn't bet)
Seat 8: SNU83 folded before Flop (didn't bet)



PokerStars Game #19904738524:  Hold'em No Limit ($0.10/$0.25) - 2008/08/26 - 00:55:24 (ET)
Table 'Eucharis' 9-max Seat #5 is the button
Seat 1: wakelife23 ($26.05 in chips) 
Seat 2: ThannTheOne ($4.95 in chips) 
Seat 3: (PSY)De_Ange ($28.10 in chips) 
Seat 4: Farva500 ($16.25 in chips) 
Seat 5: k030101 ($22.95 in chips) 
Seat 6: silver2871 ($35 in chips) 
Seat 7: Alameda22 ($36.55 in chips) 
Seat 8: SNU83 ($14.95 in chips) 
silver2871: posts small blind $0.10
Alameda22: posts big blind $0.25
*** HOLE CARDS ***
Dealt to Alameda22 [Jd Tc]
SNU83: folds 
wakelife23: folds 
ThannTheOne: folds 
ISO3200 joins the table at seat #9 
(PSY)De_Ange: folds 
Farva500: folds 
k030101: folds 
silver2871: calls $0.15
Alameda22: checks 
*** FLOP *** [Kh Ah 3h]
silver2871: checks 
Alameda22: checks 
*** TURN *** [Kh Ah 3h] [7c]
silver2871: checks 
Alameda22: checks 
*** RIVER *** [Kh Ah 3h 7c] [5c]
silver2871: checks 
Alameda22: checks 
*** SHOW DOWN ***
silver2871: shows [6c 9c] (high card Ace)
Alameda22: shows [Jd Tc] (high card Ace - King+Jack kicker)
Alameda22 collected $0.50 from pot
*** SUMMARY ***
Total pot $0.50 | Rake $0 
Board [Kh Ah 3h 7c 5c]
Seat 1: wakelife23 folded before Flop (didn't bet)
Seat 2: ThannTheOne folded before Flop (didn't bet)
Seat 3: (PSY)De_Ange folded before Flop (didn't bet)
Seat 4: Farva500 folded before Flop (didn't bet)
Seat 5: k030101 (button) folded before Flop (didn't bet)
Seat 6: silver2871 (small blind) showed [6c 9c] and lost with high card Ace
Seat 7: Alameda22 (big blind) showed [Jd Tc] and won ($0.50) with high card Ace
Seat 8: SNU83 folded before Flop (didn't bet)



PokerStars Game #19904762109:  Hold'em No Limit ($0.10/$0.25) - 2008/08/26 - 00:56:56 (ET)
Table 'Eucharis' 9-max Seat #6 is the button
Seat 1: wakelife23 ($26.05 in chips) 
Seat 2: ThannTheOne ($4.95 in chips) 
Seat 3: (PSY)De_Ange ($28.10 in chips) 
Seat 4: Farva500 ($16.25 in chips) 
Seat 5: k030101 ($22.95 in chips) 
Seat 6: silver2871 ($34.75 in chips) 
Seat 7: Alameda22 ($36.80 in chips) 
Seat 8: SNU83 ($14.95 in chips) 
Alameda22: posts small blind $0.10
SNU83: posts big blind $0.25
ISO3200: sits out 
*** HOLE CARDS ***
Dealt to Alameda22 [Jd 5c]
wakelife23: calls $0.25
ThannTheOne: folds 
ThannTheOne leaves the table
(PSY)De_Ange: folds 
Farva500: folds 
k030101: folds 
silver2871: folds 
Alameda22: folds 
SNU83: checks 
*** FLOP *** [Jc 9d 6h]
SNU83: checks 
wakelife23: bets $0.50
SippKing85 joins the table at seat #2 
SNU83: folds 
Uncalled bet ($0.50) returned to wakelife23
wakelife23 collected $0.60 from pot
wakelife23: doesn't show hand 
*** SUMMARY ***
Total pot $0.60 | Rake $0 
Board [Jc 9d 6h]
Seat 1: wakelife23 collected ($0.60)
Seat 2: ThannTheOne folded before Flop (didn't bet)
Seat 3: (PSY)De_Ange folded before Flop (didn't bet)
Seat 4: Farva500 folded before Flop (didn't bet)
Seat 5: k030101 folded before Flop (didn't bet)
Seat 6: silver2871 (button) folded before Flop (didn't bet)
Seat 7: Alameda22 (small blind) folded before Flop
Seat 8: SNU83 (big blind) folded on the Flop



