PokerStars Game #19921897474:  Hold'em No Limit ($0.10/$0.25) - 2008/08/26 - 18:32:11 (ET)
Table 'Bolyai' 9-max Seat #2 is the button
Seat 1: ilovesomuchh ($52.60 in chips) 
Seat 2: blazio09 ($17.05 in chips) 
Seat 3: bignubs ($9.25 in chips) 
Seat 4: Alameda22 ($25 in chips) 
Seat 5: Ra-DBR ($4.35 in chips) 
Seat 6: MOUTH4WARQQQ ($16.65 in chips) 
Seat 8: Hiob51 ($19.95 in chips) 
Seat 9: hsGabriel ($24.80 in chips) 
bignubs: posts small blind $0.10
Alameda22: posts big blind $0.25
*** HOLE CARDS ***
Dealt to Alameda22 [Jc 7s]
Ra-DBR: folds 
MOUTH4WARQQQ: calls $0.25
Hiob51: folds 
hsGabriel: folds 
ilovesomuchh: folds 
blazio09: folds 
bignubs: raises $1 to $1.25
Alameda22: folds 
MOUTH4WARQQQ: raises $15.40 to $16.65 and is all-in
bignubs: calls $8 and is all-in
Uncalled bet ($7.40) returned to MOUTH4WARQQQ
*** FLOP *** [4c 8s 7d]
*** TURN *** [4c 8s 7d] [8d]
*** RIVER *** [4c 8s 7d 8d] [Jd]
*** SHOW DOWN ***
bignubs: shows [Ac As] (two pair, Aces and Eights)
MOUTH4WARQQQ: mucks hand 
bignubs collected $17.85 from pot
*** SUMMARY ***
Total pot $18.75 | Rake $0.90 
Board [4c 8s 7d 8d Jd]
Seat 1: ilovesomuchh folded before Flop (didn't bet)
Seat 2: blazio09 (button) folded before Flop (didn't bet)
Seat 3: bignubs (small blind) showed [Ac As] and won ($17.85) with two pair, Aces and Eights
Seat 4: Alameda22 (big blind) folded before Flop
Seat 5: Ra-DBR folded before Flop (didn't bet)
Seat 6: MOUTH4WARQQQ mucked [2h 2d]
Seat 8: Hiob51 folded before Flop (didn't bet)
Seat 9: hsGabriel folded before Flop (didn't bet)



PokerStars Game #19921919191:  Hold'em No Limit ($0.10/$0.25) - 2008/08/26 - 18:33:08 (ET)
Table 'Bolyai' 9-max Seat #3 is the button
Seat 1: ilovesomuchh ($52.60 in chips) 
Seat 2: blazio09 ($17.05 in chips) 
Seat 3: bignubs ($17.85 in chips) 
Seat 4: Alameda22 ($24.75 in chips) 
Seat 5: Ra-DBR ($4.35 in chips) 
Seat 6: MOUTH4WARQQQ ($7.40 in chips) 
Seat 8: Hiob51 ($19.95 in chips) 
Seat 9: hsGabriel ($24.80 in chips) 
Alameda22: posts small blind $0.10
Ra-DBR: posts big blind $0.25
*** HOLE CARDS ***
Dealt to Alameda22 [7d Qc]
MOUTH4WARQQQ: calls $0.25
Hiob51: folds 
hsGabriel: folds 
ilovesomuchh: calls $0.25
blazio09: calls $0.25
bignubs: folds 
Alameda22: folds 
Ra-DBR: raises $1.50 to $1.75
MOUTH4WARQQQ: folds 
ilovesomuchh: folds 
Hiob51 leaves the table
blazio09: folds 
Uncalled bet ($1.50) returned to Ra-DBR
Ra-DBR collected $1.10 from pot
Ra-DBR: doesn't show hand 
*** SUMMARY ***
Total pot $1.10 | Rake $0 
Seat 1: ilovesomuchh folded before Flop
Seat 2: blazio09 folded before Flop
Seat 3: bignubs (button) folded before Flop (didn't bet)
Seat 4: Alameda22 (small blind) folded before Flop
Seat 5: Ra-DBR (big blind) collected ($1.10)
Seat 6: MOUTH4WARQQQ folded before Flop
Seat 8: Hiob51 folded before Flop (didn't bet)
Seat 9: hsGabriel folded before Flop (didn't bet)



PokerStars Game #19921941398:  Hold'em No Limit ($0.10/$0.25) - 2008/08/26 - 18:34:05 (ET)
Table 'Bolyai' 9-max Seat #4 is the button
Seat 1: ilovesomuchh ($52.35 in chips) 
Seat 2: blazio09 ($16.80 in chips) 
Seat 3: bignubs ($17.85 in chips) 
Seat 4: Alameda22 ($24.65 in chips) 
Seat 5: Ra-DBR ($5.20 in chips) 
Seat 6: MOUTH4WARQQQ ($7.15 in chips) 
Seat 9: hsGabriel ($24.80 in chips) 
Ra-DBR: posts small blind $0.10
MOUTH4WARQQQ: posts big blind $0.25
*** HOLE CARDS ***
Dealt to Alameda22 [Tc Jc]
hsGabriel: folds 
ilovesomuchh: folds 
Naxxxxo joins the table at seat #8 
blazio09: folds 
Michelme was removed from the table for failing to post
bignubs: raises $1 to $1.25
Alameda22: folds 
Ra-DBR: folds 
MOUTH4WARQQQ: folds 
Uncalled bet ($1) returned to bignubs
bignubs collected $0.60 from pot
bignubs: doesn't show hand 
*** SUMMARY ***
Total pot $0.60 | Rake $0 
Seat 1: ilovesomuchh folded before Flop (didn't bet)
Seat 2: blazio09 folded before Flop (didn't bet)
Seat 3: bignubs collected ($0.60)
Seat 4: Alameda22 (button) folded before Flop (didn't bet)
Seat 5: Ra-DBR (small blind) folded before Flop
Seat 6: MOUTH4WARQQQ (big blind) folded before Flop
Seat 9: hsGabriel folded before Flop (didn't bet)



PokerStars Game #19921954010:  Hold'em No Limit ($0.10/$0.25) - 2008/08/26 - 18:34:38 (ET)
Table 'Bolyai' 9-max Seat #5 is the button
Seat 1: ilovesomuchh ($52.35 in chips) 
Seat 2: blazio09 ($16.80 in chips) 
Seat 3: bignubs ($18.20 in chips) 
Seat 4: Alameda22 ($24.65 in chips) 
Seat 5: Ra-DBR ($5.10 in chips) 
Seat 6: MOUTH4WARQQQ ($6.90 in chips) 
Seat 8: Naxxxxo ($25 in chips) 
Seat 9: hsGabriel ($24.80 in chips) 
MOUTH4WARQQQ: posts small blind $0.10
Naxxxxo: posts big blind $0.25
*** HOLE CARDS ***
Dealt to Alameda22 [2d Th]
hsGabriel: calls $0.25
ilovesomuchh: folds 
blazio09: calls $0.25
bignubs: folds 
Alameda22: folds 
Ra-DBR: folds 
MOUTH4WARQQQ: calls $0.15
mrmelee joins the table at seat #7 
Naxxxxo: checks 
*** FLOP *** [Jc As Kc]
MOUTH4WARQQQ: checks 
Naxxxxo: checks 
hsGabriel: bets $0.50
blazio09: folds 
MOUTH4WARQQQ: folds 
Naxxxxo: folds 
Uncalled bet ($0.50) returned to hsGabriel
hsGabriel collected $0.95 from pot
*** SUMMARY ***
Total pot $1 | Rake $0.05 
Board [Jc As Kc]
Seat 1: ilovesomuchh folded before Flop (didn't bet)
Seat 2: blazio09 folded on the Flop
Seat 3: bignubs folded before Flop (didn't bet)
Seat 4: Alameda22 folded before Flop (didn't bet)
Seat 5: Ra-DBR (button) folded before Flop (didn't bet)
Seat 6: MOUTH4WARQQQ (small blind) folded on the Flop
Seat 8: Naxxxxo (big blind) folded on the Flop
Seat 9: hsGabriel collected ($0.95)



PokerStars Game #19921975587:  Hold'em No Limit ($0.10/$0.25) - 2008/08/26 - 18:35:35 (ET)
Table 'Bolyai' 9-max Seat #6 is the button
Seat 1: ilovesomuchh ($52.35 in chips) 
Seat 2: blazio09 ($16.55 in chips) 
Seat 3: bignubs ($18.20 in chips) 
Seat 4: Alameda22 ($24.65 in chips) 
Seat 5: Ra-DBR ($5.10 in chips) 
Seat 6: MOUTH4WARQQQ ($6.65 in chips) 
Seat 8: Naxxxxo ($24.75 in chips) 
Seat 9: hsGabriel ($25.50 in chips) 
mrmelee will be allowed to play after the button
Naxxxxo: posts small blind $0.10
hsGabriel: posts big blind $0.25
*** HOLE CARDS ***
Dealt to Alameda22 [7h 8d]
ilovesomuchh: folds 
blazio09: calls $0.25
bignubs: folds 
Alameda22: folds 
Ra-DBR: folds 
MOUTH4WARQQQ: folds 
Naxxxxo: calls $0.15
hsGabriel: checks 
*** FLOP *** [3h 6s Qh]
Naxxxxo: checks 
hsGabriel: checks 
blazio09: checks 
*** TURN *** [3h 6s Qh] [4d]
Naxxxxo: checks 
hsGabriel: checks 
blazio09: checks 
*** RIVER *** [3h 6s Qh 4d] [2c]
Naxxxxo: checks 
hsGabriel: checks 
blazio09: checks 
*** SHOW DOWN ***
Naxxxxo: shows [2d Jd] (a pair of Deuces)
hsGabriel: mucks hand 
blazio09: mucks hand 
Naxxxxo collected $0.75 from pot
*** SUMMARY ***
Total pot $0.75 | Rake $0 
Board [3h 6s Qh 4d 2c]
Seat 1: ilovesomuchh folded before Flop (didn't bet)
Seat 2: blazio09 mucked [Jh Kd]
Seat 3: bignubs folded before Flop (didn't bet)
Seat 4: Alameda22 folded before Flop (didn't bet)
Seat 5: Ra-DBR folded before Flop (didn't bet)
Seat 6: MOUTH4WARQQQ (button) folded before Flop (didn't bet)
Seat 8: Naxxxxo (small blind) showed [2d Jd] and won ($0.75) with a pair of Deuces
Seat 9: hsGabriel (big blind) mucked [2h 7s]



PokerStars Game #19921996736:  Hold'em No Limit ($0.10/$0.25) - 2008/08/26 - 18:36:31 (ET)
Table 'Bolyai' 9-max Seat #8 is the button
Seat 1: ilovesomuchh ($52.35 in chips) 
Seat 2: blazio09 ($16.30 in chips) 
Seat 3: bignubs ($18.20 in chips) 
Seat 4: Alameda22 ($24.65 in chips) 
Seat 5: Ra-DBR ($5.10 in chips) 
Seat 6: MOUTH4WARQQQ ($6.65 in chips) 
Seat 7: mrmelee ($25 in chips) 
Seat 8: Naxxxxo ($25.25 in chips) 
Seat 9: hsGabriel ($25.25 in chips) 
hsGabriel: posts small blind $0.10
ilovesomuchh: posts big blind $0.25
mrmelee: posts big blind $0.25
*** HOLE CARDS ***
Dealt to Alameda22 [8c 6s]
blazio09: folds 
bignubs: folds 
Alameda22: folds 
Ra-DBR: folds 
MOUTH4WARQQQ: raises $0.50 to $0.75
mrmelee: calls $0.50
Naxxxxo: folds 
hsGabriel: calls $0.65
ilovesomuchh: folds 
*** FLOP *** [Th Td 4c]
hsGabriel: checks 
MOUTH4WARQQQ: checks 
mrmelee: checks 
*** TURN *** [Th Td 4c] [9c]
hsGabriel: bets $0.50
MOUTH4WARQQQ: raises $1.25 to $1.75
mrmelee: folds 
hsGabriel: calls $1.25
*** RIVER *** [Th Td 4c 9c] [Ad]
hsGabriel: checks 
MOUTH4WARQQQ: bets $1.25
hsGabriel: folds 
Uncalled bet ($1.25) returned to MOUTH4WARQQQ
MOUTH4WARQQQ collected $5.75 from pot
MOUTH4WARQQQ: doesn't show hand 
*** SUMMARY ***
Total pot $6 | Rake $0.25 
Board [Th Td 4c 9c Ad]
Seat 1: ilovesomuchh (big blind) folded before Flop
Seat 2: blazio09 folded before Flop (didn't bet)
Seat 3: bignubs folded before Flop (didn't bet)
Seat 4: Alameda22 folded before Flop (didn't bet)
Seat 5: Ra-DBR folded before Flop (didn't bet)
Seat 6: MOUTH4WARQQQ collected ($5.75)
Seat 7: mrmelee folded on the Turn
Seat 8: Naxxxxo (button) folded before Flop (didn't bet)
Seat 9: hsGabriel (small blind) folded on the River



PokerStars Game #19922026361:  Hold'em No Limit ($0.10/$0.25) - 2008/08/26 - 18:37:48 (ET)
Table 'Bolyai' 9-max Seat #9 is the button
Seat 1: ilovesomuchh ($52.10 in chips) 
Seat 2: blazio09 ($16.30 in chips) 
Seat 3: bignubs ($18.20 in chips) 
Seat 4: Alameda22 ($24.65 in chips) 
Seat 5: Ra-DBR ($5.10 in chips) 
Seat 6: MOUTH4WARQQQ ($9.90 in chips) 
Seat 7: mrmelee ($24.25 in chips) 
Seat 8: Naxxxxo ($25.25 in chips) 
Seat 9: hsGabriel ($25 in chips) 
ilovesomuchh: posts small blind $0.10
blazio09: posts big blind $0.25
*** HOLE CARDS ***
Dealt to Alameda22 [6h Th]
bignubs: folds 
Alameda22: folds 
Ra-DBR: folds 
MOUTH4WARQQQ: calls $0.25
mrmelee: folds 
Naxxxxo: folds 
hsGabriel: folds 
ilovesomuchh: folds 
blazio09: checks 
*** FLOP *** [2c 5s 5c]
blazio09: checks 
MOUTH4WARQQQ: bets $0.50
blazio09: folds 
Uncalled bet ($0.50) returned to MOUTH4WARQQQ
MOUTH4WARQQQ collected $0.60 from pot
MOUTH4WARQQQ: doesn't show hand 
*** SUMMARY ***
Total pot $0.60 | Rake $0 
Board [2c 5s 5c]
Seat 1: ilovesomuchh (small blind) folded before Flop
Seat 2: blazio09 (big blind) folded on the Flop
Seat 3: bignubs folded before Flop (didn't bet)
Seat 4: Alameda22 folded before Flop (didn't bet)
Seat 5: Ra-DBR folded before Flop (didn't bet)
Seat 6: MOUTH4WARQQQ collected ($0.60)
Seat 7: mrmelee folded before Flop (didn't bet)
Seat 8: Naxxxxo folded before Flop (didn't bet)
Seat 9: hsGabriel (button) folded before Flop (didn't bet)



PokerStars Game #19922043959:  Hold'em No Limit ($0.10/$0.25) - 2008/08/26 - 18:38:34 (ET)
Table 'Bolyai' 9-max Seat #1 is the button
Seat 1: ilovesomuchh ($52 in chips) 
Seat 2: blazio09 ($16.05 in chips) 
Seat 3: bignubs ($18.20 in chips) 
Seat 4: Alameda22 ($24.65 in chips) 
Seat 5: Ra-DBR ($5.10 in chips) 
Seat 6: MOUTH4WARQQQ ($10.25 in chips) 
Seat 7: mrmelee ($24.25 in chips) 
Seat 8: Naxxxxo ($25.25 in chips) 
Seat 9: hsGabriel ($25 in chips) 
blazio09: posts small blind $0.10
bignubs: posts big blind $0.25
*** HOLE CARDS ***
Dealt to Alameda22 [Jd 7c]
Alameda22: folds 
Ra-DBR: folds 
MOUTH4WARQQQ: folds 
mrmelee: folds 
Naxxxxo: folds 
hsGabriel: folds 
ilovesomuchh: folds 
blazio09: calls $0.15
bignubs: checks 
*** FLOP *** [8h 4d 3d]
blazio09: checks 
bignubs: checks 
*** TURN *** [8h 4d 3d] [6c]
blazio09: checks 
bignubs: checks 
*** RIVER *** [8h 4d 3d 6c] [Kc]
blazio09: checks 
bignubs: checks 
*** SHOW DOWN ***
blazio09: shows [Th Qs] (high card King)
bignubs: shows [As 5s] (high card Ace)
bignubs collected $0.50 from pot
*** SUMMARY ***
Total pot $0.50 | Rake $0 
Board [8h 4d 3d 6c Kc]
Seat 1: ilovesomuchh (button) folded before Flop (didn't bet)
Seat 2: blazio09 (small blind) showed [Th Qs] and lost with high card King
Seat 3: bignubs (big blind) showed [As 5s] and won ($0.50) with high card Ace
Seat 4: Alameda22 folded before Flop (didn't bet)
Seat 5: Ra-DBR folded before Flop (didn't bet)
Seat 6: MOUTH4WARQQQ folded before Flop (didn't bet)
Seat 7: mrmelee folded before Flop (didn't bet)
Seat 8: Naxxxxo folded before Flop (didn't bet)
Seat 9: hsGabriel folded before Flop (didn't bet)



PokerStars Game #19922069399:  Hold'em No Limit ($0.10/$0.25) - 2008/08/26 - 18:39:40 (ET)
Table 'Bolyai' 9-max Seat #2 is the button
Seat 1: ilovesomuchh ($52 in chips) 
Seat 2: blazio09 ($15.80 in chips) 
Seat 3: bignubs ($18.45 in chips) 
Seat 4: Alameda22 ($24.65 in chips) 
Seat 5: Ra-DBR ($5.10 in chips) 
Seat 6: MOUTH4WARQQQ ($10.25 in chips) 
Seat 7: mrmelee ($24.25 in chips) 
Seat 8: Naxxxxo ($25.25 in chips) 
Seat 9: hsGabriel ($25 in chips) 
bignubs: posts small blind $0.10
Alameda22: posts big blind $0.25
*** HOLE CARDS ***
Dealt to Alameda22 [9d Th]
Ra-DBR: folds 
MOUTH4WARQQQ: calls $0.25
mrmelee: folds 
Naxxxxo: folds 
hsGabriel: folds 
ilovesomuchh: folds 
blazio09: folds 
bignubs: folds 
Alameda22: checks 
*** FLOP *** [Js 3h Kd]
Alameda22: checks 
MOUTH4WARQQQ: checks 
*** TURN *** [Js 3h Kd] [2d]
Alameda22: checks 
MOUTH4WARQQQ: bets $0.75
Alameda22: folds 
Uncalled bet ($0.75) returned to MOUTH4WARQQQ
MOUTH4WARQQQ collected $0.60 from pot
MOUTH4WARQQQ: doesn't show hand 
*** SUMMARY ***
Total pot $0.60 | Rake $0 
Board [Js 3h Kd 2d]
Seat 1: ilovesomuchh folded before Flop (didn't bet)
Seat 2: blazio09 (button) folded before Flop (didn't bet)
Seat 3: bignubs (small blind) folded before Flop
Seat 4: Alameda22 (big blind) folded on the Turn
Seat 5: Ra-DBR folded before Flop (didn't bet)
Seat 6: MOUTH4WARQQQ collected ($0.60)
Seat 7: mrmelee folded before Flop (didn't bet)
Seat 8: Naxxxxo folded before Flop (didn't bet)
Seat 9: hsGabriel folded before Flop (didn't bet)



PokerStars Game #19922083243:  Hold'em No Limit ($0.10/$0.25) - 2008/08/26 - 18:40:15 (ET)
Table 'Bolyai' 9-max Seat #3 is the button
Seat 1: ilovesomuchh ($52 in chips) 
Seat 2: blazio09 ($15.80 in chips) 
Seat 3: bignubs ($18.35 in chips) 
Seat 4: Alameda22 ($24.40 in chips) 
Seat 5: Ra-DBR ($5.10 in chips) 
Seat 6: MOUTH4WARQQQ ($10.60 in chips) 
Seat 7: mrmelee ($24.25 in chips) 
Seat 8: Naxxxxo ($25.25 in chips) 
Seat 9: hsGabriel ($25 in chips) 
Alameda22: posts small blind $0.10
Ra-DBR: posts big blind $0.25
*** HOLE CARDS ***
Dealt to Alameda22 [8s 7h]
MOUTH4WARQQQ: folds 
mrmelee: folds 
Naxxxxo: folds 
MOUTH4WARQQQ leaves the table
hsGabriel: folds 
ilovesomuchh: folds 
blazio09: calls $0.25
bignubs: folds 
Alameda22: folds 
Ra-DBR: checks 
*** FLOP *** [2c 3s As]
Ra-DBR: checks 
blazio09: checks 
*** TURN *** [2c 3s As] [5d]
Ra-DBR: checks 
blazio09: checks 
*** RIVER *** [2c 3s As 5d] [9c]
Ra-DBR: checks 
blazio09: checks 
*** SHOW DOWN ***
Ra-DBR: shows [6d 2s] (a pair of Deuces)
blazio09: mucks hand 
Ra-DBR collected $0.60 from pot
*** SUMMARY ***
Total pot $0.60 | Rake $0 
Board [2c 3s As 5d 9c]
Seat 1: ilovesomuchh folded before Flop (didn't bet)
Seat 2: blazio09 mucked [Qd Kc]
Seat 3: bignubs (button) folded before Flop (didn't bet)
Seat 4: Alameda22 (small blind) folded before Flop
Seat 5: Ra-DBR (big blind) showed [6d 2s] and won ($0.60) with a pair of Deuces
Seat 6: MOUTH4WARQQQ folded before Flop (didn't bet)
Seat 7: mrmelee folded before Flop (didn't bet)
Seat 8: Naxxxxo folded before Flop (didn't bet)
Seat 9: hsGabriel folded before Flop (didn't bet)



PokerStars Game #19922105714:  Hold'em No Limit ($0.10/$0.25) - 2008/08/26 - 18:41:14 (ET)
Table 'Bolyai' 9-max Seat #4 is the button
Seat 1: ilovesomuchh ($52 in chips) 
Seat 2: blazio09 ($15.55 in chips) 
Seat 3: bignubs ($18.35 in chips) 
Seat 4: Alameda22 ($24.30 in chips) 
Seat 5: Ra-DBR ($5.45 in chips) 
Seat 7: mrmelee ($24.25 in chips) 
Seat 8: Naxxxxo ($25.25 in chips) 
Seat 9: hsGabriel ($25 in chips) 
Ra-DBR: posts small blind $0.10
mrmelee: posts big blind $0.25
*** HOLE CARDS ***
Dealt to Alameda22 [9c 8s]
Naxxxxo: folds 
hsGabriel: raises $0.50 to $0.75
ilovesomuchh: folds 
blazio09: folds 
bignubs: folds 
Alameda22: folds 
Ra-DBR: folds 
mrmelee: folds 
Uncalled bet ($0.50) returned to hsGabriel
hsGabriel collected $0.60 from pot
*** SUMMARY ***
Total pot $0.60 | Rake $0 
Seat 1: ilovesomuchh folded before Flop (didn't bet)
Seat 2: blazio09 folded before Flop (didn't bet)
Seat 3: bignubs folded before Flop (didn't bet)
Seat 4: Alameda22 (button) folded before Flop (didn't bet)
Seat 5: Ra-DBR (small blind) folded before Flop
Seat 7: mrmelee (big blind) folded before Flop
Seat 8: Naxxxxo folded before Flop (didn't bet)
Seat 9: hsGabriel collected ($0.60)



PokerStars Game #19922115844:  Hold'em No Limit ($0.10/$0.25) - 2008/08/26 - 18:41:40 (ET)
Table 'Bolyai' 9-max Seat #5 is the button
Seat 1: ilovesomuchh ($52 in chips) 
Seat 2: blazio09 ($15.55 in chips) 
Seat 3: bignubs ($18.35 in chips) 
Seat 4: Alameda22 ($24.30 in chips) 
Seat 5: Ra-DBR ($5.35 in chips) 
Seat 7: mrmelee ($24 in chips) 
Seat 8: Naxxxxo ($25.25 in chips) 
Seat 9: hsGabriel ($25.35 in chips) 
mrmelee: posts small blind $0.10
Naxxxxo: posts big blind $0.25
*** HOLE CARDS ***
Dealt to Alameda22 [3d 4d]
hsGabriel: folds 
ilovesomuchh: folds 
blazio09: folds 
bignubs: raises $1 to $1.25
Alameda22: folds 
Ra-DBR: folds 
mrmelee: folds 
Naxxxxo: folds 
Uncalled bet ($1) returned to bignubs
bignubs collected $0.60 from pot
bignubs: doesn't show hand 
*** SUMMARY ***
Total pot $0.60 | Rake $0 
Seat 1: ilovesomuchh folded before Flop (didn't bet)
Seat 2: blazio09 folded before Flop (didn't bet)
Seat 3: bignubs collected ($0.60)
Seat 4: Alameda22 folded before Flop (didn't bet)
Seat 5: Ra-DBR (button) folded before Flop (didn't bet)
Seat 7: mrmelee (small blind) folded before Flop
Seat 8: Naxxxxo (big blind) folded before Flop
Seat 9: hsGabriel folded before Flop (didn't bet)



PokerStars Game #19922127838:  Hold'em No Limit ($0.10/$0.25) - 2008/08/26 - 18:42:11 (ET)
Table 'Bolyai' 9-max Seat #7 is the button
Seat 1: ilovesomuchh ($52 in chips) 
Seat 2: blazio09 ($15.55 in chips) 
Seat 3: bignubs ($18.70 in chips) 
Seat 4: Alameda22 ($24.30 in chips) 
Seat 5: Ra-DBR ($5.35 in chips) 
Seat 7: mrmelee ($23.90 in chips) 
Seat 8: Naxxxxo ($25 in chips) 
Seat 9: hsGabriel ($25.35 in chips) 
Naxxxxo: posts small blind $0.10
hsGabriel: posts big blind $0.25
*** HOLE CARDS ***
Dealt to Alameda22 [2h Qh]
ilovesomuchh: folds 
blazio09: folds 
bignubs: folds 
Alameda22: folds 
Ra-DBR: folds 
mrmelee: folds 
Naxxxxo: calls $0.15
hsGabriel: checks 
*** FLOP *** [9c Tc Ad]
Naxxxxo: checks 
hsGabriel: checks 
*** TURN *** [9c Tc Ad] [4c]
Naxxxxo: checks 
hsGabriel: checks 
*** RIVER *** [9c Tc Ad 4c] [9s]
Naxxxxo: bets $0.75
hsGabriel: folds 
Uncalled bet ($0.75) returned to Naxxxxo
Naxxxxo collected $0.50 from pot
Naxxxxo: doesn't show hand 
*** SUMMARY ***
Total pot $0.50 | Rake $0 
Board [9c Tc Ad 4c 9s]
Seat 1: ilovesomuchh folded before Flop (didn't bet)
Seat 2: blazio09 folded before Flop (didn't bet)
Seat 3: bignubs folded before Flop (didn't bet)
Seat 4: Alameda22 folded before Flop (didn't bet)
Seat 5: Ra-DBR folded before Flop (didn't bet)
Seat 7: mrmelee (button) folded before Flop (didn't bet)
Seat 8: Naxxxxo (small blind) collected ($0.50)
Seat 9: hsGabriel (big blind) folded on the River



PokerStars Game #19922143471:  Hold'em No Limit ($0.10/$0.25) - 2008/08/26 - 18:42:52 (ET)
Table 'Bolyai' 9-max Seat #8 is the button
Seat 1: ilovesomuchh ($52 in chips) 
Seat 2: blazio09 ($15.55 in chips) 
Seat 3: bignubs ($18.70 in chips) 
Seat 4: Alameda22 ($24.30 in chips) 
Seat 5: Ra-DBR ($5.35 in chips) 
Seat 7: mrmelee ($23.90 in chips) 
Seat 8: Naxxxxo ($25.25 in chips) 
Seat 9: hsGabriel ($25.10 in chips) 
hsGabriel: posts small blind $0.10
ilovesomuchh: posts big blind $0.25
*** HOLE CARDS ***
Dealt to Alameda22 [2s 3c]
blazio09: folds 
bignubs: folds 
Alameda22: folds 
Ra-DBR: folds 
mrmelee: raises $0.75 to $1
Naxxxxo: folds 
hsGabriel: folds 
ilovesomuchh: folds 
Uncalled bet ($0.75) returned to mrmelee
mrmelee collected $0.60 from pot
mrmelee: doesn't show hand 
*** SUMMARY ***
Total pot $0.60 | Rake $0 
Seat 1: ilovesomuchh (big blind) folded before Flop
Seat 2: blazio09 folded before Flop (didn't bet)
Seat 3: bignubs folded before Flop (didn't bet)
Seat 4: Alameda22 folded before Flop (didn't bet)
Seat 5: Ra-DBR folded before Flop (didn't bet)
Seat 7: mrmelee collected ($0.60)
Seat 8: Naxxxxo (button) folded before Flop (didn't bet)
Seat 9: hsGabriel (small blind) folded before Flop



PokerStars Game #19922156499:  Hold'em No Limit ($0.10/$0.25) - 2008/08/26 - 18:43:26 (ET)
Table 'Bolyai' 9-max Seat #9 is the button
Seat 1: ilovesomuchh ($51.75 in chips) 
Seat 2: blazio09 ($15.55 in chips) 
Seat 3: bignubs ($18.70 in chips) 
Seat 4: Alameda22 ($24.30 in chips) 
Seat 5: Ra-DBR ($5.35 in chips) 
Seat 7: mrmelee ($24.25 in chips) 
Seat 8: Naxxxxo ($25.25 in chips) 
Seat 9: hsGabriel ($25 in chips) 
ilovesomuchh: posts small blind $0.10
blazio09: posts big blind $0.25
*** HOLE CARDS ***
Dealt to Alameda22 [6c Ac]
bignubs: folds 
Alameda22: folds 
Ra-DBR: raises $0.75 to $1
mrmelee: folds 
Naxxxxo: folds 
hsGabriel: folds 
ilovesomuchh: folds 
blazio09: folds 
Uncalled bet ($0.75) returned to Ra-DBR
ChampJacks joins the table at seat #6 
Ra-DBR collected $0.60 from pot
Ra-DBR: doesn't show hand 
*** SUMMARY ***
Total pot $0.60 | Rake $0 
Seat 1: ilovesomuchh (small blind) folded before Flop
Seat 2: blazio09 (big blind) folded before Flop
Seat 3: bignubs folded before Flop (didn't bet)
Seat 4: Alameda22 folded before Flop (didn't bet)
Seat 5: Ra-DBR collected ($0.60)
Seat 7: mrmelee folded before Flop (didn't bet)
Seat 8: Naxxxxo folded before Flop (didn't bet)
Seat 9: hsGabriel (button) folded before Flop (didn't bet)



PokerStars Game #19922169500:  Hold'em No Limit ($0.10/$0.25) - 2008/08/26 - 18:44:00 (ET)
Table 'Bolyai' 9-max Seat #1 is the button
Seat 1: ilovesomuchh ($51.65 in chips) 
Seat 2: blazio09 ($15.30 in chips) 
Seat 3: bignubs ($18.70 in chips) 
Seat 4: Alameda22 ($24.30 in chips) 
Seat 5: Ra-DBR ($5.70 in chips) 
Seat 6: ChampJacks ($25 in chips) 
Seat 7: mrmelee ($24.25 in chips) 
Seat 8: Naxxxxo ($25.25 in chips) 
Seat 9: hsGabriel ($25 in chips) 
blazio09: posts small blind $0.10
bignubs: posts big blind $0.25
ChampJacks: posts big blind $0.25
*** HOLE CARDS ***
Dealt to Alameda22 [Qs 8c]
Alameda22: folds 
Ra-DBR: folds 
ChampJacks: raises $0.50 to $0.75
mrmelee: folds 
Naxxxxo: folds 
hsGabriel: folds 
ilovesomuchh: calls $0.75
blazio09: calls $0.65
bignubs: folds 
*** FLOP *** [3c 6c 3h]
blazio09: checks 
ChampJacks: bets $2.50
ilovesomuchh: calls $2.50
blazio09: folds 
*** TURN *** [3c 6c 3h] [Kh]
ChampJacks: checks 
ilovesomuchh: checks 
*** RIVER *** [3c 6c 3h Kh] [5s]
ChampJacks: bets $5
ilovesomuchh: folds 
Uncalled bet ($5) returned to ChampJacks
ChampJacks collected $7.15 from pot
ChampJacks: doesn't show hand 
*** SUMMARY ***
Total pot $7.50 | Rake $0.35 
Board [3c 6c 3h Kh 5s]
Seat 1: ilovesomuchh (button) folded on the River
Seat 2: blazio09 (small blind) folded on the Flop
Seat 3: bignubs (big blind) folded before Flop
Seat 4: Alameda22 folded before Flop (didn't bet)
Seat 5: Ra-DBR folded before Flop (didn't bet)
Seat 6: ChampJacks collected ($7.15)
Seat 7: mrmelee folded before Flop (didn't bet)
Seat 8: Naxxxxo folded before Flop (didn't bet)
Seat 9: hsGabriel folded before Flop (didn't bet)



PokerStars Game #19922193962:  Hold'em No Limit ($0.10/$0.25) - 2008/08/26 - 18:45:04 (ET)
Table 'Bolyai' 9-max Seat #2 is the button
Seat 1: ilovesomuchh ($48.40 in chips) 
Seat 2: blazio09 ($14.55 in chips) 
Seat 3: bignubs ($18.45 in chips) 
Seat 4: Alameda22 ($24.30 in chips) 
Seat 5: Ra-DBR ($5.70 in chips) 
Seat 6: ChampJacks ($28.90 in chips) 
Seat 7: mrmelee ($24.25 in chips) 
Seat 8: Naxxxxo ($25.25 in chips) 
Seat 9: hsGabriel ($25 in chips) 
bignubs: posts small blind $0.10
Alameda22: posts big blind $0.25
*** HOLE CARDS ***
Dealt to Alameda22 [Kd 3s]
Ra-DBR: folds 
ChampJacks: folds 
mrmelee: folds 
Naxxxxo: folds 
hsGabriel: folds 
ilovesomuchh: raises $0.75 to $1
blazio09: folds 
bignubs: folds 
Alameda22: folds 
Uncalled bet ($0.75) returned to ilovesomuchh
ilovesomuchh collected $0.60 from pot
ilovesomuchh: doesn't show hand 
*** SUMMARY ***
Total pot $0.60 | Rake $0 
Seat 1: ilovesomuchh collected ($0.60)
Seat 2: blazio09 (button) folded before Flop (didn't bet)
Seat 3: bignubs (small blind) folded before Flop
Seat 4: Alameda22 (big blind) folded before Flop
Seat 5: Ra-DBR folded before Flop (didn't bet)
Seat 6: ChampJacks folded before Flop (didn't bet)
Seat 7: mrmelee folded before Flop (didn't bet)
Seat 8: Naxxxxo folded before Flop (didn't bet)
Seat 9: hsGabriel folded before Flop (didn't bet)



PokerStars Game #19922203805:  Hold'em No Limit ($0.10/$0.25) - 2008/08/26 - 18:45:30 (ET)
Table 'Bolyai' 9-max Seat #3 is the button
Seat 1: ilovesomuchh ($48.75 in chips) 
Seat 2: blazio09 ($14.55 in chips) 
Seat 3: bignubs ($18.35 in chips) 
Seat 4: Alameda22 ($24.05 in chips) 
Seat 5: Ra-DBR ($5.70 in chips) 
Seat 6: ChampJacks ($28.90 in chips) 
Seat 7: mrmelee ($24.25 in chips) 
Seat 8: Naxxxxo ($25.25 in chips) 
Seat 9: hsGabriel ($25 in chips) 
Alameda22: posts small blind $0.10
Ra-DBR: posts big blind $0.25
*** HOLE CARDS ***
Dealt to Alameda22 [Jh 2s]
ChampJacks: folds 
mrmelee: folds 
Naxxxxo: raises $0.75 to $1
hsGabriel: folds 
ilovesomuchh: folds 
blazio09: folds 
ChampJacks said, "alameda...you in Texas?"
bignubs: folds 
Alameda22: folds 
Ra-DBR: folds 
Uncalled bet ($0.75) returned to Naxxxxo
Naxxxxo collected $0.60 from pot
Naxxxxo: doesn't show hand 
*** SUMMARY ***
Total pot $0.60 | Rake $0 
Seat 1: ilovesomuchh folded before Flop (didn't bet)
Seat 2: blazio09 folded before Flop (didn't bet)
Seat 3: bignubs (button) folded before Flop (didn't bet)
Seat 4: Alameda22 (small blind) folded before Flop
Seat 5: Ra-DBR (big blind) folded before Flop
Seat 6: ChampJacks folded before Flop (didn't bet)
Seat 7: mrmelee folded before Flop (didn't bet)
Seat 8: Naxxxxo collected ($0.60)
Seat 9: hsGabriel folded before Flop (didn't bet)



PokerStars Game #19922220541:  Hold'em No Limit ($0.10/$0.25) - 2008/08/26 - 18:46:14 (ET)
Table 'Bolyai' 9-max Seat #4 is the button
Seat 1: ilovesomuchh ($48.75 in chips) 
Seat 2: blazio09 ($14.55 in chips) 
Seat 3: bignubs ($18.35 in chips) 
Seat 4: Alameda22 ($23.95 in chips) 
Seat 5: Ra-DBR ($5.45 in chips) 
Seat 6: ChampJacks ($28.90 in chips) 
Seat 7: mrmelee ($24.25 in chips) 
Seat 8: Naxxxxo ($25.60 in chips) 
Seat 9: hsGabriel ($25 in chips) 
Ra-DBR: posts small blind $0.10
ChampJacks: posts big blind $0.25
*** HOLE CARDS ***
Dealt to Alameda22 [Qc 7s]
mrmelee: folds 
Naxxxxo: folds 
hsGabriel: calls $0.25
ilovesomuchh: folds 
blazio09: folds 
bignubs: folds 
Alameda22: folds 
Ra-DBR: folds 
ChampJacks: checks 
*** FLOP *** [3d 7c 4h]
ChampJacks: bets $0.25
hsGabriel: calls $0.25
*** TURN *** [3d 7c 4h] [2h]
ChampJacks: bets $0.25
hsGabriel: raises $0.50 to $0.75
ChampJacks: calls $0.50
*** RIVER *** [3d 7c 4h 2h] [6h]
ChampJacks: bets $0.25
hsGabriel: raises $0.75 to $1
ChampJacks: calls $0.75
*** SHOW DOWN ***
hsGabriel: shows [3h 3c] (three of a kind, Threes)
ChampJacks: mucks hand 
hsGabriel collected $4.40 from pot
ChampJacks said, "vnh"
*** SUMMARY ***
Total pot $4.60 | Rake $0.20 
Board [3d 7c 4h 2h 6h]
Seat 1: ilovesomuchh folded before Flop (didn't bet)
Seat 2: blazio09 folded before Flop (didn't bet)
Seat 3: bignubs folded before Flop (didn't bet)
Seat 4: Alameda22 (button) folded before Flop (didn't bet)
Seat 5: Ra-DBR (small blind) folded before Flop
Seat 6: ChampJacks (big blind) mucked [4d Ks]
Seat 7: mrmelee folded before Flop (didn't bet)
Seat 8: Naxxxxo folded before Flop (didn't bet)
Seat 9: hsGabriel showed [3h 3c] and won ($4.40) with three of a kind, Threes



PokerStars Game #19922243041:  Hold'em No Limit ($0.10/$0.25) - 2008/08/26 - 18:47:13 (ET)
Table 'Bolyai' 9-max Seat #5 is the button
Seat 1: ilovesomuchh ($48.75 in chips) 
Seat 2: blazio09 ($14.55 in chips) 
Seat 3: bignubs ($18.35 in chips) 
Seat 4: Alameda22 ($23.95 in chips) 
Seat 5: Ra-DBR ($5.35 in chips) 
Seat 6: ChampJacks ($26.65 in chips) 
Seat 7: mrmelee ($24.25 in chips) 
Seat 8: Naxxxxo ($25.60 in chips) 
Seat 9: hsGabriel ($27.15 in chips) 
ChampJacks: posts small blind $0.10
mrmelee: posts big blind $0.25
*** HOLE CARDS ***
Dealt to Alameda22 [9h 8d]
hsGabriel said, "ty"
Naxxxxo: folds 
hsGabriel: folds 
ilovesomuchh: raises $0.75 to $1
blazio09: folds 
bignubs: folds 
ChampJacks said, "well played too"
Alameda22: folds 
Ra-DBR: folds 
ChampJacks: calls $0.90
mrmelee: folds 
*** FLOP *** [Ah 4c Kd]
ChampJacks: checks 
ilovesomuchh: checks 
*** TURN *** [Ah 4c Kd] [Kc]
ChampJacks: checks 
ilovesomuchh: checks 
*** RIVER *** [Ah 4c Kd Kc] [3h]
ChampJacks: checks 
ilovesomuchh: bets $0.75
ChampJacks: folds 
Uncalled bet ($0.75) returned to ilovesomuchh
ilovesomuchh collected $2.15 from pot
ilovesomuchh: doesn't show hand 
*** SUMMARY ***
Total pot $2.25 | Rake $0.10 
Board [Ah 4c Kd Kc 3h]
Seat 1: ilovesomuchh collected ($2.15)
Seat 2: blazio09 folded before Flop (didn't bet)
Seat 3: bignubs folded before Flop (didn't bet)
Seat 4: Alameda22 folded before Flop (didn't bet)
Seat 5: Ra-DBR (button) folded before Flop (didn't bet)
Seat 6: ChampJacks (small blind) folded on the River
Seat 7: mrmelee (big blind) folded before Flop
Seat 8: Naxxxxo folded before Flop (didn't bet)
Seat 9: hsGabriel folded before Flop (didn't bet)



PokerStars Game #19922259110:  Hold'em No Limit ($0.10/$0.25) - 2008/08/26 - 18:47:55 (ET)
Table 'Bolyai' 9-max Seat #6 is the button
Seat 1: ilovesomuchh ($49.90 in chips) 
Seat 2: blazio09 ($14.55 in chips) 
Seat 3: bignubs ($18.35 in chips) 
Seat 4: Alameda22 ($23.95 in chips) 
Seat 5: Ra-DBR ($5.35 in chips) 
Seat 6: ChampJacks ($25.65 in chips) 
Seat 7: mrmelee ($24 in chips) 
Seat 8: Naxxxxo ($25.60 in chips) 
Seat 9: hsGabriel ($27.15 in chips) 
mrmelee: posts small blind $0.10
Naxxxxo: posts big blind $0.25
*** HOLE CARDS ***
Dealt to Alameda22 [6h 4s]
hsGabriel: folds 
ilovesomuchh: folds 
blazio09: calls $0.25
bignubs: folds 
Alameda22 said, "yeah, texas"
Alameda22: folds 
Ra-DBR: folds 
ChampJacks: folds 
mrmelee: folds 
Naxxxxo: checks 
*** FLOP *** [4c 3h Td]
Naxxxxo: checks 
blazio09: checks 
*** TURN *** [4c 3h Td] [Ah]
Naxxxxo: checks 
ChampJacks said, "cool...I work in Plano and live in Rowlett"
blazio09: bets $1
Naxxxxo: folds 
Uncalled bet ($1) returned to blazio09
blazio09 collected $0.60 from pot
ChampJacks said, "I work at 190 and Custer"
blazio09: doesn't show hand 
*** SUMMARY ***
Total pot $0.60 | Rake $0 
Board [4c 3h Td Ah]
Seat 1: ilovesomuchh folded before Flop (didn't bet)
Seat 2: blazio09 collected ($0.60)
Seat 3: bignubs folded before Flop (didn't bet)
Seat 4: Alameda22 folded before Flop (didn't bet)
Seat 5: Ra-DBR folded before Flop (didn't bet)
Seat 6: ChampJacks (button) folded before Flop (didn't bet)
Seat 7: mrmelee (small blind) folded before Flop
Seat 8: Naxxxxo (big blind) folded on the Turn
Seat 9: hsGabriel folded before Flop (didn't bet)



PokerStars Game #19922279736:  Hold'em No Limit ($0.10/$0.25) - 2008/08/26 - 18:48:49 (ET)
Table 'Bolyai' 9-max Seat #7 is the button
Seat 1: ilovesomuchh ($49.90 in chips) 
Seat 2: blazio09 ($14.90 in chips) 
Seat 3: bignubs ($18.35 in chips) 
Seat 4: Alameda22 ($23.95 in chips) 
Seat 5: Ra-DBR ($5.35 in chips) 
Seat 6: ChampJacks ($25.65 in chips) 
Seat 7: mrmelee ($23.90 in chips) 
Seat 8: Naxxxxo ($25.35 in chips) 
Seat 9: hsGabriel ($27.15 in chips) 
Naxxxxo: posts small blind $0.10
hsGabriel: posts big blind $0.25
*** HOLE CARDS ***
Dealt to Alameda22 [4d 2s]
ilovesomuchh: folds 
blazio09: folds 
bignubs: folds 
Alameda22: folds 
Ra-DBR: folds 
ChampJacks: folds 
mrmelee: folds 
Naxxxxo: raises $0.75 to $1
hsGabriel: folds 
Uncalled bet ($0.75) returned to Naxxxxo
Naxxxxo collected $0.50 from pot
Naxxxxo: doesn't show hand 
*** SUMMARY ***
Total pot $0.50 | Rake $0 
Seat 1: ilovesomuchh folded before Flop (didn't bet)
Seat 2: blazio09 folded before Flop (didn't bet)
Seat 3: bignubs folded before Flop (didn't bet)
Seat 4: Alameda22 folded before Flop (didn't bet)
Seat 5: Ra-DBR folded before Flop (didn't bet)
Seat 6: ChampJacks folded before Flop (didn't bet)
Seat 7: mrmelee (button) folded before Flop (didn't bet)
Seat 8: Naxxxxo (small blind) collected ($0.50)
Seat 9: hsGabriel (big blind) folded before Flop



PokerStars Game #19922292686:  Hold'em No Limit ($0.10/$0.25) - 2008/08/26 - 18:49:24 (ET)
Table 'Bolyai' 9-max Seat #8 is the button
Seat 1: ilovesomuchh ($49.90 in chips) 
Seat 2: blazio09 ($14.90 in chips) 
Seat 3: bignubs ($18.35 in chips) 
Seat 4: Alameda22 ($23.95 in chips) 
Seat 5: Ra-DBR ($5.35 in chips) 
Seat 6: ChampJacks ($25.65 in chips) 
Seat 7: mrmelee ($23.90 in chips) 
Seat 8: Naxxxxo ($25.60 in chips) 
Seat 9: hsGabriel ($26.90 in chips) 
hsGabriel: posts small blind $0.10
ilovesomuchh: posts big blind $0.25
*** HOLE CARDS ***
Dealt to Alameda22 [Th Ah]
blazio09: calls $0.25
Alameda22 said, "cool"
bignubs: folds 
Alameda22: folds 
Ra-DBR: folds 
ChampJacks: raises $0.75 to $1
mrmelee: folds 
Naxxxxo: folds 
hsGabriel: folds 
ilovesomuchh: folds 
blazio09: calls $0.75
*** FLOP *** [Jh 6c Qc]
blazio09: checks 
ChampJacks: checks 
*** TURN *** [Jh 6c Qc] [3s]
blazio09: checks 
ChampJacks: checks 
*** RIVER *** [Jh 6c Qc 3s] [Ad]
blazio09: bets $0.50
ChampJacks: calls $0.50
*** SHOW DOWN ***
blazio09: shows [Kc 9s] (high card Ace)
ChampJacks: shows [As 2s] (a pair of Aces)
ChampJacks collected $3.20 from pot
*** SUMMARY ***
Total pot $3.35 | Rake $0.15 
Board [Jh 6c Qc 3s Ad]
Seat 1: ilovesomuchh (big blind) folded before Flop
Seat 2: blazio09 showed [Kc 9s] and lost with high card Ace
Seat 3: bignubs folded before Flop (didn't bet)
Seat 4: Alameda22 folded before Flop (didn't bet)
Seat 5: Ra-DBR folded before Flop (didn't bet)
Seat 6: ChampJacks showed [As 2s] and won ($3.20) with a pair of Aces
Seat 7: mrmelee folded before Flop (didn't bet)
Seat 8: Naxxxxo (button) folded before Flop (didn't bet)
Seat 9: hsGabriel (small blind) folded before Flop



PokerStars Game #19922312815:  Hold'em No Limit ($0.10/$0.25) - 2008/08/26 - 18:50:16 (ET)
Table 'Bolyai' 9-max Seat #9 is the button
Seat 1: ilovesomuchh ($49.65 in chips) 
Seat 2: blazio09 ($13.40 in chips) 
Seat 3: bignubs ($18.35 in chips) 
Seat 4: Alameda22 ($23.95 in chips) 
Seat 5: Ra-DBR ($5.35 in chips) 
Seat 6: ChampJacks ($27.35 in chips) 
Seat 7: mrmelee ($23.90 in chips) 
Seat 8: Naxxxxo ($25.60 in chips) 
Seat 9: hsGabriel ($26.80 in chips) 
ilovesomuchh: posts small blind $0.10
blazio09: posts big blind $0.25
*** HOLE CARDS ***
Dealt to Alameda22 [Jd 6d]
bignubs: folds 
Alameda22: folds 
Ra-DBR: raises $0.75 to $1
ChampJacks: folds 
mrmelee: folds 
Naxxxxo: folds 
ChampJacks said, "I have a big poker game in my vacuum store once a week"
hsGabriel: folds 
ilovesomuchh: folds 
blazio09: folds 
Uncalled bet ($0.75) returned to Ra-DBR
Ra-DBR collected $0.60 from pot
Ra-DBR: doesn't show hand 
*** SUMMARY ***
Total pot $0.60 | Rake $0 
Seat 1: ilovesomuchh (small blind) folded before Flop
Seat 2: blazio09 (big blind) folded before Flop
Seat 3: bignubs folded before Flop (didn't bet)
Seat 4: Alameda22 folded before Flop (didn't bet)
Seat 5: Ra-DBR collected ($0.60)
Seat 6: ChampJacks folded before Flop (didn't bet)
Seat 7: mrmelee folded before Flop (didn't bet)
Seat 8: Naxxxxo folded before Flop (didn't bet)
Seat 9: hsGabriel (button) folded before Flop (didn't bet)



PokerStars Game #19922325407:  Hold'em No Limit ($0.10/$0.25) - 2008/08/26 - 18:50:50 (ET)
Table 'Bolyai' 9-max Seat #1 is the button
Seat 1: ilovesomuchh ($49.55 in chips) 
Seat 2: blazio09 ($13.15 in chips) 
Seat 3: bignubs ($18.35 in chips) 
Seat 4: Alameda22 ($23.95 in chips) 
Seat 5: Ra-DBR ($5.70 in chips) 
Seat 6: ChampJacks ($27.35 in chips) 
Seat 7: mrmelee ($23.90 in chips) 
Seat 8: Naxxxxo ($25.60 in chips) 
Seat 9: hsGabriel ($26.80 in chips) 
blazio09: posts small blind $0.10
bignubs: posts big blind $0.25
*** HOLE CARDS ***
Dealt to Alameda22 [2d Kc]
Alameda22: folds 
Ra-DBR: folds 
ChampJacks: raises $0.75 to $1
mrmelee: folds 
Naxxxxo: folds 
hsGabriel: folds 
ilovesomuchh: folds 
blazio09: folds 
bignubs: folds 
Uncalled bet ($0.75) returned to ChampJacks
ChampJacks collected $0.60 from pot
ChampJacks: doesn't show hand 
*** SUMMARY ***
Total pot $0.60 | Rake $0 
Seat 1: ilovesomuchh (button) folded before Flop (didn't bet)
Seat 2: blazio09 (small blind) folded before Flop
Seat 3: bignubs (big blind) folded before Flop
Seat 4: Alameda22 folded before Flop (didn't bet)
Seat 5: Ra-DBR folded before Flop (didn't bet)
Seat 6: ChampJacks collected ($0.60)
Seat 7: mrmelee folded before Flop (didn't bet)
Seat 8: Naxxxxo folded before Flop (didn't bet)
Seat 9: hsGabriel folded before Flop (didn't bet)



PokerStars Game #19922339141:  Hold'em No Limit ($0.10/$0.25) - 2008/08/26 - 18:51:26 (ET)
Table 'Bolyai' 9-max Seat #2 is the button
Seat 1: ilovesomuchh ($49.55 in chips) 
Seat 2: blazio09 ($13.05 in chips) 
Seat 3: bignubs ($18.10 in chips) 
Seat 4: Alameda22 ($23.95 in chips) 
Seat 5: Ra-DBR ($5.70 in chips) 
Seat 6: ChampJacks ($27.70 in chips) 
Seat 7: mrmelee ($23.90 in chips) 
Seat 8: Naxxxxo ($25.60 in chips) 
Seat 9: hsGabriel ($26.80 in chips) 
bignubs: posts small blind $0.10
Alameda22: posts big blind $0.25
*** HOLE CARDS ***
Dealt to Alameda22 [Ah Qh]
Ra-DBR: folds 
ChampJacks: folds 
mrmelee: raises $0.75 to $1
Naxxxxo: folds 
hsGabriel: folds 
ilovesomuchh: folds 
blazio09: calls $1
bignubs: folds 
Alameda22: calls $0.75
*** FLOP *** [Ts 9c 9h]
Alameda22: checks 
mrmelee: checks 
blazio09: bets $2
Alameda22: folds 
mrmelee: calls $2
*** TURN *** [Ts 9c 9h] [Kc]
mrmelee: bets $3
blazio09: raises $3 to $6
ilovesomuchh leaves the table
mrmelee: raises $14.90 to $20.90 and is all-in
blazio09: calls $4.05 and is all-in
Uncalled bet ($10.85) returned to mrmelee
*** RIVER *** [Ts 9c 9h Kc] [Js]
*** SHOW DOWN ***
mrmelee: shows [Th Td] (a full house, Tens full of Nines)
blazio09: shows [Kd Kh] (a full house, Kings full of Nines)
blazio09 collected $25.90 from pot
*** SUMMARY ***
Total pot $27.20 | Rake $1.30 
Board [Ts 9c 9h Kc Js]
Seat 1: ilovesomuchh folded before Flop (didn't bet)
Seat 2: blazio09 (button) showed [Kd Kh] and won ($25.90) with a full house, Kings full of Nines
Seat 3: bignubs (small blind) folded before Flop
Seat 4: Alameda22 (big blind) folded on the Flop
Seat 5: Ra-DBR folded before Flop (didn't bet)
Seat 6: ChampJacks folded before Flop (didn't bet)
Seat 7: mrmelee showed [Th Td] and lost with a full house, Tens full of Nines
Seat 8: Naxxxxo folded before Flop (didn't bet)
Seat 9: hsGabriel folded before Flop (didn't bet)



PokerStars Game #19922366371:  Hold'em No Limit ($0.10/$0.25) - 2008/08/26 - 18:52:37 (ET)
Table 'Bolyai' 9-max Seat #3 is the button
Seat 2: blazio09 ($25.90 in chips) 
Seat 3: bignubs ($18 in chips) 
Seat 4: Alameda22 ($22.95 in chips) 
Seat 5: Ra-DBR ($5.70 in chips) 
Seat 6: ChampJacks ($27.70 in chips) 
Seat 7: mrmelee ($25 in chips) 
Seat 8: Naxxxxo ($25.60 in chips) 
Seat 9: hsGabriel ($26.80 in chips) 
Alameda22: posts small blind $0.10
Ra-DBR: posts big blind $0.25
*** HOLE CARDS ***
Dealt to Alameda22 [7s 3d]
ChampJacks: calls $0.25
mrmelee: folds 
Naxxxxo: folds 
hsGabriel: raises $0.50 to $0.75
blazio09: folds 
bignubs: folds 
Alameda22: folds 
Ra-DBR: folds 
ChampJacks: calls $0.50
*** FLOP *** [8c Qc 8h]
ChampJacks: checks 
hsGabriel: bets $0.75
ChampJacks: folds 
Uncalled bet ($0.75) returned to hsGabriel
hsGabriel collected $1.80 from pot
hsGabriel: doesn't show hand 
*** SUMMARY ***
Total pot $1.85 | Rake $0.05 
Board [8c Qc 8h]
Seat 2: blazio09 folded before Flop (didn't bet)
Seat 3: bignubs (button) folded before Flop (didn't bet)
Seat 4: Alameda22 (small blind) folded before Flop
Seat 5: Ra-DBR (big blind) folded before Flop
Seat 6: ChampJacks folded on the Flop
Seat 7: mrmelee folded before Flop (didn't bet)
Seat 8: Naxxxxo folded before Flop (didn't bet)
Seat 9: hsGabriel collected ($1.80)



PokerStars Game #19922380505:  Hold'em No Limit ($0.10/$0.25) - 2008/08/26 - 18:53:14 (ET)
Table 'Bolyai' 9-max Seat #4 is the button
Seat 2: blazio09 ($25.90 in chips) 
Seat 3: bignubs ($18 in chips) 
Seat 4: Alameda22 ($22.85 in chips) 
Seat 5: Ra-DBR ($5.45 in chips) 
Seat 6: ChampJacks ($26.95 in chips) 
Seat 7: mrmelee ($25 in chips) 
Seat 8: Naxxxxo ($25.60 in chips) 
Seat 9: hsGabriel ($27.85 in chips) 
Ra-DBR: posts small blind $0.10
ChampJacks: posts big blind $0.25
*** HOLE CARDS ***
Dealt to Alameda22 [Kh 3h]
mrmelee: folds 
dsrowqf joins the table at seat #1 
Naxxxxo: folds 
hsGabriel: folds 
blazio09: folds 
bignubs: calls $0.25
Alameda22: folds 
Ra-DBR: folds 
ChampJacks: checks 
*** FLOP *** [Tc 6d 4h]
ChampJacks: bets $0.25
bignubs: raises $0.75 to $1
ChampJacks: calls $0.75
*** TURN *** [Tc 6d 4h] [2s]
ChampJacks: bets $0.25
bignubs: raises $1.75 to $2
ChampJacks: calls $1.75
*** RIVER *** [Tc 6d 4h 2s] [Ac]
ChampJacks: bets $0.25
bignubs: raises $2.25 to $2.50
ChampJacks: folds 
Uncalled bet ($2.25) returned to bignubs
bignubs collected $6.80 from pot
bignubs: doesn't show hand 
*** SUMMARY ***
Total pot $7.10 | Rake $0.30 
Board [Tc 6d 4h 2s Ac]
Seat 2: blazio09 folded before Flop (didn't bet)
Seat 3: bignubs collected ($6.80)
Seat 4: Alameda22 (button) folded before Flop (didn't bet)
Seat 5: Ra-DBR (small blind) folded before Flop
Seat 6: ChampJacks (big blind) folded on the River
Seat 7: mrmelee folded before Flop (didn't bet)
Seat 8: Naxxxxo folded before Flop (didn't bet)
Seat 9: hsGabriel folded before Flop (didn't bet)



PokerStars Game #19922404702:  Hold'em No Limit ($0.10/$0.25) - 2008/08/26 - 18:54:18 (ET)
Table 'Bolyai' 9-max Seat #5 is the button
Seat 1: dsrowqf ($25 in chips) 
Seat 2: blazio09 ($25.90 in chips) 
Seat 3: bignubs ($21.30 in chips) 
Seat 4: Alameda22 ($22.85 in chips) 
Seat 5: Ra-DBR ($5.35 in chips) 
Seat 6: ChampJacks ($23.45 in chips) 
Seat 7: mrmelee ($25 in chips) 
Seat 8: Naxxxxo ($25.60 in chips) 
Seat 9: hsGabriel ($27.85 in chips) 
ChampJacks: posts small blind $0.10
mrmelee: posts big blind $0.25
dsrowqf: posts big blind $0.25
*** HOLE CARDS ***
Dealt to Alameda22 [4h 9h]
Naxxxxo: folds 
hsGabriel: folds 
dsrowqf: checks 
blazio09: folds 
bignubs: raises $1 to $1.25
Alameda22: folds 
Ra-DBR: folds 
ChampJacks: folds 
mrmelee: folds 
dsrowqf: calls $1
*** FLOP *** [6h 8s Qc]
dsrowqf: checks 
bignubs: checks 
*** TURN *** [6h 8s Qc] [6s]
dsrowqf: bets $1.25
bignubs: calls $1.25
*** RIVER *** [6h 8s Qc 6s] [7d]
dsrowqf: checks 
bignubs: checks 
*** SHOW DOWN ***
dsrowqf: shows [5d 5h] (two pair, Sixes and Fives)
bignubs: mucks hand 
dsrowqf collected $5.10 from pot
*** SUMMARY ***
Total pot $5.35 | Rake $0.25 
Board [6h 8s Qc 6s 7d]
Seat 1: dsrowqf showed [5d 5h] and won ($5.10) with two pair, Sixes and Fives
Seat 2: blazio09 folded before Flop (didn't bet)
Seat 3: bignubs mucked [Ac Kd]
Seat 4: Alameda22 folded before Flop (didn't bet)
Seat 5: Ra-DBR (button) folded before Flop (didn't bet)
Seat 6: ChampJacks (small blind) folded before Flop
Seat 7: mrmelee (big blind) folded before Flop
Seat 8: Naxxxxo folded before Flop (didn't bet)
Seat 9: hsGabriel folded before Flop (didn't bet)



PokerStars Game #19922429964:  Hold'em No Limit ($0.10/$0.25) - 2008/08/26 - 18:55:24 (ET)
Table 'Bolyai' 9-max Seat #6 is the button
Seat 1: dsrowqf ($27.60 in chips) 
Seat 2: blazio09 ($25.90 in chips) 
Seat 3: bignubs ($18.80 in chips) 
Seat 4: Alameda22 ($22.85 in chips) 
Seat 5: Ra-DBR ($5.35 in chips) 
Seat 6: ChampJacks ($23.35 in chips) 
Seat 7: mrmelee ($24.75 in chips) 
Seat 8: Naxxxxo ($25.60 in chips) 
Seat 9: hsGabriel ($27.85 in chips) 
mrmelee: posts small blind $0.10
Naxxxxo: posts big blind $0.25
*** HOLE CARDS ***
Dealt to Alameda22 [Ad Qc]
hsGabriel: folds 
dsrowqf: folds 
blazio09: calls $0.25
bignubs: folds 
Alameda22: raises $0.75 to $1
Ra-DBR: folds 
ChampJacks: calls $1
mrmelee: folds 
Naxxxxo: folds 
blazio09: calls $0.75
*** FLOP *** [9h 2h Ah]
blazio09: checks 
Alameda22: bets $2
ChampJacks: calls $2
blazio09: folds 
*** TURN *** [9h 2h Ah] [Ac]
Alameda22: bets $4.75
ChampJacks: raises $4.75 to $9.50
Alameda22: raises $10.35 to $19.85 and is all-in
ChampJacks: calls $10.35
*** RIVER *** [9h 2h Ah Ac] [2d]
*** SHOW DOWN ***
Alameda22: shows [Ad Qc] (a full house, Aces full of Deuces)
ChampJacks: mucks hand 
Alameda22 collected $44.75 from pot
*** SUMMARY ***
Total pot $47.05 | Rake $2.30 
Board [9h 2h Ah Ac 2d]
Seat 1: dsrowqf folded before Flop (didn't bet)
Seat 2: blazio09 folded on the Flop
Seat 3: bignubs folded before Flop (didn't bet)
Seat 4: Alameda22 showed [Ad Qc] and won ($44.75) with a full house, Aces full of Deuces
Seat 5: Ra-DBR folded before Flop (didn't bet)
Seat 6: ChampJacks (button) mucked [Th Kh]
Seat 7: mrmelee (small blind) folded before Flop
Seat 8: Naxxxxo (big blind) folded before Flop
Seat 9: hsGabriel folded before Flop (didn't bet)



PokerStars Game #19922465268:  Hold'em No Limit ($0.10/$0.25) - 2008/08/26 - 18:56:57 (ET)
Table 'Bolyai' 9-max Seat #7 is the button
Seat 1: dsrowqf ($27.60 in chips) 
Seat 2: blazio09 ($24.90 in chips) 
Seat 3: bignubs ($18.80 in chips) 
Seat 4: Alameda22 ($44.75 in chips) 
Seat 5: Ra-DBR ($5.35 in chips) 
Seat 6: ChampJacks ($0.50 in chips) 
Seat 7: mrmelee ($24.65 in chips) 
Seat 8: Naxxxxo ($25.35 in chips) 
Seat 9: hsGabriel ($27.85 in chips) 
Naxxxxo: posts small blind $0.10
hsGabriel: posts big blind $0.25
*** HOLE CARDS ***
Dealt to Alameda22 [6s As]
dsrowqf: folds 
blazio09: calls $0.25
bignubs: folds 
bignubs is sitting out
Alameda22: folds 
Ra-DBR: folds 
ChampJacks: folds 
mrmelee: calls $0.25
Naxxxxo: calls $0.15
hsGabriel: checks 
*** FLOP *** [8h Ts Ad]
Naxxxxo: checks 
hsGabriel: checks 
blazio09: checks 
mrmelee: checks 
*** TURN *** [8h Ts Ad] [4h]
dsrowqf is disconnected 
Naxxxxo: checks 
hsGabriel: checks 
blazio09: checks 
mrmelee: checks 
*** RIVER *** [8h Ts Ad 4h] [Jd]
Naxxxxo: checks 
hsGabriel: checks 
blazio09: folds 
blazio09 is sitting out
mrmelee: checks 
blazio09 leaves the table
*** SHOW DOWN ***
Naxxxxo: shows [2s Ah] (a pair of Aces)
hsGabriel: mucks hand 
mrmelee: mucks hand 
EREDAYHUSLIN joins the table at seat #2 
Naxxxxo collected $0.95 from pot
*** SUMMARY ***
Total pot $1 | Rake $0.05 
Board [8h Ts Ad 4h Jd]
Seat 1: dsrowqf folded before Flop (didn't bet)
Seat 2: blazio09 folded on the River
Seat 3: bignubs folded before Flop (didn't bet)
Seat 4: Alameda22 folded before Flop (didn't bet)
Seat 5: Ra-DBR folded before Flop (didn't bet)
Seat 6: ChampJacks folded before Flop (didn't bet)
Seat 7: mrmelee (button) mucked [Jh Kd]
Seat 8: Naxxxxo (small blind) showed [2s Ah] and won ($0.95) with a pair of Aces
Seat 9: hsGabriel (big blind) mucked [7d Qd]



PokerStars Game #19922499596:  Hold'em No Limit ($0.10/$0.25) - 2008/08/26 - 18:58:29 (ET)
Table 'Bolyai' 9-max Seat #8 is the button
Seat 2: EREDAYHUSLIN ($15 in chips) 
Seat 4: Alameda22 ($44.75 in chips) 
Seat 5: Ra-DBR ($5.35 in chips) 
Seat 6: ChampJacks ($25 in chips) 
Seat 7: mrmelee ($24.40 in chips) 
Seat 8: Naxxxxo ($26.05 in chips) 
Seat 9: hsGabriel ($27.60 in chips) 
hsGabriel: posts small blind $0.10
dsrowqf has timed out while disconnected
dsrowqf: is sitting out 
EREDAYHUSLIN: posts big blind $0.25
*** HOLE CARDS ***
Dealt to Alameda22 [3c Ad]
Alameda22: folds 
Ra-DBR: folds 
ChampJacks: calls $0.25
mrmelee: folds 
Naxxxxo: folds 
hsGabriel: raises $0.25 to $0.50
EREDAYHUSLIN: folds 
ChampJacks: calls $0.25
*** FLOP *** [Ac 5s 3s]
hsGabriel: checks 
ChampJacks: checks 
*** TURN *** [Ac 5s 3s] [Qs]
hsGabriel: bets $0.50
ChampJacks: calls $0.50
*** RIVER *** [Ac 5s 3s Qs] [Ts]
hsGabriel: checks 
ChampJacks: bets $0.25
hsGabriel: raises $1.25 to $1.50
ChampJacks: calls $1.25
*** SHOW DOWN ***
hsGabriel: shows [Qc Ks] (a flush, King high)
ChampJacks: mucks hand 
hsGabriel collected $5 from pot
dsrowqf is connected 
*** SUMMARY ***
Total pot $5.25 | Rake $0.25 
Board [Ac 5s 3s Qs Ts]
Seat 2: EREDAYHUSLIN (big blind) folded before Flop
Seat 4: Alameda22 folded before Flop (didn't bet)
Seat 5: Ra-DBR folded before Flop (didn't bet)
Seat 6: ChampJacks mucked [Js 9c]
Seat 7: mrmelee folded before Flop (didn't bet)
Seat 8: Naxxxxo (button) folded before Flop (didn't bet)
Seat 9: hsGabriel (small blind) showed [Qc Ks] and won ($5) with a flush, King high



PokerStars Game #19922532507:  Hold'em No Limit ($0.10/$0.25) - 2008/08/26 - 18:59:57 (ET)
Table 'Bolyai' 9-max Seat #9 is the button
Seat 2: EREDAYHUSLIN ($14.75 in chips) 
Seat 4: Alameda22 ($44.75 in chips) 
Seat 5: Ra-DBR ($5.35 in chips) 
Seat 6: ChampJacks ($22.50 in chips) 
Seat 7: mrmelee ($24.40 in chips) 
Seat 8: Naxxxxo ($26.05 in chips) 
Seat 9: hsGabriel ($30.10 in chips) 
EREDAYHUSLIN: posts small blind $0.10
Alameda22: posts big blind $0.25
*** HOLE CARDS ***
Dealt to Alameda22 [8c 3s]
Ra-DBR: folds 
ChampJacks: folds 
mrmelee: folds 
Naxxxxo: raises $0.75 to $1
ChampJacks leaves the table
hsGabriel: folds 
dsrowqf has returned
EREDAYHUSLIN: folds 
Alameda22: folds 
Uncalled bet ($0.75) returned to Naxxxxo
Naxxxxo collected $0.60 from pot
Naxxxxo: doesn't show hand 
*** SUMMARY ***
Total pot $0.60 | Rake $0 
Seat 2: EREDAYHUSLIN (small blind) folded before Flop
Seat 4: Alameda22 (big blind) folded before Flop
Seat 5: Ra-DBR folded before Flop (didn't bet)
Seat 6: ChampJacks folded before Flop (didn't bet)
Seat 7: mrmelee folded before Flop (didn't bet)
Seat 8: Naxxxxo collected ($0.60)
Seat 9: hsGabriel (button) folded before Flop (didn't bet)



PokerStars Game #19922545476:  Hold'em No Limit ($0.10/$0.25) - 2008/08/26 - 19:00:30 (ET)
Table 'Bolyai' 9-max Seat #2 is the button
Seat 1: dsrowqf ($27.60 in chips) 
Seat 2: EREDAYHUSLIN ($14.65 in chips) 
Seat 4: Alameda22 ($44.50 in chips) 
Seat 7: mrmelee ($24.40 in chips) 
Seat 8: Naxxxxo ($26.40 in chips) 
Seat 9: hsGabriel ($30.10 in chips) 
Alameda22: posts small blind $0.10
Ra-DBR: is sitting out 
mrmelee: posts big blind $0.25
dsrowqf: posts small & big blinds $0.35
*** HOLE CARDS ***
Dealt to Alameda22 [2c Td]
Ra-DBR leaves the table
Naxxxxo: folds 
hsGabriel: folds 
dsrowqf: checks 
EREDAYHUSLIN: folds 
Alameda22: folds 
mrmelee: checks 
*** FLOP *** [3c 3h Ac]
mrmelee: checks 
dsrowqf: checks 
*** TURN *** [3c 3h Ac] [7s]
mrmelee: bets $0.50
dsrowqf: folds 
Uncalled bet ($0.50) returned to mrmelee
mrmelee collected $0.70 from pot
mrmelee: doesn't show hand 
*** SUMMARY ***
Total pot $0.70 | Rake $0 
Board [3c 3h Ac 7s]
Seat 1: dsrowqf folded on the Turn
Seat 2: EREDAYHUSLIN (button) folded before Flop (didn't bet)
Seat 4: Alameda22 (small blind) folded before Flop
Seat 7: mrmelee (big blind) collected ($0.70)
Seat 8: Naxxxxo folded before Flop (didn't bet)
Seat 9: hsGabriel folded before Flop (didn't bet)



PokerStars Game #19922564028:  Hold'em No Limit ($0.10/$0.25) - 2008/08/26 - 19:01:19 (ET)
Table 'Bolyai' 9-max Seat #4 is the button
Seat 1: dsrowqf ($27.25 in chips) 
Seat 2: EREDAYHUSLIN ($14.65 in chips) 
Seat 4: Alameda22 ($44.40 in chips) 
Seat 7: mrmelee ($24.85 in chips) 
Seat 8: Naxxxxo ($26.40 in chips) 
Seat 9: hsGabriel ($30.10 in chips) 
mrmelee: posts small blind $0.10
Naxxxxo: posts big blind $0.25
*** HOLE CARDS ***
Dealt to Alameda22 [4d 9h]
hsGabriel: folds 
dsrowqf: folds 
EREDAYHUSLIN: folds 
Alameda22: folds 
mrmelee: folds 
Uncalled bet ($0.15) returned to Naxxxxo
Naxxxxo collected $0.20 from pot
Naxxxxo: doesn't show hand 
*** SUMMARY ***
Total pot $0.20 | Rake $0 
Seat 1: dsrowqf folded before Flop (didn't bet)
Seat 2: EREDAYHUSLIN folded before Flop (didn't bet)
Seat 4: Alameda22 (button) folded before Flop (didn't bet)
Seat 7: mrmelee (small blind) folded before Flop
Seat 8: Naxxxxo (big blind) collected ($0.20)
Seat 9: hsGabriel folded before Flop (didn't bet)



PokerStars Game #19922575405:  Hold'em No Limit ($0.10/$0.25) - 2008/08/26 - 19:01:49 (ET)
Table 'Bolyai' 9-max Seat #7 is the button
Seat 1: dsrowqf ($27.25 in chips) 
Seat 2: EREDAYHUSLIN ($14.65 in chips) 
Seat 4: Alameda22 ($44.40 in chips) 
Seat 7: mrmelee ($24.75 in chips) 
Seat 8: Naxxxxo ($26.50 in chips) 
Seat 9: hsGabriel ($30.10 in chips) 
Naxxxxo: posts small blind $0.10
hsGabriel: posts big blind $0.25
*** HOLE CARDS ***
Dealt to Alameda22 [3s 6c]
dsrowqf: calls $0.25
EREDAYHUSLIN: calls $0.25
Alameda22: folds 
mrmelee: folds 
Naxxxxo: folds 
hsGabriel: checks 
*** FLOP *** [Ts Qd 6s]
hsGabriel: checks 
dsrowqf: checks 
EREDAYHUSLIN: bets $0.50
hsGabriel: folds 
dsrowqf: folds 
Uncalled bet ($0.50) returned to EREDAYHUSLIN
EREDAYHUSLIN collected $0.85 from pot
EREDAYHUSLIN: doesn't show hand 
*** SUMMARY ***
Total pot $0.85 | Rake $0 
Board [Ts Qd 6s]
Seat 1: dsrowqf folded on the Flop
Seat 2: EREDAYHUSLIN collected ($0.85)
Seat 4: Alameda22 folded before Flop (didn't bet)
Seat 7: mrmelee (button) folded before Flop (didn't bet)
Seat 8: Naxxxxo (small blind) folded before Flop
Seat 9: hsGabriel (big blind) folded on the Flop



PokerStars Game #19922596385:  Hold'em No Limit ($0.10/$0.25) - 2008/08/26 - 19:02:44 (ET)
Table 'Bolyai' 9-max Seat #8 is the button
Seat 1: dsrowqf ($27 in chips) 
Seat 2: EREDAYHUSLIN ($15.25 in chips) 
Seat 4: Alameda22 ($44.40 in chips) 
Seat 7: mrmelee ($24.75 in chips) 
Seat 8: Naxxxxo ($26.40 in chips) 
Seat 9: hsGabriel ($29.85 in chips) 
hsGabriel: posts small blind $0.10
dsrowqf: posts big blind $0.25
*** HOLE CARDS ***
Dealt to Alameda22 [9d Td]
EREDAYHUSLIN: folds 
Justindat joins the table at seat #5 
Alameda22: folds 
mrmelee: folds 
Naxxxxo: folds 
hsGabriel: raises $0.50 to $0.75
dsrowqf: folds 
Uncalled bet ($0.50) returned to hsGabriel
hsGabriel collected $0.50 from pot
*** SUMMARY ***
Total pot $0.50 | Rake $0 
Seat 1: dsrowqf (big blind) folded before Flop
Seat 2: EREDAYHUSLIN folded before Flop (didn't bet)
Seat 4: Alameda22 folded before Flop (didn't bet)
Seat 7: mrmelee folded before Flop (didn't bet)
Seat 8: Naxxxxo (button) folded before Flop (didn't bet)
Seat 9: hsGabriel (small blind) collected ($0.50)



PokerStars Game #19922607321:  Hold'em No Limit ($0.10/$0.25) - 2008/08/26 - 19:03:13 (ET)
Table 'Bolyai' 9-max Seat #9 is the button
Seat 1: dsrowqf ($26.75 in chips) 
Seat 2: EREDAYHUSLIN ($15.25 in chips) 
Seat 4: Alameda22 ($44.40 in chips) 
Seat 7: mrmelee ($24.75 in chips) 
Seat 8: Naxxxxo ($26.40 in chips) 
Seat 9: hsGabriel ($30.10 in chips) 
dsrowqf: posts small blind $0.10
EREDAYHUSLIN: posts big blind $0.25
Justindat: sits out 
*** HOLE CARDS ***
Dealt to Alameda22 [4c 8c]
Alameda22: folds 
mrmelee: folds 
Naxxxxo: raises $0.75 to $1
hsGabriel: calls $1
dsrowqf: folds 
EREDAYHUSLIN: folds 
*** FLOP *** [Jc 8d Ks]
Naxxxxo: checks 
hsGabriel: bets $0.75
Naxxxxo: folds 
Uncalled bet ($0.75) returned to hsGabriel
hsGabriel collected $2.25 from pot
*** SUMMARY ***
Total pot $2.35 | Rake $0.10 
Board [Jc 8d Ks]
Seat 1: dsrowqf (small blind) folded before Flop
Seat 2: EREDAYHUSLIN (big blind) folded before Flop
Seat 4: Alameda22 folded before Flop (didn't bet)
Seat 7: mrmelee folded before Flop (didn't bet)
Seat 8: Naxxxxo folded on the Flop
Seat 9: hsGabriel (button) collected ($2.25)



PokerStars Game #19922622799:  Hold'em No Limit ($0.10/$0.25) - 2008/08/26 - 19:03:54 (ET)
Table 'Bolyai' 9-max Seat #1 is the button
Seat 1: dsrowqf ($26.65 in chips) 
Seat 2: EREDAYHUSLIN ($15 in chips) 
Seat 4: Alameda22 ($44.40 in chips) 
Seat 7: mrmelee ($24.75 in chips) 
Seat 8: Naxxxxo ($25.40 in chips) 
Seat 9: hsGabriel ($31.35 in chips) 
EREDAYHUSLIN: posts small blind $0.10
Alameda22: posts big blind $0.25
Justindat: sits out 
*** HOLE CARDS ***
Dealt to Alameda22 [3h 2d]
mrmelee: folds 
Naxxxxo: folds 
hsGabriel: folds 
dsrowqf: folds 
EREDAYHUSLIN: folds 
Uncalled bet ($0.15) returned to Alameda22
Alameda22 collected $0.20 from pot
Alameda22: doesn't show hand 
*** SUMMARY ***
Total pot $0.20 | Rake $0 
Seat 1: dsrowqf (button) folded before Flop (didn't bet)
Seat 2: EREDAYHUSLIN (small blind) folded before Flop
Seat 4: Alameda22 (big blind) collected ($0.20)
Seat 7: mrmelee folded before Flop (didn't bet)
Seat 8: Naxxxxo folded before Flop (didn't bet)
Seat 9: hsGabriel folded before Flop (didn't bet)



PokerStars Game #19922629923:  Hold'em No Limit ($0.10/$0.25) - 2008/08/26 - 19:04:13 (ET)
Table 'Bolyai' 9-max Seat #2 is the button
Seat 1: dsrowqf ($26.65 in chips) 
Seat 2: EREDAYHUSLIN ($14.90 in chips) 
Seat 4: Alameda22 ($44.50 in chips) 
Seat 5: Justindat ($15 in chips) 
Seat 7: mrmelee ($24.75 in chips) 
Seat 8: Naxxxxo ($25.40 in chips) 
Seat 9: hsGabriel ($31.35 in chips) 
Alameda22: posts small blind $0.10
Justindat: posts big blind $0.25
*** HOLE CARDS ***
Dealt to Alameda22 [5h 3s]
mrmelee: folds 
Naxxxxo: folds 
hsGabriel: folds 
dsrowqf: folds 
EREDAYHUSLIN: raises $0.50 to $0.75
Alameda22: folds 
Justindat: folds 
Uncalled bet ($0.50) returned to EREDAYHUSLIN
EREDAYHUSLIN collected $0.60 from pot
EREDAYHUSLIN: doesn't show hand 
*** SUMMARY ***
Total pot $0.60 | Rake $0 
Seat 1: dsrowqf folded before Flop (didn't bet)
Seat 2: EREDAYHUSLIN (button) collected ($0.60)
Seat 4: Alameda22 (small blind) folded before Flop
Seat 5: Justindat (big blind) folded before Flop
Seat 7: mrmelee folded before Flop (didn't bet)
Seat 8: Naxxxxo folded before Flop (didn't bet)
Seat 9: hsGabriel folded before Flop (didn't bet)



PokerStars Game #19922640006:  Hold'em No Limit ($0.10/$0.25) - 2008/08/26 - 19:04:39 (ET)
Table 'Bolyai' 9-max Seat #4 is the button
Seat 1: dsrowqf ($26.65 in chips) 
Seat 2: EREDAYHUSLIN ($15.25 in chips) 
Seat 4: Alameda22 ($44.40 in chips) 
Seat 5: Justindat ($14.75 in chips) 
Seat 7: mrmelee ($24.75 in chips) 
Seat 8: Naxxxxo ($25.40 in chips) 
Seat 9: hsGabriel ($31.35 in chips) 
Justindat: posts small blind $0.10
mrmelee: posts big blind $0.25
*** HOLE CARDS ***
Dealt to Alameda22 [8d Th]
Naxxxxo: folds 
hsGabriel: folds 
dsrowqf: folds 
EREDAYHUSLIN: folds 
Alameda22: folds 
Justindat: folds 
Uncalled bet ($0.15) returned to mrmelee
nizza-nizza joins the table at seat #6 
mrmelee collected $0.20 from pot
mrmelee: doesn't show hand 
*** SUMMARY ***
Total pot $0.20 | Rake $0 
Seat 1: dsrowqf folded before Flop (didn't bet)
Seat 2: EREDAYHUSLIN folded before Flop (didn't bet)
Seat 4: Alameda22 (button) folded before Flop (didn't bet)
Seat 5: Justindat (small blind) folded before Flop
Seat 7: mrmelee (big blind) collected ($0.20)
Seat 8: Naxxxxo folded before Flop (didn't bet)
Seat 9: hsGabriel folded before Flop (didn't bet)



PokerStars Game #19922647989:  Hold'em No Limit ($0.10/$0.25) - 2008/08/26 - 19:05:01 (ET)
Table 'Bolyai' 9-max Seat #5 is the button
Seat 1: dsrowqf ($26.65 in chips) 
Seat 2: EREDAYHUSLIN ($15.25 in chips) 
Seat 4: Alameda22 ($44.40 in chips) 
Seat 5: Justindat ($14.65 in chips) 
Seat 7: mrmelee ($24.85 in chips) 
Seat 8: Naxxxxo ($25.40 in chips) 
Seat 9: hsGabriel ($31.35 in chips) 
nizza-nizza will be allowed to play after the button
mrmelee: posts small blind $0.10
Naxxxxo: posts big blind $0.25
*** HOLE CARDS ***
Dealt to Alameda22 [Tc 2c]
hsGabriel: calls $0.25
dsrowqf: folds 
EREDAYHUSLIN: calls $0.25
Alameda22: folds 
Justindat: folds 
mrmelee: folds 
Naxxxxo: checks 
*** FLOP *** [Th 4c 8s]
Naxxxxo: checks 
hsGabriel: bets $0.75
EREDAYHUSLIN: folds 
Naxxxxo: calls $0.75
*** TURN *** [Th 4c 8s] [3h]
Naxxxxo: checks 
hsGabriel: bets $0.75
Naxxxxo: calls $0.75
*** RIVER *** [Th 4c 8s 3h] [7d]
Naxxxxo: checks 
hsGabriel: bets $1
Naxxxxo: calls $1
*** SHOW DOWN ***
hsGabriel: shows [Ac Td] (a pair of Tens)
Naxxxxo: mucks hand 
hsGabriel collected $5.60 from pot
*** SUMMARY ***
Total pot $5.85 | Rake $0.25 
Board [Th 4c 8s 3h 7d]
Seat 1: dsrowqf folded before Flop (didn't bet)
Seat 2: EREDAYHUSLIN folded on the Flop
Seat 4: Alameda22 folded before Flop (didn't bet)
Seat 5: Justindat (button) folded before Flop (didn't bet)
Seat 7: mrmelee (small blind) folded before Flop
Seat 8: Naxxxxo (big blind) mucked [8d As]
Seat 9: hsGabriel showed [Ac Td] and won ($5.60) with a pair of Tens



PokerStars Game #19922674057:  Hold'em No Limit ($0.10/$0.25) - 2008/08/26 - 19:06:10 (ET)
Table 'Bolyai' 9-max Seat #7 is the button
Seat 1: dsrowqf ($26.65 in chips) 
Seat 2: EREDAYHUSLIN ($15 in chips) 
Seat 4: Alameda22 ($44.40 in chips) 
Seat 5: Justindat ($14.65 in chips) 
Seat 6: nizza-nizza ($7.05 in chips) 
Seat 7: mrmelee ($24.75 in chips) 
Seat 8: Naxxxxo ($22.65 in chips) 
Seat 9: hsGabriel ($34.20 in chips) 
Naxxxxo: posts small blind $0.10
hsGabriel: posts big blind $0.25
nizza-nizza: posts big blind $0.25
*** HOLE CARDS ***
Dealt to Alameda22 [Jh 9d]
dsrowqf: folds 
EREDAYHUSLIN: folds 
Alameda22: folds 
Justindat: calls $0.25
nizza-nizza: checks 
mrmelee: raises $1.25 to $1.50
Naxxxxo: folds 
hsGabriel: folds 
Justindat: folds 
nizza-nizza: folds 
Uncalled bet ($1.25) returned to mrmelee
mrmelee collected $1.10 from pot
mrmelee: doesn't show hand 
*** SUMMARY ***
Total pot $1.10 | Rake $0 
Seat 1: dsrowqf folded before Flop (didn't bet)
Seat 2: EREDAYHUSLIN folded before Flop (didn't bet)
Seat 4: Alameda22 folded before Flop (didn't bet)
Seat 5: Justindat folded before Flop
Seat 6: nizza-nizza folded before Flop
Seat 7: mrmelee (button) collected ($1.10)
Seat 8: Naxxxxo (small blind) folded before Flop
Seat 9: hsGabriel (big blind) folded before Flop



PokerStars Game #19922685361:  Hold'em No Limit ($0.10/$0.25) - 2008/08/26 - 19:06:40 (ET)
Table 'Bolyai' 9-max Seat #8 is the button
Seat 1: dsrowqf ($26.65 in chips) 
Seat 2: EREDAYHUSLIN ($15 in chips) 
Seat 4: Alameda22 ($44.40 in chips) 
Seat 5: Justindat ($14.40 in chips) 
Seat 6: nizza-nizza ($6.80 in chips) 
Seat 7: mrmelee ($25.60 in chips) 
Seat 8: Naxxxxo ($22.55 in chips) 
Seat 9: hsGabriel ($33.95 in chips) 
hsGabriel: posts small blind $0.10
dsrowqf: posts big blind $0.25
*** HOLE CARDS ***
Dealt to Alameda22 [Th 7h]
EREDAYHUSLIN: folds 
Alameda22: folds 
Justindat: calls $0.25
nizza-nizza: folds 
mrmelee: folds 
Naxxxxo: folds 
hsGabriel: raises $0.50 to $0.75
dsrowqf: folds 
Justindat: calls $0.50
*** FLOP *** [3s 3h 6d]
hsGabriel: checks 
Justindat: bets $0.75
hsGabriel: calls $0.75
*** TURN *** [3s 3h 6d] [4c]
hsGabriel: checks 
bignubs has returned
Justindat: bets $1.25
hsGabriel: folds 
Uncalled bet ($1.25) returned to Justindat
Justindat collected $3.10 from pot
*** SUMMARY ***
Total pot $3.25 | Rake $0.15 
Board [3s 3h 6d 4c]
Seat 1: dsrowqf (big blind) folded before Flop
Seat 2: EREDAYHUSLIN folded before Flop (didn't bet)
Seat 4: Alameda22 folded before Flop (didn't bet)
Seat 5: Justindat collected ($3.10)
Seat 6: nizza-nizza folded before Flop (didn't bet)
Seat 7: mrmelee folded before Flop (didn't bet)
Seat 8: Naxxxxo (button) folded before Flop (didn't bet)
Seat 9: hsGabriel (small blind) folded on the Turn



PokerStars Game #19922721237:  Hold'em No Limit ($0.10/$0.25) - 2008/08/26 - 19:08:15 (ET)
Table 'Bolyai' 9-max Seat #9 is the button
Seat 1: dsrowqf ($26.40 in chips) 
Seat 2: EREDAYHUSLIN ($15 in chips) 
Seat 3: bignubs ($18.80 in chips) 
Seat 4: Alameda22 ($44.40 in chips) 
Seat 5: Justindat ($16 in chips) 
Seat 6: nizza-nizza ($6.80 in chips) 
Seat 7: mrmelee ($25.60 in chips) 
Seat 8: Naxxxxo ($22.55 in chips) 
Seat 9: hsGabriel ($32.45 in chips) 
dsrowqf: posts small blind $0.10
EREDAYHUSLIN: posts big blind $0.25
bignubs: posts small & big blinds $0.35
*** HOLE CARDS ***
Dealt to Alameda22 [2d Td]
bignubs: checks 
Alameda22: folds 
Justindat: folds 
nizza-nizza: folds 
nizza-nizza leaves the table
mrmelee: folds 
Naxxxxo: calls $0.25
hsGabriel: folds 
dsrowqf: calls $0.15
EREDAYHUSLIN: checks 
*** FLOP *** [9h 3c Ac]
Justindat leaves the table
dsrowqf: checks 
EREDAYHUSLIN: checks 
riderghost76 joins the table at seat #6 
bignubs: checks 
Naxxxxo: checks 
*** TURN *** [9h 3c Ac] [6d]
dsrowqf: checks 
EREDAYHUSLIN: checks 
bignubs: checks 
Naxxxxo: checks 
*** RIVER *** [9h 3c Ac 6d] [Qh]
dsrowqf: checks 
EREDAYHUSLIN: checks 
bignubs: checks 
Naxxxxo: checks 
*** SHOW DOWN ***
dsrowqf: shows [8h 8c] (a pair of Eights)
EREDAYHUSLIN: mucks hand 
bignubs: shows [Jh Js] (a pair of Jacks)
Naxxxxo: mucks hand 
bignubs collected $1.05 from pot
*** SUMMARY ***
Total pot $1.10 | Rake $0.05 
Board [9h 3c Ac 6d Qh]
Seat 1: dsrowqf (small blind) showed [8h 8c] and lost with a pair of Eights
Seat 2: EREDAYHUSLIN (big blind) mucked [Kd 2s]
Seat 3: bignubs showed [Jh Js] and won ($1.05) with a pair of Jacks
Seat 4: Alameda22 folded before Flop (didn't bet)
Seat 5: Justindat folded before Flop (didn't bet)
Seat 6: nizza-nizza folded before Flop (didn't bet)
Seat 7: mrmelee folded before Flop (didn't bet)
Seat 8: Naxxxxo mucked [7c 6c]
Seat 9: hsGabriel (button) folded before Flop (didn't bet)



PokerStars Game #19922753199:  Hold'em No Limit ($0.10/$0.25) - 2008/08/26 - 19:09:39 (ET)
Table 'Bolyai' 9-max Seat #1 is the button
Seat 1: dsrowqf ($26.15 in chips) 
Seat 2: EREDAYHUSLIN ($14.75 in chips) 
Seat 3: bignubs ($19.50 in chips) 
Seat 4: Alameda22 ($44.40 in chips) 
Seat 6: riderghost76 ($15 in chips) 
Seat 7: mrmelee ($25.60 in chips) 
Seat 8: Naxxxxo ($22.30 in chips) 
Seat 9: hsGabriel ($32.45 in chips) 
EREDAYHUSLIN: posts small blind $0.10
bignubs: posts big blind $0.25
riderghost76: posts big blind $0.25
*** HOLE CARDS ***
Dealt to Alameda22 [Jh Jd]
rounder3989 joins the table at seat #5 
Alameda22: raises $0.75 to $1
riderghost76: folds 
rounder3989 leaves the table
mrmelee: raises $2.50 to $3.50
Naxxxxo: folds 
hsGabriel: folds 
dsrowqf: folds 
EREDAYHUSLIN: folds 
bignubs: folds 
PIYMFD joins the table at seat #5 
Alameda22: folds 
Uncalled bet ($2.50) returned to mrmelee
mrmelee collected $2.60 from pot
*** SUMMARY ***
Total pot $2.60 | Rake $0 
Seat 1: dsrowqf (button) folded before Flop (didn't bet)
Seat 2: EREDAYHUSLIN (small blind) folded before Flop
Seat 3: bignubs (big blind) folded before Flop
Seat 4: Alameda22 folded before Flop
Seat 6: riderghost76 folded before Flop
Seat 7: mrmelee collected ($2.60)
Seat 8: Naxxxxo folded before Flop (didn't bet)
Seat 9: hsGabriel folded before Flop (didn't bet)



PokerStars Game #19922772486:  Hold'em No Limit ($0.10/$0.25) - 2008/08/26 - 19:10:30 (ET)
Table 'Bolyai' 9-max Seat #2 is the button
Seat 1: dsrowqf ($26.15 in chips) 
Seat 2: EREDAYHUSLIN ($14.65 in chips) 
Seat 3: bignubs ($19.25 in chips) 
Seat 4: Alameda22 ($43.40 in chips) 
Seat 6: riderghost76 ($14.75 in chips) 
Seat 7: mrmelee ($27.20 in chips) 
Seat 8: Naxxxxo ($22.30 in chips) 
Seat 9: hsGabriel ($32.45 in chips) 
bignubs: posts small blind $0.10
Alameda22: posts big blind $0.25
PIYMFD: sits out 
*** HOLE CARDS ***
Dealt to Alameda22 [3d 2s]
riderghost76: folds 
mrmelee: folds 
PIYMFD is sitting out
Naxxxxo: calls $0.25
hsGabriel: folds 
dsrowqf: folds 
EREDAYHUSLIN: folds 
bignubs: folds 
Alameda22: checks 
*** FLOP *** [9s Tc 7d]
Alameda22: checks 
Naxxxxo: bets $0.75
Alameda22: folds 
Uncalled bet ($0.75) returned to Naxxxxo
Naxxxxo collected $0.60 from pot
Naxxxxo: doesn't show hand 
*** SUMMARY ***
Total pot $0.60 | Rake $0 
Board [9s Tc 7d]
Seat 1: dsrowqf folded before Flop (didn't bet)
Seat 2: EREDAYHUSLIN (button) folded before Flop (didn't bet)
Seat 3: bignubs (small blind) folded before Flop
Seat 4: Alameda22 (big blind) folded on the Flop
Seat 6: riderghost76 folded before Flop (didn't bet)
Seat 7: mrmelee folded before Flop (didn't bet)
Seat 8: Naxxxxo collected ($0.60)
Seat 9: hsGabriel folded before Flop (didn't bet)



PokerStars Game #19922794341:  Hold'em No Limit ($0.10/$0.25) - 2008/08/26 - 19:11:28 (ET)
Table 'Bolyai' 9-max Seat #3 is the button
Seat 1: dsrowqf ($26.15 in chips) 
Seat 2: EREDAYHUSLIN ($14.65 in chips) 
Seat 3: bignubs ($19.15 in chips) 
Seat 4: Alameda22 ($43.15 in chips) 
Seat 6: riderghost76 ($14.75 in chips) 
Seat 7: mrmelee ($27.20 in chips) 
Seat 8: Naxxxxo ($22.65 in chips) 
Seat 9: hsGabriel ($32.45 in chips) 
Alameda22: posts small blind $0.10
riderghost76: posts big blind $0.25
*** HOLE CARDS ***
Dealt to Alameda22 [2h Js]
mrmelee: folds 
Naxxxxo: folds 
hsGabriel: calls $0.25
dsrowqf: folds 
EREDAYHUSLIN: folds 
bignubs: folds 
Alameda22: folds 
riderghost76: checks 
*** FLOP *** [Qs 8c 4c]
riderghost76: bets $0.25
PIYMFD has returned
hsGabriel: folds 
Uncalled bet ($0.25) returned to riderghost76
riderghost76 collected $0.60 from pot
*** SUMMARY ***
Total pot $0.60 | Rake $0 
Board [Qs 8c 4c]
Seat 1: dsrowqf folded before Flop (didn't bet)
Seat 2: EREDAYHUSLIN folded before Flop (didn't bet)
Seat 3: bignubs (button) folded before Flop (didn't bet)
Seat 4: Alameda22 (small blind) folded before Flop
Seat 6: riderghost76 (big blind) collected ($0.60)
Seat 7: mrmelee folded before Flop (didn't bet)
Seat 8: Naxxxxo folded before Flop (didn't bet)
Seat 9: hsGabriel folded on the Flop



PokerStars Game #19922809977:  Hold'em No Limit ($0.10/$0.25) - 2008/08/26 - 19:12:09 (ET)
Table 'Bolyai' 9-max Seat #4 is the button
Seat 1: dsrowqf ($26.15 in chips) 
Seat 2: EREDAYHUSLIN ($14.65 in chips) 
Seat 3: bignubs ($19.15 in chips) 
Seat 4: Alameda22 ($43.05 in chips) 
Seat 6: riderghost76 ($15.10 in chips) 
Seat 7: mrmelee ($27.20 in chips) 
Seat 8: Naxxxxo ($22.65 in chips) 
Seat 9: hsGabriel ($32.20 in chips) 
PIYMFD will be allowed to play after the button
riderghost76: posts small blind $0.10
mrmelee: posts big blind $0.25
*** HOLE CARDS ***
Dealt to Alameda22 [9c 5c]
Naxxxxo: folds 
hsGabriel: folds 
dsrowqf: folds 
EREDAYHUSLIN: folds 
bignubs: folds 
Alameda22: folds 
riderghost76: raises $0.50 to $0.75
mrmelee: folds 
Uncalled bet ($0.50) returned to riderghost76
riderghost76 collected $0.50 from pot
riderghost76: doesn't show hand 
*** SUMMARY ***
Total pot $0.50 | Rake $0 
Seat 1: dsrowqf folded before Flop (didn't bet)
Seat 2: EREDAYHUSLIN folded before Flop (didn't bet)
Seat 3: bignubs folded before Flop (didn't bet)
Seat 4: Alameda22 (button) folded before Flop (didn't bet)
Seat 6: riderghost76 (small blind) collected ($0.50)
Seat 7: mrmelee (big blind) folded before Flop
Seat 8: Naxxxxo folded before Flop (didn't bet)
Seat 9: hsGabriel folded before Flop (didn't bet)



PokerStars Game #19922830093:  Hold'em No Limit ($0.10/$0.25) - 2008/08/26 - 19:13:03 (ET)
Table 'Bolyai' 9-max Seat #6 is the button
Seat 1: dsrowqf ($26.15 in chips) 
Seat 2: EREDAYHUSLIN ($14.65 in chips) 
Seat 3: bignubs ($19.15 in chips) 
Seat 4: Alameda22 ($43.05 in chips) 
Seat 6: riderghost76 ($15.35 in chips) 
Seat 7: mrmelee ($26.95 in chips) 
Seat 8: Naxxxxo ($22.65 in chips) 
Seat 9: hsGabriel ($32.20 in chips) 
mrmelee: posts small blind $0.10
Naxxxxo: posts big blind $0.25
PIYMFD: sits out 
*** HOLE CARDS ***
Dealt to Alameda22 [4s Ah]
hsGabriel: calls $0.25
dsrowqf: calls $0.25
EREDAYHUSLIN: folds 
bignubs: folds 
Alameda22: folds 
riderghost76: calls $0.25
mrmelee: calls $0.15
Naxxxxo: raises $2.25 to $2.50
hsGabriel: folds 
dsrowqf: folds 
riderghost76: folds 
mrmelee: folds 
Uncalled bet ($2.25) returned to Naxxxxo
Naxxxxo collected $1.25 from pot
Naxxxxo: doesn't show hand 
*** SUMMARY ***
Total pot $1.25 | Rake $0 
Seat 1: dsrowqf folded before Flop
Seat 2: EREDAYHUSLIN folded before Flop (didn't bet)
Seat 3: bignubs folded before Flop (didn't bet)
Seat 4: Alameda22 folded before Flop (didn't bet)
Seat 6: riderghost76 (button) folded before Flop
Seat 7: mrmelee (small blind) folded before Flop
Seat 8: Naxxxxo (big blind) collected ($1.25)
Seat 9: hsGabriel folded before Flop



PokerStars Game #19922850492:  Hold'em No Limit ($0.10/$0.25) - 2008/08/26 - 19:13:58 (ET)
Table 'Bolyai' 9-max Seat #7 is the button
Seat 1: dsrowqf ($25.90 in chips) 
Seat 2: EREDAYHUSLIN ($14.65 in chips) 
Seat 3: bignubs ($19.15 in chips) 
Seat 4: Alameda22 ($43.05 in chips) 
Seat 6: riderghost76 ($15.10 in chips) 
Seat 7: mrmelee ($26.70 in chips) 
Seat 8: Naxxxxo ($23.65 in chips) 
Seat 9: hsGabriel ($31.95 in chips) 
Naxxxxo: posts small blind $0.10
hsGabriel: posts big blind $0.25
PIYMFD: sits out 
*** HOLE CARDS ***
Dealt to Alameda22 [Kc 7s]
dsrowqf: folds 
EREDAYHUSLIN: folds 
bignubs: folds 
Alameda22: folds 
riderghost76: folds 
mrmelee: raises $0.75 to $1
Naxxxxo: folds 
hsGabriel: folds 
Uncalled bet ($0.75) returned to mrmelee
mrmelee collected $0.60 from pot
*** SUMMARY ***
Total pot $0.60 | Rake $0 
Seat 1: dsrowqf folded before Flop (didn't bet)
Seat 2: EREDAYHUSLIN folded before Flop (didn't bet)
Seat 3: bignubs folded before Flop (didn't bet)
Seat 4: Alameda22 folded before Flop (didn't bet)
Seat 6: riderghost76 folded before Flop (didn't bet)
Seat 7: mrmelee (button) collected ($0.60)
Seat 8: Naxxxxo (small blind) folded before Flop
Seat 9: hsGabriel (big blind) folded before Flop



PokerStars Game #19922861365:  Hold'em No Limit ($0.10/$0.25) - 2008/08/26 - 19:14:27 (ET)
Table 'Bolyai' 9-max Seat #8 is the button
Seat 1: dsrowqf ($25.90 in chips) 
Seat 2: EREDAYHUSLIN ($14.65 in chips) 
Seat 3: bignubs ($19.15 in chips) 
Seat 4: Alameda22 ($43.05 in chips) 
Seat 6: riderghost76 ($15.10 in chips) 
Seat 7: mrmelee ($27.05 in chips) 
Seat 8: Naxxxxo ($23.55 in chips) 
Seat 9: hsGabriel ($31.70 in chips) 
hsGabriel: posts small blind $0.10
dsrowqf: posts big blind $0.25
PIYMFD: sits out 
*** HOLE CARDS ***
Dealt to Alameda22 [Jd 3h]
EREDAYHUSLIN: folds 
bignubs: folds 
Alameda22: folds 
riderghost76: folds 
mrmelee: folds 
Naxxxxo: folds 
hsGabriel: raises $0.50 to $0.75
dsrowqf: folds 
Uncalled bet ($0.50) returned to hsGabriel
hsGabriel collected $0.50 from pot
hsGabriel: doesn't show hand 
*** SUMMARY ***
Total pot $0.50 | Rake $0 
Seat 1: dsrowqf (big blind) folded before Flop
Seat 2: EREDAYHUSLIN folded before Flop (didn't bet)
Seat 3: bignubs folded before Flop (didn't bet)
Seat 4: Alameda22 folded before Flop (didn't bet)
Seat 6: riderghost76 folded before Flop (didn't bet)
Seat 7: mrmelee folded before Flop (didn't bet)
Seat 8: Naxxxxo (button) folded before Flop (didn't bet)
Seat 9: hsGabriel (small blind) collected ($0.50)



PokerStars Game #19922872333:  Hold'em No Limit ($0.10/$0.25) - 2008/08/26 - 19:14:57 (ET)
Table 'Bolyai' 9-max Seat #9 is the button
Seat 1: dsrowqf ($25.65 in chips) 
Seat 2: EREDAYHUSLIN ($14.65 in chips) 
Seat 3: bignubs ($19.15 in chips) 
Seat 4: Alameda22 ($43.05 in chips) 
Seat 6: riderghost76 ($15.10 in chips) 
Seat 7: mrmelee ($27.05 in chips) 
Seat 8: Naxxxxo ($23.55 in chips) 
Seat 9: hsGabriel ($31.95 in chips) 
dsrowqf: posts small blind $0.10
EREDAYHUSLIN: posts big blind $0.25
PIYMFD: sits out 
*** HOLE CARDS ***
Dealt to Alameda22 [Jc 4h]
bignubs: folds 
Alameda22: folds 
riderghost76: folds 
mrmelee: folds 
Naxxxxo: raises $0.75 to $1
hsGabriel: folds 
dsrowqf: folds 
EREDAYHUSLIN: folds 
Uncalled bet ($0.75) returned to Naxxxxo
Naxxxxo collected $0.60 from pot
Naxxxxo: doesn't show hand 
*** SUMMARY ***
Total pot $0.60 | Rake $0 
Seat 1: dsrowqf (small blind) folded before Flop
Seat 2: EREDAYHUSLIN (big blind) folded before Flop
Seat 3: bignubs folded before Flop (didn't bet)
Seat 4: Alameda22 folded before Flop (didn't bet)
Seat 6: riderghost76 folded before Flop (didn't bet)
Seat 7: mrmelee folded before Flop (didn't bet)
Seat 8: Naxxxxo collected ($0.60)
Seat 9: hsGabriel (button) folded before Flop (didn't bet)



PokerStars Game #19922884478:  Hold'em No Limit ($0.10/$0.25) - 2008/08/26 - 19:15:30 (ET)
Table 'Bolyai' 9-max Seat #1 is the button
Seat 1: dsrowqf ($25.55 in chips) 
Seat 2: EREDAYHUSLIN ($14.40 in chips) 
Seat 3: bignubs ($19.15 in chips) 
Seat 4: Alameda22 ($43.05 in chips) 
Seat 6: riderghost76 ($15.10 in chips) 
Seat 7: mrmelee ($27.05 in chips) 
Seat 8: Naxxxxo ($23.90 in chips) 
Seat 9: hsGabriel ($31.95 in chips) 
EREDAYHUSLIN: posts small blind $0.10
bignubs: posts big blind $0.25
PIYMFD: sits out 
*** HOLE CARDS ***
Dealt to Alameda22 [Ts 6s]
Alameda22: folds 
riderghost76: folds 
mrmelee: folds 
Naxxxxo: folds 
hsGabriel: folds 
dsrowqf: folds 
EREDAYHUSLIN: raises $0.75 to $1
bignubs: folds 
Uncalled bet ($0.75) returned to EREDAYHUSLIN
EREDAYHUSLIN collected $0.50 from pot
EREDAYHUSLIN: doesn't show hand 
*** SUMMARY ***
Total pot $0.50 | Rake $0 
Seat 1: dsrowqf (button) folded before Flop (didn't bet)
Seat 2: EREDAYHUSLIN (small blind) collected ($0.50)
Seat 3: bignubs (big blind) folded before Flop
Seat 4: Alameda22 folded before Flop (didn't bet)
Seat 6: riderghost76 folded before Flop (didn't bet)
Seat 7: mrmelee folded before Flop (didn't bet)
Seat 8: Naxxxxo folded before Flop (didn't bet)
Seat 9: hsGabriel folded before Flop (didn't bet)



PokerStars Game #19922895235:  Hold'em No Limit ($0.10/$0.25) - 2008/08/26 - 19:15:59 (ET)
Table 'Bolyai' 9-max Seat #2 is the button
Seat 1: dsrowqf ($25.55 in chips) 
Seat 2: EREDAYHUSLIN ($14.65 in chips) 
Seat 3: bignubs ($18.90 in chips) 
Seat 4: Alameda22 ($43.05 in chips) 
Seat 6: riderghost76 ($15.10 in chips) 
Seat 7: mrmelee ($27.05 in chips) 
Seat 8: Naxxxxo ($23.90 in chips) 
Seat 9: hsGabriel ($31.95 in chips) 
bignubs: posts small blind $0.10
Alameda22: posts big blind $0.25
PIYMFD: sits out 
*** HOLE CARDS ***
Dealt to Alameda22 [6d Kh]
riderghost76: folds 
mrmelee: folds 
Naxxxxo: folds 
hsGabriel: folds 
dsrowqf: folds 
EREDAYHUSLIN: raises $0.25 to $0.50
bignubs: folds 
Alameda22: folds 
Uncalled bet ($0.25) returned to EREDAYHUSLIN
EREDAYHUSLIN collected $0.60 from pot
EREDAYHUSLIN: doesn't show hand 
*** SUMMARY ***
Total pot $0.60 | Rake $0 
Seat 1: dsrowqf folded before Flop (didn't bet)
Seat 2: EREDAYHUSLIN (button) collected ($0.60)
Seat 3: bignubs (small blind) folded before Flop
Seat 4: Alameda22 (big blind) folded before Flop
Seat 6: riderghost76 folded before Flop (didn't bet)
Seat 7: mrmelee folded before Flop (didn't bet)
Seat 8: Naxxxxo folded before Flop (didn't bet)
Seat 9: hsGabriel folded before Flop (didn't bet)



PokerStars Game #19922911661:  Hold'em No Limit ($0.10/$0.25) - 2008/08/26 - 19:16:43 (ET)
Table 'Bolyai' 9-max Seat #3 is the button
Seat 1: dsrowqf ($25.55 in chips) 
Seat 2: EREDAYHUSLIN ($15 in chips) 
Seat 3: bignubs ($18.80 in chips) 
Seat 4: Alameda22 ($42.80 in chips) 
Seat 5: PIYMFD ($25 in chips) 
Seat 6: riderghost76 ($15.10 in chips) 
Seat 7: mrmelee ($27.05 in chips) 
Seat 8: Naxxxxo ($23.90 in chips) 
Seat 9: hsGabriel ($31.95 in chips) 
Alameda22: posts small blind $0.10
PIYMFD: posts big blind $0.25
*** HOLE CARDS ***
Dealt to Alameda22 [Jc Ah]
riderghost76: folds 
mrmelee: folds 
Naxxxxo: raises $0.75 to $1
hsGabriel: folds 
dsrowqf: folds 
EREDAYHUSLIN: folds 
bignubs: folds 
Alameda22: folds 
PIYMFD: folds 
Uncalled bet ($0.75) returned to Naxxxxo
Naxxxxo collected $0.60 from pot
Naxxxxo: doesn't show hand 
*** SUMMARY ***
Total pot $0.60 | Rake $0 
Seat 1: dsrowqf folded before Flop (didn't bet)
Seat 2: EREDAYHUSLIN folded before Flop (didn't bet)
Seat 3: bignubs (button) folded before Flop (didn't bet)
Seat 4: Alameda22 (small blind) folded before Flop
Seat 5: PIYMFD (big blind) folded before Flop
Seat 6: riderghost76 folded before Flop (didn't bet)
Seat 7: mrmelee folded before Flop (didn't bet)
Seat 8: Naxxxxo collected ($0.60)
Seat 9: hsGabriel folded before Flop (didn't bet)



PokerStars Game #19922926340:  Hold'em No Limit ($0.10/$0.25) - 2008/08/26 - 19:17:23 (ET)
Table 'Bolyai' 9-max Seat #4 is the button
Seat 1: dsrowqf ($25.55 in chips) 
Seat 2: EREDAYHUSLIN ($15 in chips) 
Seat 3: bignubs ($18.80 in chips) 
Seat 4: Alameda22 ($42.70 in chips) 
Seat 5: PIYMFD ($24.75 in chips) 
Seat 6: riderghost76 ($15.10 in chips) 
Seat 7: mrmelee ($27.05 in chips) 
Seat 8: Naxxxxo ($24.25 in chips) 
Seat 9: hsGabriel ($31.95 in chips) 
PIYMFD: posts small blind $0.10
riderghost76: posts big blind $0.25
*** HOLE CARDS ***
Dealt to Alameda22 [8d 9h]
mrmelee: folds 
Naxxxxo: folds 
hsGabriel: folds 
dsrowqf: folds 
EREDAYHUSLIN: raises $0.50 to $0.75
bignubs: folds 
Alameda22: folds 
PIYMFD: folds 
riderghost76: raises $0.75 to $1.50
EREDAYHUSLIN: calls $0.75
*** FLOP *** [5h As 2h]
riderghost76: bets $0.25
EREDAYHUSLIN: folds 
Uncalled bet ($0.25) returned to riderghost76
riderghost76 collected $2.95 from pot
*** SUMMARY ***
Total pot $3.10 | Rake $0.15 
Board [5h As 2h]
Seat 1: dsrowqf folded before Flop (didn't bet)
Seat 2: EREDAYHUSLIN folded on the Flop
Seat 3: bignubs folded before Flop (didn't bet)
Seat 4: Alameda22 (button) folded before Flop (didn't bet)
Seat 5: PIYMFD (small blind) folded before Flop
Seat 6: riderghost76 (big blind) collected ($2.95)
Seat 7: mrmelee folded before Flop (didn't bet)
Seat 8: Naxxxxo folded before Flop (didn't bet)
Seat 9: hsGabriel folded before Flop (didn't bet)



PokerStars Game #19922956913:  Hold'em No Limit ($0.10/$0.25) - 2008/08/26 - 19:18:47 (ET)
Table 'Bolyai' 9-max Seat #5 is the button
Seat 1: dsrowqf ($25.55 in chips) 
Seat 2: EREDAYHUSLIN ($13.50 in chips) 
Seat 3: bignubs ($18.80 in chips) 
Seat 4: Alameda22 ($42.70 in chips) 
Seat 5: PIYMFD ($25 in chips) 
Seat 6: riderghost76 ($16.55 in chips) 
Seat 7: mrmelee ($27.05 in chips) 
Seat 8: Naxxxxo ($24.25 in chips) 
Seat 9: hsGabriel ($31.95 in chips) 
riderghost76: posts small blind $0.10
mrmelee: posts big blind $0.25
*** HOLE CARDS ***
Dealt to Alameda22 [5h 7s]
Naxxxxo: folds 
hsGabriel: calls $0.25
dsrowqf: folds 
EREDAYHUSLIN: folds 
bignubs: folds 
Alameda22: folds 
PIYMFD: raises $1 to $1.25
riderghost76: folds 
mrmelee: folds 
hsGabriel: folds 
Uncalled bet ($1) returned to PIYMFD
PIYMFD collected $0.85 from pot
PIYMFD: doesn't show hand 
*** SUMMARY ***
Total pot $0.85 | Rake $0 
Seat 1: dsrowqf folded before Flop (didn't bet)
Seat 2: EREDAYHUSLIN folded before Flop (didn't bet)
Seat 3: bignubs folded before Flop (didn't bet)
Seat 4: Alameda22 folded before Flop (didn't bet)
Seat 5: PIYMFD (button) collected ($0.85)
Seat 6: riderghost76 (small blind) folded before Flop
Seat 7: mrmelee (big blind) folded before Flop
Seat 8: Naxxxxo folded before Flop (didn't bet)
Seat 9: hsGabriel folded before Flop



PokerStars Game #19922968417:  Hold'em No Limit ($0.10/$0.25) - 2008/08/26 - 19:19:18 (ET)
Table 'Bolyai' 9-max Seat #6 is the button
Seat 1: dsrowqf ($25.55 in chips) 
Seat 2: EREDAYHUSLIN ($13.50 in chips) 
Seat 3: bignubs ($18.80 in chips) 
Seat 4: Alameda22 ($42.70 in chips) 
Seat 5: PIYMFD ($25.60 in chips) 
Seat 6: riderghost76 ($16.45 in chips) 
Seat 7: mrmelee ($26.80 in chips) 
Seat 8: Naxxxxo ($24.25 in chips) 
Seat 9: hsGabriel ($31.70 in chips) 
mrmelee: posts small blind $0.10
Naxxxxo: posts big blind $0.25
*** HOLE CARDS ***
Dealt to Alameda22 [5c Qh]
hsGabriel: calls $0.25
dsrowqf: folds 
EREDAYHUSLIN: folds 
bignubs: folds 
Alameda22: folds 
PIYMFD: folds 
riderghost76: raises $0.50 to $0.75
mrmelee: folds 
Naxxxxo: folds 
hsGabriel: folds 
Uncalled bet ($0.50) returned to riderghost76
riderghost76 collected $0.85 from pot
*** SUMMARY ***
Total pot $0.85 | Rake $0 
Seat 1: dsrowqf folded before Flop (didn't bet)
Seat 2: EREDAYHUSLIN folded before Flop (didn't bet)
Seat 3: bignubs folded before Flop (didn't bet)
Seat 4: Alameda22 folded before Flop (didn't bet)
Seat 5: PIYMFD folded before Flop (didn't bet)
Seat 6: riderghost76 (button) collected ($0.85)
Seat 7: mrmelee (small blind) folded before Flop
Seat 8: Naxxxxo (big blind) folded before Flop
Seat 9: hsGabriel folded before Flop



PokerStars Game #19922982618:  Hold'em No Limit ($0.10/$0.25) - 2008/08/26 - 19:19:57 (ET)
Table 'Bolyai' 9-max Seat #7 is the button
Seat 1: dsrowqf ($25.55 in chips) 
Seat 2: EREDAYHUSLIN ($13.50 in chips) 
Seat 3: bignubs ($18.80 in chips) 
Seat 4: Alameda22 ($42.70 in chips) 
Seat 5: PIYMFD ($25.60 in chips) 
Seat 6: riderghost76 ($17.05 in chips) 
Seat 7: mrmelee ($26.70 in chips) 
Seat 8: Naxxxxo ($24 in chips) 
Seat 9: hsGabriel ($31.45 in chips) 
Naxxxxo: posts small blind $0.10
hsGabriel: posts big blind $0.25
*** HOLE CARDS ***
Dealt to Alameda22 [Jh 7c]
dsrowqf: folds 
EREDAYHUSLIN: folds 
bignubs: folds 
Alameda22: folds 
PIYMFD: folds 
riderghost76: folds 
mrmelee: folds 
Naxxxxo: calls $0.15
hsGabriel: checks 
*** FLOP *** [4d Qh Jc]
Naxxxxo: checks 
hsGabriel: checks 
*** TURN *** [4d Qh Jc] [Td]
Naxxxxo: checks 
hsGabriel: bets $0.50
Naxxxxo: calls $0.50
*** RIVER *** [4d Qh Jc Td] [3s]
Naxxxxo: checks 
hsGabriel: bets $0.75
Naxxxxo: folds 
Uncalled bet ($0.75) returned to hsGabriel
hsGabriel collected $1.45 from pot
*** SUMMARY ***
Total pot $1.50 | Rake $0.05 
Board [4d Qh Jc Td 3s]
Seat 1: dsrowqf folded before Flop (didn't bet)
Seat 2: EREDAYHUSLIN folded before Flop (didn't bet)
Seat 3: bignubs folded before Flop (didn't bet)
Seat 4: Alameda22 folded before Flop (didn't bet)
Seat 5: PIYMFD folded before Flop (didn't bet)
Seat 6: riderghost76 folded before Flop (didn't bet)
Seat 7: mrmelee (button) folded before Flop (didn't bet)
Seat 8: Naxxxxo (small blind) folded on the River
Seat 9: hsGabriel (big blind) collected ($1.45)



PokerStars Game #19923012683:  Hold'em No Limit ($0.10/$0.25) - 2008/08/26 - 19:21:19 (ET)
Table 'Bolyai' 9-max Seat #8 is the button
Seat 1: dsrowqf ($25.55 in chips) 
Seat 2: EREDAYHUSLIN ($13.50 in chips) 
Seat 3: bignubs ($18.80 in chips) 
Seat 4: Alameda22 ($42.70 in chips) 
Seat 5: PIYMFD ($25.60 in chips) 
Seat 6: riderghost76 ($17.05 in chips) 
Seat 7: mrmelee ($26.70 in chips) 
Seat 8: Naxxxxo ($23.25 in chips) 
Seat 9: hsGabriel ($32.15 in chips) 
hsGabriel: posts small blind $0.10
dsrowqf: posts big blind $0.25
*** HOLE CARDS ***
Dealt to Alameda22 [8d 3d]
EREDAYHUSLIN: raises $0.50 to $0.75
bignubs: folds 
Alameda22: folds 
PIYMFD: folds 
riderghost76: folds 
mrmelee: folds 
Naxxxxo: folds 
hsGabriel: folds 
dsrowqf: folds 
Uncalled bet ($0.50) returned to EREDAYHUSLIN
EREDAYHUSLIN collected $0.60 from pot
EREDAYHUSLIN: doesn't show hand 
*** SUMMARY ***
Total pot $0.60 | Rake $0 
Seat 1: dsrowqf (big blind) folded before Flop
Seat 2: EREDAYHUSLIN collected ($0.60)
Seat 3: bignubs folded before Flop (didn't bet)
Seat 4: Alameda22 folded before Flop (didn't bet)
Seat 5: PIYMFD folded before Flop (didn't bet)
Seat 6: riderghost76 folded before Flop (didn't bet)
Seat 7: mrmelee folded before Flop (didn't bet)
Seat 8: Naxxxxo (button) folded before Flop (didn't bet)
Seat 9: hsGabriel (small blind) folded before Flop



PokerStars Game #19923029689:  Hold'em No Limit ($0.10/$0.25) - 2008/08/26 - 19:22:05 (ET)
Table 'Bolyai' 9-max Seat #9 is the button
Seat 1: dsrowqf ($25.30 in chips) 
Seat 2: EREDAYHUSLIN ($13.85 in chips) 
Seat 3: bignubs ($18.80 in chips) 
Seat 4: Alameda22 ($42.70 in chips) 
Seat 5: PIYMFD ($25.60 in chips) 
Seat 6: riderghost76 ($17.05 in chips) 
Seat 7: mrmelee ($26.70 in chips) 
Seat 8: Naxxxxo ($23.25 in chips) 
Seat 9: hsGabriel ($32.05 in chips) 
dsrowqf: posts small blind $0.10
EREDAYHUSLIN: posts big blind $0.25
*** HOLE CARDS ***
Dealt to Alameda22 [6c 6d]
bignubs: folds 
Alameda22: folds 
PIYMFD: folds 
riderghost76: raises $0.50 to $0.75
mrmelee: folds 
Naxxxxo: folds 
hsGabriel: folds 
dsrowqf: folds 
EREDAYHUSLIN: folds 
Uncalled bet ($0.50) returned to riderghost76
riderghost76 collected $0.60 from pot
*** SUMMARY ***
Total pot $0.60 | Rake $0 
Seat 1: dsrowqf (small blind) folded before Flop
Seat 2: EREDAYHUSLIN (big blind) folded before Flop
Seat 3: bignubs folded before Flop (didn't bet)
Seat 4: Alameda22 folded before Flop (didn't bet)
Seat 5: PIYMFD folded before Flop (didn't bet)
Seat 6: riderghost76 collected ($0.60)
Seat 7: mrmelee folded before Flop (didn't bet)
Seat 8: Naxxxxo folded before Flop (didn't bet)
Seat 9: hsGabriel (button) folded before Flop (didn't bet)



PokerStars Game #19923043936:  Hold'em No Limit ($0.10/$0.25) - 2008/08/26 - 19:22:44 (ET)
Table 'Bolyai' 9-max Seat #1 is the button
Seat 1: dsrowqf ($25.20 in chips) 
Seat 2: EREDAYHUSLIN ($13.60 in chips) 
Seat 3: bignubs ($18.80 in chips) 
Seat 4: Alameda22 ($42.70 in chips) 
Seat 5: PIYMFD ($25.60 in chips) 
Seat 6: riderghost76 ($17.40 in chips) 
Seat 7: mrmelee ($26.70 in chips) 
Seat 8: Naxxxxo ($23.25 in chips) 
Seat 9: hsGabriel ($32.05 in chips) 
EREDAYHUSLIN: posts small blind $0.10
bignubs: posts big blind $0.25
*** HOLE CARDS ***
Dealt to Alameda22 [4c 2s]
Alameda22: folds 
PIYMFD: folds 
riderghost76: folds 
mrmelee: folds 
Naxxxxo: folds 
hsGabriel: raises $0.50 to $0.75
dsrowqf: folds 
EREDAYHUSLIN: folds 
bignubs: folds 
Uncalled bet ($0.50) returned to hsGabriel
hsGabriel collected $0.60 from pot
hsGabriel: doesn't show hand 
*** SUMMARY ***
Total pot $0.60 | Rake $0 
Seat 1: dsrowqf (button) folded before Flop (didn't bet)
Seat 2: EREDAYHUSLIN (small blind) folded before Flop
Seat 3: bignubs (big blind) folded before Flop
Seat 4: Alameda22 folded before Flop (didn't bet)
Seat 5: PIYMFD folded before Flop (didn't bet)
Seat 6: riderghost76 folded before Flop (didn't bet)
Seat 7: mrmelee folded before Flop (didn't bet)
Seat 8: Naxxxxo folded before Flop (didn't bet)
Seat 9: hsGabriel collected ($0.60)



PokerStars Game #19923058318:  Hold'em No Limit ($0.10/$0.25) - 2008/08/26 - 19:23:24 (ET)
Table 'Bolyai' 9-max Seat #2 is the button
Seat 1: dsrowqf ($25.20 in chips) 
Seat 2: EREDAYHUSLIN ($13.50 in chips) 
Seat 3: bignubs ($18.55 in chips) 
Seat 4: Alameda22 ($42.70 in chips) 
Seat 5: PIYMFD ($25.60 in chips) 
Seat 6: riderghost76 ($17.40 in chips) 
Seat 7: mrmelee ($26.70 in chips) 
Seat 8: Naxxxxo ($23.25 in chips) 
Seat 9: hsGabriel ($32.40 in chips) 
bignubs: posts small blind $0.10
Alameda22: posts big blind $0.25
*** HOLE CARDS ***
Dealt to Alameda22 [6d 5d]
PIYMFD: folds 
riderghost76: raises $0.75 to $1
mrmelee: folds 
Naxxxxo: folds 
hsGabriel: raises $2 to $3
dsrowqf: folds 
EREDAYHUSLIN: folds 
bignubs: folds 
Alameda22: folds 
riderghost76: calls $2
*** FLOP *** [3d Td Kc]
riderghost76: bets $0.25
hsGabriel: raises $0.75 to $1
riderghost76: calls $0.75
*** TURN *** [3d Td Kc] [Ts]
riderghost76: bets $2
hsGabriel: calls $2
*** RIVER *** [3d Td Kc Ts] [9c]
riderghost76: bets $5.50
hsGabriel: raises $7.50 to $13
riderghost76: calls $5.90 and is all-in
Uncalled bet ($1.60) returned to hsGabriel
*** SHOW DOWN ***
hsGabriel: shows [Ac Ah] (two pair, Aces and Tens)
riderghost76: mucks hand 
hsGabriel collected $33.45 from pot
*** SUMMARY ***
Total pot $35.15 | Rake $1.70 
Board [3d Td Kc Ts 9c]
Seat 1: dsrowqf folded before Flop (didn't bet)
Seat 2: EREDAYHUSLIN (button) folded before Flop (didn't bet)
Seat 3: bignubs (small blind) folded before Flop
Seat 4: Alameda22 (big blind) folded before Flop
Seat 5: PIYMFD folded before Flop (didn't bet)
Seat 6: riderghost76 mucked [8h 8s]
Seat 7: mrmelee folded before Flop (didn't bet)
Seat 8: Naxxxxo folded before Flop (didn't bet)
Seat 9: hsGabriel showed [Ac Ah] and won ($33.45) with two pair, Aces and Tens



PokerStars Game #19923095872:  Hold'em No Limit ($0.10/$0.25) - 2008/08/26 - 19:25:06 (ET)
Table 'Bolyai' 9-max Seat #3 is the button
Seat 1: dsrowqf ($25.20 in chips) 
Seat 2: EREDAYHUSLIN ($13.50 in chips) 
Seat 3: bignubs ($18.45 in chips) 
Seat 4: Alameda22 ($42.45 in chips) 
Seat 5: PIYMFD ($25.60 in chips) 
Seat 7: mrmelee ($26.70 in chips) 
Seat 8: Naxxxxo ($23.25 in chips) 
Seat 9: hsGabriel ($48.45 in chips) 
Alameda22: posts small blind $0.10
PIYMFD: posts big blind $0.25
*** HOLE CARDS ***
Dealt to Alameda22 [7h As]
riderghost76 leaves the table
mrmelee: folds 
Naxxxxo: folds 
hsGabriel: folds 
dsrowqf: folds 
EREDAYHUSLIN: folds 
bignubs: folds 
Alameda22: folds 
Uncalled bet ($0.15) returned to PIYMFD
PIYMFD collected $0.20 from pot
PIYMFD: doesn't show hand 
*** SUMMARY ***
Total pot $0.20 | Rake $0 
Seat 1: dsrowqf folded before Flop (didn't bet)
Seat 2: EREDAYHUSLIN folded before Flop (didn't bet)
Seat 3: bignubs (button) folded before Flop (didn't bet)
Seat 4: Alameda22 (small blind) folded before Flop
Seat 5: PIYMFD (big blind) collected ($0.20)
Seat 7: mrmelee folded before Flop (didn't bet)
Seat 8: Naxxxxo folded before Flop (didn't bet)
Seat 9: hsGabriel folded before Flop (didn't bet)



PokerStars Game #19923114468:  Hold'em No Limit ($0.10/$0.25) - 2008/08/26 - 19:25:58 (ET)
Table 'Bolyai' 9-max Seat #4 is the button
Seat 1: dsrowqf ($25.20 in chips) 
Seat 2: EREDAYHUSLIN ($13.50 in chips) 
Seat 3: bignubs ($18.45 in chips) 
Seat 4: Alameda22 ($42.35 in chips) 
Seat 5: PIYMFD ($25.70 in chips) 
Seat 7: mrmelee ($26.70 in chips) 
Seat 8: Naxxxxo ($23.25 in chips) 
Seat 9: hsGabriel ($48.45 in chips) 
PIYMFD: posts small blind $0.10
mrmelee: posts big blind $0.25
*** HOLE CARDS ***
Dealt to Alameda22 [Ah Qh]
Naxxxxo: folds 
hsGabriel: raises $0.50 to $0.75
dsrowqf: folds 
EREDAYHUSLIN: folds 
bignubs: folds 
Alameda22: calls $0.75
PIYMFD: folds 
mrmelee: folds 
*** FLOP *** [Js 3d 7d]
hsGabriel: checks 
Alameda22: bets $1.25
hsGabriel: folds 
Uncalled bet ($1.25) returned to Alameda22
Alameda22 collected $1.80 from pot
Alameda22: doesn't show hand 
*** SUMMARY ***
Total pot $1.85 | Rake $0.05 
Board [Js 3d 7d]
Seat 1: dsrowqf folded before Flop (didn't bet)
Seat 2: EREDAYHUSLIN folded before Flop (didn't bet)
Seat 3: bignubs folded before Flop (didn't bet)
Seat 4: Alameda22 (button) collected ($1.80)
Seat 5: PIYMFD (small blind) folded before Flop
Seat 7: mrmelee (big blind) folded before Flop
Seat 8: Naxxxxo folded before Flop (didn't bet)
Seat 9: hsGabriel folded on the Flop



PokerStars Game #19923130939:  Hold'em No Limit ($0.10/$0.25) - 2008/08/26 - 19:26:43 (ET)
Table 'Bolyai' 9-max Seat #5 is the button
Seat 1: dsrowqf ($25.20 in chips) 
Seat 2: EREDAYHUSLIN ($13.50 in chips) 
Seat 3: bignubs ($18.45 in chips) 
Seat 4: Alameda22 ($43.40 in chips) 
Seat 5: PIYMFD ($25.60 in chips) 
Seat 7: mrmelee ($26.45 in chips) 
Seat 8: Naxxxxo ($23.25 in chips) 
Seat 9: hsGabriel ($47.70 in chips) 
mrmelee: posts small blind $0.10
Naxxxxo: posts big blind $0.25
*** HOLE CARDS ***
Dealt to Alameda22 [Tc 7d]
hsGabriel: folds 
dsrowqf: calls $0.25
EREDAYHUSLIN: folds 
bignubs: folds 
Alameda22: folds 
PIYMFD: folds 
mrmelee: folds 
Naxxxxo: checks 
*** FLOP *** [9h 7s 3h]
Naxxxxo: checks 
dsrowqf: checks 
*** TURN *** [9h 7s 3h] [Ah]
Naxxxxo: checks 
dsrowqf: bets $0.75
Naxxxxo: folds 
Uncalled bet ($0.75) returned to dsrowqf
dsrowqf collected $0.60 from pot
dsrowqf: doesn't show hand 
*** SUMMARY ***
Total pot $0.60 | Rake $0 
Board [9h 7s 3h Ah]
Seat 1: dsrowqf collected ($0.60)
Seat 2: EREDAYHUSLIN folded before Flop (didn't bet)
Seat 3: bignubs folded before Flop (didn't bet)
Seat 4: Alameda22 folded before Flop (didn't bet)
Seat 5: PIYMFD (button) folded before Flop (didn't bet)
Seat 7: mrmelee (small blind) folded before Flop
Seat 8: Naxxxxo (big blind) folded on the Turn
Seat 9: hsGabriel folded before Flop (didn't bet)



PokerStars Game #19923147665:  Hold'em No Limit ($0.10/$0.25) - 2008/08/26 - 19:27:29 (ET)
Table 'Bolyai' 9-max Seat #7 is the button
Seat 1: dsrowqf ($25.55 in chips) 
Seat 2: EREDAYHUSLIN ($13.50 in chips) 
Seat 3: bignubs ($18.45 in chips) 
Seat 4: Alameda22 ($43.40 in chips) 
Seat 5: PIYMFD ($25.60 in chips) 
Seat 7: mrmelee ($26.35 in chips) 
Seat 8: Naxxxxo ($23 in chips) 
Seat 9: hsGabriel ($47.70 in chips) 
Naxxxxo: posts small blind $0.10
hsGabriel: posts big blind $0.25
*** HOLE CARDS ***
Dealt to Alameda22 [4d As]
dsrowqf: folds 
EREDAYHUSLIN: folds 
bignubs: folds 
Alameda22: folds 
PIYMFD: raises $0.75 to $1
mrmelee: calls $1
Naxxxxo: folds 
hsGabriel: folds 
*** FLOP *** [Jc Kh 9s]
PIYMFD: bets $2
dsrowqf leaves the table
mrmelee: folds 
Uncalled bet ($2) returned to PIYMFD
PIYMFD collected $2.25 from pot
PIYMFD: doesn't show hand 
*** SUMMARY ***
Total pot $2.35 | Rake $0.10 
Board [Jc Kh 9s]
Seat 1: dsrowqf folded before Flop (didn't bet)
Seat 2: EREDAYHUSLIN folded before Flop (didn't bet)
Seat 3: bignubs folded before Flop (didn't bet)
Seat 4: Alameda22 folded before Flop (didn't bet)
Seat 5: PIYMFD collected ($2.25)
Seat 7: mrmelee (button) folded on the Flop
Seat 8: Naxxxxo (small blind) folded before Flop
Seat 9: hsGabriel (big blind) folded before Flop



PokerStars Game #19923166733:  Hold'em No Limit ($0.10/$0.25) - 2008/08/26 - 19:28:21 (ET)
Table 'Bolyai' 9-max Seat #8 is the button
Seat 2: EREDAYHUSLIN ($13.50 in chips) 
Seat 3: bignubs ($18.45 in chips) 
Seat 4: Alameda22 ($43.40 in chips) 
Seat 5: PIYMFD ($26.85 in chips) 
Seat 7: mrmelee ($25.35 in chips) 
Seat 8: Naxxxxo ($22.90 in chips) 
Seat 9: hsGabriel ($47.45 in chips) 
hsGabriel: posts small blind $0.10
EREDAYHUSLIN: posts big blind $0.25
*** HOLE CARDS ***
Dealt to Alameda22 [Ac 5c]
bignubs: folds 
Alameda22: folds 
joe dca joins the table at seat #6 
PIYMFD: folds 
mrmelee: raises $0.75 to $1
Naxxxxo: folds 
hsGabriel: folds 
EREDAYHUSLIN: folds 
Uncalled bet ($0.75) returned to mrmelee
mrmelee collected $0.60 from pot
mrmelee: doesn't show hand 
*** SUMMARY ***
Total pot $0.60 | Rake $0 
Seat 2: EREDAYHUSLIN (big blind) folded before Flop
Seat 3: bignubs folded before Flop (didn't bet)
Seat 4: Alameda22 folded before Flop (didn't bet)
Seat 5: PIYMFD folded before Flop (didn't bet)
Seat 7: mrmelee collected ($0.60)
Seat 8: Naxxxxo (button) folded before Flop (didn't bet)
Seat 9: hsGabriel (small blind) folded before Flop



PokerStars Game #19923178715:  Hold'em No Limit ($0.10/$0.25) - 2008/08/26 - 19:28:54 (ET)
Table 'Bolyai' 9-max Seat #9 is the button
Seat 2: EREDAYHUSLIN ($13.25 in chips) 
Seat 3: bignubs ($18.45 in chips) 
Seat 4: Alameda22 ($43.40 in chips) 
Seat 5: PIYMFD ($26.85 in chips) 
Seat 6: joe dca ($15 in chips) 
Seat 7: mrmelee ($25.70 in chips) 
Seat 8: Naxxxxo ($22.90 in chips) 
Seat 9: hsGabriel ($47.35 in chips) 
EREDAYHUSLIN: posts small blind $0.10
bignubs: posts big blind $0.25
joe dca: posts big blind $0.25
*** HOLE CARDS ***
Dealt to Alameda22 [Td 6s]
Alameda22: folds 
PIYMFD: folds 
joe dca: checks 
mrmelee: folds 
Naxxxxo: folds 
hsGabriel: raises $0.50 to $0.75
EREDAYHUSLIN: folds 
bignubs: folds 
joe dca: calls $0.50
*** FLOP *** [As 4h 9s]
joe dca: checks 
hsGabriel: bets $0.75
joe dca: folds 
Uncalled bet ($0.75) returned to hsGabriel
hsGabriel collected $1.80 from pot
*** SUMMARY ***
Total pot $1.85 | Rake $0.05 
Board [As 4h 9s]
Seat 2: EREDAYHUSLIN (small blind) folded before Flop
Seat 3: bignubs (big blind) folded before Flop
Seat 4: Alameda22 folded before Flop (didn't bet)
Seat 5: PIYMFD folded before Flop (didn't bet)
Seat 6: joe dca folded on the Flop
Seat 7: mrmelee folded before Flop (didn't bet)
Seat 8: Naxxxxo folded before Flop (didn't bet)
Seat 9: hsGabriel (button) collected ($1.80)



PokerStars Game #19923194335:  Hold'em No Limit ($0.10/$0.25) - 2008/08/26 - 19:29:37 (ET)
Table 'Bolyai' 9-max Seat #2 is the button
Seat 2: EREDAYHUSLIN ($13.15 in chips) 
Seat 3: bignubs ($18.20 in chips) 
Seat 4: Alameda22 ($43.40 in chips) 
Seat 5: PIYMFD ($26.85 in chips) 
Seat 6: joe dca ($14.25 in chips) 
Seat 7: mrmelee ($25.70 in chips) 
Seat 8: Naxxxxo ($22.90 in chips) 
Seat 9: hsGabriel ($48.40 in chips) 
bignubs: posts small blind $0.10
Alameda22: posts big blind $0.25
*** HOLE CARDS ***
Dealt to Alameda22 [9d 7h]
PIYMFD: folds 
joe dca: calls $0.25
mrmelee: folds 
Naxxxxo: folds 
hsGabriel: calls $0.25
EREDAYHUSLIN: folds 
Askare joins the table at seat #1 
bignubs: folds 
Alameda22: checks 
*** FLOP *** [Ks 9s 2c]
Alameda22: checks 
joe dca: checks 
hsGabriel: checks 
*** TURN *** [Ks 9s 2c] [6c]
Alameda22: checks 
joe dca: checks 
hsGabriel: checks 
*** RIVER *** [Ks 9s 2c 6c] [2h]
Alameda22: checks 
joe dca: checks 
hsGabriel: checks 
*** SHOW DOWN ***
Alameda22: shows [9d 7h] (two pair, Nines and Deuces)
joe dca: mucks hand 
hsGabriel: mucks hand 
Alameda22 collected $0.85 from pot
*** SUMMARY ***
Total pot $0.85 | Rake $0 
Board [Ks 9s 2c 6c 2h]
Seat 2: EREDAYHUSLIN (button) folded before Flop (didn't bet)
Seat 3: bignubs (small blind) folded before Flop
Seat 4: Alameda22 (big blind) showed [9d 7h] and won ($0.85) with two pair, Nines and Deuces
Seat 5: PIYMFD folded before Flop (didn't bet)
Seat 6: joe dca mucked [Qh 4h]
Seat 7: mrmelee folded before Flop (didn't bet)
Seat 8: Naxxxxo folded before Flop (didn't bet)
Seat 9: hsGabriel mucked [5d 8d]



PokerStars Game #19923216393:  Hold'em No Limit ($0.10/$0.25) - 2008/08/26 - 19:30:37 (ET)
Table 'Bolyai' 9-max Seat #3 is the button
Seat 2: EREDAYHUSLIN ($13.15 in chips) 
Seat 3: bignubs ($18.10 in chips) 
Seat 4: Alameda22 ($44 in chips) 
Seat 5: PIYMFD ($26.85 in chips) 
Seat 6: joe dca ($14 in chips) 
Seat 7: mrmelee ($25.70 in chips) 
Seat 8: Naxxxxo ($22.90 in chips) 
Seat 9: hsGabriel ($48.15 in chips) 
Alameda22: posts small blind $0.10
PIYMFD: posts big blind $0.25
Askare: sits out 
*** HOLE CARDS ***
Dealt to Alameda22 [7h 7d]
joe dca: folds 
mrmelee: folds 
Naxxxxo: folds 
hsGabriel: folds 
EREDAYHUSLIN: folds 
bignubs: folds 
Alameda22: calls $0.15
PIYMFD: checks 
*** FLOP *** [5d 2d 9s]
Alameda22: bets $0.25
PIYMFD: folds 
Uncalled bet ($0.25) returned to Alameda22
Alameda22 collected $0.50 from pot
Alameda22: doesn't show hand 
*** SUMMARY ***
Total pot $0.50 | Rake $0 
Board [5d 2d 9s]
Seat 2: EREDAYHUSLIN folded before Flop (didn't bet)
Seat 3: bignubs (button) folded before Flop (didn't bet)
Seat 4: Alameda22 (small blind) collected ($0.50)
Seat 5: PIYMFD (big blind) folded on the Flop
Seat 6: joe dca folded before Flop (didn't bet)
Seat 7: mrmelee folded before Flop (didn't bet)
Seat 8: Naxxxxo folded before Flop (didn't bet)
Seat 9: hsGabriel folded before Flop (didn't bet)



PokerStars Game #19923235285:  Hold'em No Limit ($0.10/$0.25) - 2008/08/26 - 19:31:27 (ET)
Table 'Bolyai' 9-max Seat #4 is the button
Seat 2: EREDAYHUSLIN ($13.15 in chips) 
Seat 3: bignubs ($18.10 in chips) 
Seat 4: Alameda22 ($44.25 in chips) 
Seat 5: PIYMFD ($26.60 in chips) 
Seat 6: joe dca ($14 in chips) 
Seat 7: mrmelee ($25.70 in chips) 
Seat 8: Naxxxxo ($22.90 in chips) 
Seat 9: hsGabriel ($48.15 in chips) 
PIYMFD: posts small blind $0.10
joe dca: posts big blind $0.25
Askare: sits out 
*** HOLE CARDS ***
Dealt to Alameda22 [2d Ad]
mrmelee: folds 
Naxxxxo: folds 
hsGabriel: folds 
EREDAYHUSLIN: folds 
bignubs: folds 
Alameda22: folds 
PIYMFD: folds 
Uncalled bet ($0.15) returned to joe dca
joe dca collected $0.20 from pot
*** SUMMARY ***
Total pot $0.20 | Rake $0 
Seat 2: EREDAYHUSLIN folded before Flop (didn't bet)
Seat 3: bignubs folded before Flop (didn't bet)
Seat 4: Alameda22 (button) folded before Flop (didn't bet)
Seat 5: PIYMFD (small blind) folded before Flop
Seat 6: joe dca (big blind) collected ($0.20)
Seat 7: mrmelee folded before Flop (didn't bet)
Seat 8: Naxxxxo folded before Flop (didn't bet)
Seat 9: hsGabriel folded before Flop (didn't bet)



PokerStars Game #19923244536:  Hold'em No Limit ($0.10/$0.25) - 2008/08/26 - 19:31:52 (ET)
Table 'Bolyai' 9-max Seat #5 is the button
Seat 2: EREDAYHUSLIN ($13.15 in chips) 
Seat 3: bignubs ($18.10 in chips) 
Seat 4: Alameda22 ($44.25 in chips) 
Seat 5: PIYMFD ($26.50 in chips) 
Seat 6: joe dca ($14.10 in chips) 
Seat 7: mrmelee ($25.70 in chips) 
Seat 8: Naxxxxo ($22.90 in chips) 
Seat 9: hsGabriel ($48.15 in chips) 
joe dca: posts small blind $0.10
mrmelee: posts big blind $0.25
Askare: sits out 
*** HOLE CARDS ***
Dealt to Alameda22 [Js Ts]
Naxxxxo: raises $0.75 to $1
hsGabriel: folds 
EREDAYHUSLIN: folds 
bignubs: folds 
Alameda22: calls $1
PIYMFD: folds 
joe dca: folds 
mrmelee: folds 
*** FLOP *** [6d 8h Jd]
Naxxxxo: bets $1.25
Alameda22: raises $2.50 to $3.75
Naxxxxo: calls $2.50
*** TURN *** [6d 8h Jd] [Kh]
Naxxxxo: checks 
Alameda22: checks 
*** RIVER *** [6d 8h Jd Kh] [6c]
Naxxxxo: bets $5
Alameda22: calls $5
*** SHOW DOWN ***
Naxxxxo: shows [Kc Jc] (two pair, Kings and Jacks)
Alameda22: mucks hand 
Naxxxxo collected $18.90 from pot
*** SUMMARY ***
Total pot $19.85 | Rake $0.95 
Board [6d 8h Jd Kh 6c]
Seat 2: EREDAYHUSLIN folded before Flop (didn't bet)
Seat 3: bignubs folded before Flop (didn't bet)
Seat 4: Alameda22 mucked [Js Ts]
Seat 5: PIYMFD (button) folded before Flop (didn't bet)
Seat 6: joe dca (small blind) folded before Flop
Seat 7: mrmelee (big blind) folded before Flop
Seat 8: Naxxxxo showed [Kc Jc] and won ($18.90) with two pair, Kings and Jacks
Seat 9: hsGabriel folded before Flop (didn't bet)



PokerStars Game #19923288384:  Hold'em No Limit ($0.10/$0.25) - 2008/08/26 - 19:33:51 (ET)
Table 'Bolyai' 9-max Seat #6 is the button
Seat 2: EREDAYHUSLIN ($13.15 in chips) 
Seat 3: bignubs ($18.10 in chips) 
Seat 4: Alameda22 ($34.50 in chips) 
Seat 5: PIYMFD ($26.50 in chips) 
Seat 6: joe dca ($14 in chips) 
Seat 7: mrmelee ($25.45 in chips) 
Seat 8: Naxxxxo ($32.05 in chips) 
Seat 9: hsGabriel ($48.15 in chips) 
mrmelee: posts small blind $0.10
Naxxxxo: posts big blind $0.25
Askare: sits out 
*** HOLE CARDS ***
Dealt to Alameda22 [Qd 8h]
hsGabriel: folds 
EREDAYHUSLIN: folds 
bignubs: folds 
Alameda22: folds 
PIYMFD: raises $0.75 to $1
joe dca: folds 
mrmelee: folds 
Naxxxxo: calls $0.75
*** FLOP *** [Td 4s Kd]
Naxxxxo: checks 
PIYMFD: bets $1.50
Naxxxxo: calls $1.50
*** TURN *** [Td 4s Kd] [6h]
Naxxxxo: checks 
PIYMFD: checks 
*** RIVER *** [Td 4s Kd 6h] [3c]
Naxxxxo: checks 
PIYMFD: checks 
*** SHOW DOWN ***
Naxxxxo: shows [Ah Jc] (high card Ace)
PIYMFD: mucks hand 
Naxxxxo collected $4.85 from pot
*** SUMMARY ***
Total pot $5.10 | Rake $0.25 
Board [Td 4s Kd 6h 3c]
Seat 2: EREDAYHUSLIN folded before Flop (didn't bet)
Seat 3: bignubs folded before Flop (didn't bet)
Seat 4: Alameda22 folded before Flop (didn't bet)
Seat 5: PIYMFD mucked [9s As]
Seat 6: joe dca (button) folded before Flop (didn't bet)
Seat 7: mrmelee (small blind) folded before Flop
Seat 8: Naxxxxo (big blind) showed [Ah Jc] and won ($4.85) with high card Ace
Seat 9: hsGabriel folded before Flop (didn't bet)



PokerStars Game #19923314902:  Hold'em No Limit ($0.10/$0.25) - 2008/08/26 - 19:35:02 (ET)
Table 'Bolyai' 9-max Seat #7 is the button
Seat 2: EREDAYHUSLIN ($13.15 in chips) 
Seat 3: bignubs ($18.10 in chips) 
Seat 4: Alameda22 ($34.50 in chips) 
Seat 5: PIYMFD ($25 in chips) 
Seat 6: joe dca ($14 in chips) 
Seat 7: mrmelee ($25.35 in chips) 
Seat 8: Naxxxxo ($34.40 in chips) 
Seat 9: hsGabriel ($48.15 in chips) 
Naxxxxo: posts small blind $0.10
hsGabriel: posts big blind $0.25
Askare: sits out 
*** HOLE CARDS ***
Dealt to Alameda22 [As Ks]
EREDAYHUSLIN: folds 
bignubs: folds 
Alameda22: raises $0.50 to $0.75
PIYMFD: folds 
joe dca: calls $0.75
mrmelee: folds 
Naxxxxo: folds 
hsGabriel: folds 
*** FLOP *** [6c 3s 9h]
Alameda22: bets $1.25
joe dca: calls $1.25
*** TURN *** [6c 3s 9h] [8c]
Alameda22: checks 
joe dca: checks 
*** RIVER *** [6c 3s 9h 8c] [5d]
Alameda22: checks 
joe dca: checks 
*** SHOW DOWN ***
Alameda22: shows [As Ks] (high card Ace)
joe dca: shows [Js 9s] (a pair of Nines)
joe dca collected $4.15 from pot
*** SUMMARY ***
Total pot $4.35 | Rake $0.20 
Board [6c 3s 9h 8c 5d]
Seat 2: EREDAYHUSLIN folded before Flop (didn't bet)
Seat 3: bignubs folded before Flop (didn't bet)
Seat 4: Alameda22 showed [As Ks] and lost with high card Ace
Seat 5: PIYMFD folded before Flop (didn't bet)
Seat 6: joe dca showed [Js 9s] and won ($4.15) with a pair of Nines
Seat 7: mrmelee (button) folded before Flop (didn't bet)
Seat 8: Naxxxxo (small blind) folded before Flop
Seat 9: hsGabriel (big blind) folded before Flop



PokerStars Game #19923331220:  Hold'em No Limit ($0.10/$0.25) - 2008/08/26 - 19:35:47 (ET)
Table 'Bolyai' 9-max Seat #8 is the button
Seat 1: Askare ($15 in chips) 
Seat 2: EREDAYHUSLIN ($13.15 in chips) 
Seat 3: bignubs ($18.10 in chips) 
Seat 4: Alameda22 ($32.50 in chips) 
Seat 5: PIYMFD ($25 in chips) 
Seat 6: joe dca ($16.15 in chips) 
Seat 7: mrmelee ($25.35 in chips) 
Seat 8: Naxxxxo ($34.30 in chips) 
Seat 9: hsGabriel ($47.90 in chips) 
hsGabriel: posts small blind $0.10
Askare: posts big blind $0.25
*** HOLE CARDS ***
Dealt to Alameda22 [2s Qd]
EREDAYHUSLIN: folds 
bignubs: folds 
Alameda22: folds 
PIYMFD: folds 
joe dca: calls $0.25
mrmelee: raises $1 to $1.25
Naxxxxo: folds 
hsGabriel: folds 
Askare: folds 
joe dca: calls $1
*** FLOP *** [9h As 5s]
joe dca: checks 
mrmelee: bets $1.50
joe dca: folds 
Uncalled bet ($1.50) returned to mrmelee
mrmelee collected $2.75 from pot
*** SUMMARY ***
Total pot $2.85 | Rake $0.10 
Board [9h As 5s]
Seat 1: Askare (big blind) folded before Flop
Seat 2: EREDAYHUSLIN folded before Flop (didn't bet)
Seat 3: bignubs folded before Flop (didn't bet)
Seat 4: Alameda22 folded before Flop (didn't bet)
Seat 5: PIYMFD folded before Flop (didn't bet)
Seat 6: joe dca folded on the Flop
Seat 7: mrmelee collected ($2.75)
Seat 8: Naxxxxo (button) folded before Flop (didn't bet)
Seat 9: hsGabriel (small blind) folded before Flop



PokerStars Game #19923352246:  Hold'em No Limit ($0.10/$0.25) - 2008/08/26 - 19:36:44 (ET)
Table 'Bolyai' 9-max Seat #9 is the button
Seat 1: Askare ($14.75 in chips) 
Seat 2: EREDAYHUSLIN ($13.15 in chips) 
Seat 3: bignubs ($18.10 in chips) 
Seat 4: Alameda22 ($32.50 in chips) 
Seat 5: PIYMFD ($25 in chips) 
Seat 6: joe dca ($14.90 in chips) 
Seat 7: mrmelee ($26.85 in chips) 
Seat 8: Naxxxxo ($34.30 in chips) 
Seat 9: hsGabriel ($47.80 in chips) 
Askare: posts small blind $0.10
EREDAYHUSLIN: posts big blind $0.25
*** HOLE CARDS ***
Dealt to Alameda22 [5s 4d]
bignubs: folds 
Alameda22: folds 
PIYMFD: folds 
joe dca: folds 
mrmelee: folds 
Naxxxxo: folds 
hsGabriel: calls $0.25
Askare: calls $0.15
EREDAYHUSLIN: checks 
*** FLOP *** [Td 3d 6h]
Askare: checks 
EREDAYHUSLIN: checks 
hsGabriel: bets $0.50
Askare: folds 
EREDAYHUSLIN: folds 
Uncalled bet ($0.50) returned to hsGabriel
hsGabriel collected $0.75 from pot
*** SUMMARY ***
Total pot $0.75 | Rake $0 
Board [Td 3d 6h]
Seat 1: Askare (small blind) folded on the Flop
Seat 2: EREDAYHUSLIN (big blind) folded on the Flop
Seat 3: bignubs folded before Flop (didn't bet)
Seat 4: Alameda22 folded before Flop (didn't bet)
Seat 5: PIYMFD folded before Flop (didn't bet)
Seat 6: joe dca folded before Flop (didn't bet)
Seat 7: mrmelee folded before Flop (didn't bet)
Seat 8: Naxxxxo folded before Flop (didn't bet)
Seat 9: hsGabriel (button) collected ($0.75)



PokerStars Game #19923372779:  Hold'em No Limit ($0.10/$0.25) - 2008/08/26 - 19:37:40 (ET)
Table 'Bolyai' 9-max Seat #1 is the button
Seat 1: Askare ($14.50 in chips) 
Seat 2: EREDAYHUSLIN ($12.90 in chips) 
Seat 3: bignubs ($18.10 in chips) 
Seat 4: Alameda22 ($32.50 in chips) 
Seat 5: PIYMFD ($25 in chips) 
Seat 6: joe dca ($14.90 in chips) 
Seat 7: mrmelee ($26.85 in chips) 
Seat 8: Naxxxxo ($34.30 in chips) 
Seat 9: hsGabriel ($48.30 in chips) 
EREDAYHUSLIN: posts small blind $0.10
bignubs: posts big blind $0.25
*** HOLE CARDS ***
Dealt to Alameda22 [9h 5d]
Alameda22: folds 
PIYMFD: folds 
joe dca: folds 
mrmelee: folds 
Naxxxxo: raises $0.75 to $1
hsGabriel: folds 
Askare: folds 
EREDAYHUSLIN: folds 
bignubs: folds 
Uncalled bet ($0.75) returned to Naxxxxo
Naxxxxo collected $0.60 from pot
Naxxxxo: doesn't show hand 
*** SUMMARY ***
Total pot $0.60 | Rake $0 
Seat 1: Askare (button) folded before Flop (didn't bet)
Seat 2: EREDAYHUSLIN (small blind) folded before Flop
Seat 3: bignubs (big blind) folded before Flop
Seat 4: Alameda22 folded before Flop (didn't bet)
Seat 5: PIYMFD folded before Flop (didn't bet)
Seat 6: joe dca folded before Flop (didn't bet)
Seat 7: mrmelee folded before Flop (didn't bet)
Seat 8: Naxxxxo collected ($0.60)
Seat 9: hsGabriel folded before Flop (didn't bet)



PokerStars Game #19923381246:  Hold'em No Limit ($0.10/$0.25) - 2008/08/26 - 19:38:03 (ET)
Table 'Bolyai' 9-max Seat #2 is the button
Seat 1: Askare ($14.50 in chips) 
Seat 2: EREDAYHUSLIN ($12.80 in chips) 
Seat 3: bignubs ($17.85 in chips) 
Seat 4: Alameda22 ($32.50 in chips) 
Seat 5: PIYMFD ($25 in chips) 
Seat 6: joe dca ($14.90 in chips) 
Seat 7: mrmelee ($26.85 in chips) 
Seat 8: Naxxxxo ($34.65 in chips) 
Seat 9: hsGabriel ($48.30 in chips) 
bignubs: posts small blind $0.10
Alameda22: posts big blind $0.25
*** HOLE CARDS ***
Dealt to Alameda22 [7h 8d]
PIYMFD: folds 
joe dca: folds 
mrmelee: folds 
Naxxxxo: folds 
hsGabriel: calls $0.25
Askare: folds 
EREDAYHUSLIN: folds 
bignubs: folds 
Alameda22: checks 
*** FLOP *** [Th 4d Js]
Alameda22: checks 
hsGabriel: bets $0.75
Alameda22: folds 
Uncalled bet ($0.75) returned to hsGabriel
hsGabriel collected $0.60 from pot
hsGabriel: doesn't show hand 
*** SUMMARY ***
Total pot $0.60 | Rake $0 
Board [Th 4d Js]
Seat 1: Askare folded before Flop (didn't bet)
Seat 2: EREDAYHUSLIN (button) folded before Flop (didn't bet)
Seat 3: bignubs (small blind) folded before Flop
Seat 4: Alameda22 (big blind) folded on the Flop
Seat 5: PIYMFD folded before Flop (didn't bet)
Seat 6: joe dca folded before Flop (didn't bet)
Seat 7: mrmelee folded before Flop (didn't bet)
Seat 8: Naxxxxo folded before Flop (didn't bet)
Seat 9: hsGabriel collected ($0.60)



PokerStars Game #19923401201:  Hold'em No Limit ($0.10/$0.25) - 2008/08/26 - 19:38:58 (ET)
Table 'Bolyai' 9-max Seat #3 is the button
Seat 1: Askare ($14.50 in chips) 
Seat 2: EREDAYHUSLIN ($12.80 in chips) 
Seat 3: bignubs ($17.75 in chips) 
Seat 4: Alameda22 ($32.25 in chips) 
Seat 5: PIYMFD ($25 in chips) 
Seat 6: joe dca ($14.90 in chips) 
Seat 7: mrmelee ($26.85 in chips) 
Seat 8: Naxxxxo ($34.65 in chips) 
Seat 9: hsGabriel ($48.65 in chips) 
Alameda22: posts small blind $0.10
PIYMFD: posts big blind $0.25
*** HOLE CARDS ***
Dealt to Alameda22 [6s 4s]
joe dca: calls $0.25
mrmelee: folds 
Naxxxxo: folds 
hsGabriel: folds 
Askare: folds 
EREDAYHUSLIN: folds 
bignubs: folds 
Alameda22: calls $0.15
PIYMFD: checks 
*** FLOP *** [7d 7s 2h]
Alameda22: checks 
PIYMFD: checks 
joe dca: bets $0.25
Alameda22: folds 
PIYMFD: folds 
Uncalled bet ($0.25) returned to joe dca
joe dca collected $0.75 from pot
*** SUMMARY ***
Total pot $0.75 | Rake $0 
Board [7d 7s 2h]
Seat 1: Askare folded before Flop (didn't bet)
Seat 2: EREDAYHUSLIN folded before Flop (didn't bet)
Seat 3: bignubs (button) folded before Flop (didn't bet)
Seat 4: Alameda22 (small blind) folded on the Flop
Seat 5: PIYMFD (big blind) folded on the Flop
Seat 6: joe dca collected ($0.75)
Seat 7: mrmelee folded before Flop (didn't bet)
Seat 8: Naxxxxo folded before Flop (didn't bet)
Seat 9: hsGabriel folded before Flop (didn't bet)



PokerStars Game #19923424923:  Hold'em No Limit ($0.10/$0.25) - 2008/08/26 - 19:40:01 (ET)
Table 'Bolyai' 9-max Seat #4 is the button
Seat 1: Askare ($14.50 in chips) 
Seat 2: EREDAYHUSLIN ($12.80 in chips) 
Seat 3: bignubs ($17.75 in chips) 
Seat 4: Alameda22 ($32 in chips) 
Seat 5: PIYMFD ($24.75 in chips) 
Seat 6: joe dca ($15.40 in chips) 
Seat 7: mrmelee ($26.85 in chips) 
Seat 8: Naxxxxo ($34.65 in chips) 
Seat 9: hsGabriel ($48.65 in chips) 
PIYMFD: posts small blind $0.10
joe dca: posts big blind $0.25
*** HOLE CARDS ***
Dealt to Alameda22 [5h 6c]
mrmelee: folds 
Naxxxxo: folds 
hsGabriel: calls $0.25
Askare: folds 
EREDAYHUSLIN: folds 
bignubs: calls $0.25
Alameda22: folds 
PIYMFD: calls $0.15
joe dca: checks 
*** FLOP *** [3c Jc 3d]
PIYMFD: checks 
joe dca: checks 
hsGabriel: checks 
bignubs: checks 
*** TURN *** [3c Jc 3d] [9s]
PIYMFD: checks 
joe dca: checks 
hsGabriel: checks 
bignubs: checks 
*** RIVER *** [3c Jc 3d 9s] [Qc]
PIYMFD: checks 
joe dca: checks 
hsGabriel: checks 
bignubs: checks 
*** SHOW DOWN ***
PIYMFD: shows [Td Ad] (a pair of Threes)
joe dca: shows [4c 9d] (two pair, Nines and Threes)
hsGabriel: shows [9h Th] (two pair, Nines and Threes)
bignubs: mucks hand 
joe dca collected $0.50 from pot
hsGabriel collected $0.45 from pot
*** SUMMARY ***
Total pot $1 | Rake $0.05 
Board [3c Jc 3d 9s Qc]
Seat 1: Askare folded before Flop (didn't bet)
Seat 2: EREDAYHUSLIN folded before Flop (didn't bet)
Seat 3: bignubs mucked [8d 8h]
Seat 4: Alameda22 (button) folded before Flop (didn't bet)
Seat 5: PIYMFD (small blind) showed [Td Ad] and lost with a pair of Threes
Seat 6: joe dca (big blind) showed [4c 9d] and won ($0.50) with two pair, Nines and Threes
Seat 7: mrmelee folded before Flop (didn't bet)
Seat 8: Naxxxxo folded before Flop (didn't bet)
Seat 9: hsGabriel showed [9h Th] and won ($0.45) with two pair, Nines and Threes



PokerStars Game #19923457096:  Hold'em No Limit ($0.10/$0.25) - 2008/08/26 - 19:41:28 (ET)
Table 'Bolyai' 9-max Seat #5 is the button
Seat 1: Askare ($14.50 in chips) 
Seat 2: EREDAYHUSLIN ($12.80 in chips) 
Seat 3: bignubs ($17.50 in chips) 
Seat 4: Alameda22 ($32 in chips) 
Seat 5: PIYMFD ($24.50 in chips) 
Seat 6: joe dca ($15.65 in chips) 
Seat 7: mrmelee ($26.85 in chips) 
Seat 8: Naxxxxo ($34.65 in chips) 
Seat 9: hsGabriel ($48.85 in chips) 
joe dca: posts small blind $0.10
mrmelee: posts big blind $0.25
*** HOLE CARDS ***
Dealt to Alameda22 [4d 6s]
Naxxxxo: folds 
hsGabriel: folds 
Askare: folds 
EREDAYHUSLIN: raises $0.75 to $1
bignubs: folds 
Alameda22: folds 
PIYMFD: folds 
joe dca: calls $0.90
mrmelee: calls $0.75
*** FLOP *** [Tc Jd Jc]
joe dca: checks 
mrmelee: checks 
EREDAYHUSLIN: checks 
*** TURN *** [Tc Jd Jc] [Ks]
joe dca: checks 
mrmelee: checks 
EREDAYHUSLIN: bets $0.75
joe dca: calls $0.75
mrmelee: calls $0.75
*** RIVER *** [Tc Jd Jc Ks] [7s]
joe dca: checks 
mrmelee: checks 
EREDAYHUSLIN: checks 
*** SHOW DOWN ***
joe dca: shows [Th Ac] (two pair, Jacks and Tens)
mrmelee: mucks hand 
EREDAYHUSLIN: shows [As Kd] (two pair, Kings and Jacks)
EREDAYHUSLIN collected $5 from pot
*** SUMMARY ***
Total pot $5.25 | Rake $0.25 
Board [Tc Jd Jc Ks 7s]
Seat 1: Askare folded before Flop (didn't bet)
Seat 2: EREDAYHUSLIN showed [As Kd] and won ($5) with two pair, Kings and Jacks
Seat 3: bignubs folded before Flop (didn't bet)
Seat 4: Alameda22 folded before Flop (didn't bet)
Seat 5: PIYMFD (button) folded before Flop (didn't bet)
Seat 6: joe dca (small blind) showed [Th Ac] and lost with two pair, Jacks and Tens
Seat 7: mrmelee (big blind) mucked [7c 6c]
Seat 8: Naxxxxo folded before Flop (didn't bet)
Seat 9: hsGabriel folded before Flop (didn't bet)



PokerStars Game #19923487543:  Hold'em No Limit ($0.10/$0.25) - 2008/08/26 - 19:42:50 (ET)
Table 'Bolyai' 9-max Seat #6 is the button
Seat 1: Askare ($14.50 in chips) 
Seat 2: EREDAYHUSLIN ($16.05 in chips) 
Seat 3: bignubs ($17.50 in chips) 
Seat 4: Alameda22 ($32 in chips) 
Seat 5: PIYMFD ($24.50 in chips) 
Seat 6: joe dca ($13.90 in chips) 
Seat 7: mrmelee ($25.10 in chips) 
Seat 8: Naxxxxo ($34.65 in chips) 
Seat 9: hsGabriel ($48.85 in chips) 
mrmelee: posts small blind $0.10
Naxxxxo: posts big blind $0.25
*** HOLE CARDS ***
Dealt to Alameda22 [4s 2h]
hsGabriel: calls $0.25
Askare: folds 
EREDAYHUSLIN: folds 
bignubs: folds 
Alameda22: folds 
PIYMFD: folds 
joe dca: folds 
mrmelee: folds 
Naxxxxo: checks 
*** FLOP *** [8s 4c Ac]
Naxxxxo: checks 
hsGabriel: checks 
*** TURN *** [8s 4c Ac] [Ks]
Naxxxxo: bets $0.50
hsGabriel: folds 
Uncalled bet ($0.50) returned to Naxxxxo
Naxxxxo collected $0.60 from pot
Naxxxxo: doesn't show hand 
*** SUMMARY ***
Total pot $0.60 | Rake $0 
Board [8s 4c Ac Ks]
Seat 1: Askare folded before Flop (didn't bet)
Seat 2: EREDAYHUSLIN folded before Flop (didn't bet)
Seat 3: bignubs folded before Flop (didn't bet)
Seat 4: Alameda22 folded before Flop (didn't bet)
Seat 5: PIYMFD folded before Flop (didn't bet)
Seat 6: joe dca (button) folded before Flop (didn't bet)
Seat 7: mrmelee (small blind) folded before Flop
Seat 8: Naxxxxo (big blind) collected ($0.60)
Seat 9: hsGabriel folded on the Turn



PokerStars Game #19923515896:  Hold'em No Limit ($0.10/$0.25) - 2008/08/26 - 19:44:06 (ET)
Table 'Bolyai' 9-max Seat #7 is the button
Seat 1: Askare ($14.50 in chips) 
Seat 2: EREDAYHUSLIN ($16.05 in chips) 
Seat 3: bignubs ($17.50 in chips) 
Seat 4: Alameda22 ($32 in chips) 
Seat 5: PIYMFD ($24.50 in chips) 
Seat 6: joe dca ($13.90 in chips) 
Seat 7: mrmelee ($25 in chips) 
Seat 8: Naxxxxo ($35 in chips) 
Seat 9: hsGabriel ($48.60 in chips) 
Naxxxxo: posts small blind $0.10
hsGabriel: posts big blind $0.25
*** HOLE CARDS ***
Dealt to Alameda22 [5d 9d]
Askare: calls $0.25
EREDAYHUSLIN: folds 
bignubs: folds 
Alameda22: folds 
PIYMFD: raises $1 to $1.25
joe dca: folds 
mrmelee: calls $1.25
Naxxxxo: folds 
hsGabriel: folds 
Askare: calls $1
*** FLOP *** [Tc Js 4c]
Askare: checks 
PIYMFD: checks 
mrmelee: bets $2.50
Askare: folds 
PIYMFD: folds 
Uncalled bet ($2.50) returned to mrmelee
mrmelee collected $3.90 from pot
mrmelee: doesn't show hand 
*** SUMMARY ***
Total pot $4.10 | Rake $0.20 
Board [Tc Js 4c]
Seat 1: Askare folded on the Flop
Seat 2: EREDAYHUSLIN folded before Flop (didn't bet)
Seat 3: bignubs folded before Flop (didn't bet)
Seat 4: Alameda22 folded before Flop (didn't bet)
Seat 5: PIYMFD folded on the Flop
Seat 6: joe dca folded before Flop (didn't bet)
Seat 7: mrmelee (button) collected ($3.90)
Seat 8: Naxxxxo (small blind) folded before Flop
Seat 9: hsGabriel (big blind) folded before Flop



PokerStars Game #19923542589:  Hold'em No Limit ($0.10/$0.25) - 2008/08/26 - 19:45:18 (ET)
Table 'Bolyai' 9-max Seat #8 is the button
Seat 1: Askare ($13.25 in chips) 
Seat 2: EREDAYHUSLIN ($16.05 in chips) 
Seat 3: bignubs ($17.50 in chips) 
Seat 4: Alameda22 ($32 in chips) 
Seat 5: PIYMFD ($25 in chips) 
Seat 6: joe dca ($13.90 in chips) 
Seat 7: mrmelee ($27.65 in chips) 
Seat 8: Naxxxxo ($34.90 in chips) 
Seat 9: hsGabriel ($48.35 in chips) 
hsGabriel: posts small blind $0.10
Askare: posts big blind $0.25
*** HOLE CARDS ***
Dealt to Alameda22 [7c 7d]
EREDAYHUSLIN: folds 
bignubs: folds 
Alameda22: folds 
PIYMFD: raises $1.25 to $1.50
joe dca: calls $1.50
mrmelee: folds 
Naxxxxo: folds 
hsGabriel: folds 
Askare: folds 
*** FLOP *** [6d 9c 2h]
PIYMFD: bets $2
joe dca: folds 
Uncalled bet ($2) returned to PIYMFD
PIYMFD collected $3.20 from pot
PIYMFD: doesn't show hand 
*** SUMMARY ***
Total pot $3.35 | Rake $0.15 
Board [6d 9c 2h]
Seat 1: Askare (big blind) folded before Flop
Seat 2: EREDAYHUSLIN folded before Flop (didn't bet)
Seat 3: bignubs folded before Flop (didn't bet)
Seat 4: Alameda22 folded before Flop (didn't bet)
Seat 5: PIYMFD collected ($3.20)
Seat 6: joe dca folded on the Flop
Seat 7: mrmelee folded before Flop (didn't bet)
Seat 8: Naxxxxo (button) folded before Flop (didn't bet)
Seat 9: hsGabriel (small blind) folded before Flop



PokerStars Game #19923562261:  Hold'em No Limit ($0.10/$0.25) - 2008/08/26 - 19:46:10 (ET)
Table 'Bolyai' 9-max Seat #9 is the button
Seat 1: Askare ($13 in chips) 
Seat 2: EREDAYHUSLIN ($16.05 in chips) 
Seat 3: bignubs ($17.50 in chips) 
Seat 4: Alameda22 ($32 in chips) 
Seat 5: PIYMFD ($26.70 in chips) 
Seat 6: joe dca ($12.40 in chips) 
Seat 7: mrmelee ($27.65 in chips) 
Seat 8: Naxxxxo ($34.90 in chips) 
Seat 9: hsGabriel ($48.25 in chips) 
Askare: posts small blind $0.10
EREDAYHUSLIN: posts big blind $0.25
*** HOLE CARDS ***
Dealt to Alameda22 [9d Js]
bignubs: calls $0.25
Alameda22: folds 
PIYMFD: folds 
joe dca: calls $0.25
mrmelee: folds 
Naxxxxo: folds 
hsGabriel: folds 
Askare: calls $0.15
EREDAYHUSLIN: checks 
*** FLOP *** [Ts 9h 4s]
Askare: bets $0.75
EREDAYHUSLIN: folds 
bignubs: folds 
joe dca: calls $0.75
*** TURN *** [Ts 9h 4s] [Qd]
Askare: bets $1.25
joe dca: calls $1.25
*** RIVER *** [Ts 9h 4s Qd] [7s]
Askare: checks 
joe dca: bets $4.25
Askare: folds 
Uncalled bet ($4.25) returned to joe dca
joe dca collected $4.80 from pot
*** SUMMARY ***
Total pot $5 | Rake $0.20 
Board [Ts 9h 4s Qd 7s]
Seat 1: Askare (small blind) folded on the River
Seat 2: EREDAYHUSLIN (big blind) folded on the Flop
Seat 3: bignubs folded on the Flop
Seat 4: Alameda22 folded before Flop (didn't bet)
Seat 5: PIYMFD folded before Flop (didn't bet)
Seat 6: joe dca collected ($4.80)
Seat 7: mrmelee folded before Flop (didn't bet)
Seat 8: Naxxxxo folded before Flop (didn't bet)
Seat 9: hsGabriel (button) folded before Flop (didn't bet)



PokerStars Game #19923597496:  Hold'em No Limit ($0.10/$0.25) - 2008/08/26 - 19:47:45 (ET)
Table 'Bolyai' 9-max Seat #1 is the button
Seat 1: Askare ($10.75 in chips) 
Seat 2: EREDAYHUSLIN ($15.80 in chips) 
Seat 3: bignubs ($17.25 in chips) 
Seat 4: Alameda22 ($32 in chips) 
Seat 5: PIYMFD ($26.70 in chips) 
Seat 6: joe dca ($14.95 in chips) 
Seat 7: mrmelee ($27.65 in chips) 
Seat 8: Naxxxxo ($34.90 in chips) 
Seat 9: hsGabriel ($48.25 in chips) 
EREDAYHUSLIN: posts small blind $0.10
bignubs: posts big blind $0.25
*** HOLE CARDS ***
Dealt to Alameda22 [9s 8d]
Alameda22: folds 
PIYMFD: folds 
joe dca: calls $0.25
mrmelee: calls $0.25
Naxxxxo: folds 
hsGabriel: folds 
Askare: folds 
EREDAYHUSLIN: calls $0.15
bignubs: checks 
*** FLOP *** [2h Jd 8s]
EREDAYHUSLIN: checks 
bignubs: bets $0.50
joe dca: folds 
mrmelee: folds 
EREDAYHUSLIN: folds 
Uncalled bet ($0.50) returned to bignubs
bignubs collected $0.95 from pot
bignubs: doesn't show hand 
*** SUMMARY ***
Total pot $1 | Rake $0.05 
Board [2h Jd 8s]
Seat 1: Askare (button) folded before Flop (didn't bet)
Seat 2: EREDAYHUSLIN (small blind) folded on the Flop
Seat 3: bignubs (big blind) collected ($0.95)
Seat 4: Alameda22 folded before Flop (didn't bet)
Seat 5: PIYMFD folded before Flop (didn't bet)
Seat 6: joe dca folded on the Flop
Seat 7: mrmelee folded on the Flop
Seat 8: Naxxxxo folded before Flop (didn't bet)
Seat 9: hsGabriel folded before Flop (didn't bet)



PokerStars Game #19923615949:  Hold'em No Limit ($0.10/$0.25) - 2008/08/26 - 19:48:34 (ET)
Table 'Bolyai' 9-max Seat #2 is the button
Seat 1: Askare ($10.75 in chips) 
Seat 2: EREDAYHUSLIN ($15.55 in chips) 
Seat 3: bignubs ($17.95 in chips) 
Seat 4: Alameda22 ($32 in chips) 
Seat 5: PIYMFD ($26.70 in chips) 
Seat 6: joe dca ($14.70 in chips) 
Seat 7: mrmelee ($27.40 in chips) 
Seat 8: Naxxxxo ($34.90 in chips) 
Seat 9: hsGabriel ($48.25 in chips) 
bignubs: posts small blind $0.10
Alameda22: posts big blind $0.25
*** HOLE CARDS ***
Dealt to Alameda22 [3s 5c]
PIYMFD: folds 
joe dca: folds 
mrmelee: folds 
Naxxxxo: folds 
hsGabriel: raises $0.50 to $0.75
Askare: folds 
EREDAYHUSLIN: folds 
bignubs: calls $0.65
Alameda22: folds 
*** FLOP *** [As Qh Qc]
bignubs: checks 
hsGabriel: checks 
*** TURN *** [As Qh Qc] [3h]
bignubs: checks 
hsGabriel: bets $0.25
bignubs: folds 
Uncalled bet ($0.25) returned to hsGabriel
hsGabriel collected $1.70 from pot
*** SUMMARY ***
Total pot $1.75 | Rake $0.05 
Board [As Qh Qc 3h]
Seat 1: Askare folded before Flop (didn't bet)
Seat 2: EREDAYHUSLIN (button) folded before Flop (didn't bet)
Seat 3: bignubs (small blind) folded on the Turn
Seat 4: Alameda22 (big blind) folded before Flop
Seat 5: PIYMFD folded before Flop (didn't bet)
Seat 6: joe dca folded before Flop (didn't bet)
Seat 7: mrmelee folded before Flop (didn't bet)
Seat 8: Naxxxxo folded before Flop (didn't bet)
Seat 9: hsGabriel collected ($1.70)



PokerStars Game #19923633591:  Hold'em No Limit ($0.10/$0.25) - 2008/08/26 - 19:49:21 (ET)
Table 'Bolyai' 9-max Seat #3 is the button
Seat 1: Askare ($10.75 in chips) 
Seat 2: EREDAYHUSLIN ($15.55 in chips) 
Seat 3: bignubs ($17.20 in chips) 
Seat 4: Alameda22 ($31.75 in chips) 
Seat 5: PIYMFD ($26.70 in chips) 
Seat 6: joe dca ($14.70 in chips) 
Seat 7: mrmelee ($27.40 in chips) 
Seat 8: Naxxxxo ($34.90 in chips) 
Seat 9: hsGabriel ($49.20 in chips) 
Alameda22: posts small blind $0.10
PIYMFD: posts big blind $0.25
*** HOLE CARDS ***
Dealt to Alameda22 [Ks 2c]
joe dca: folds 
mrmelee: folds 
Naxxxxo: calls $0.25
hsGabriel: folds 
Askare: folds 
EREDAYHUSLIN: folds 
bignubs: calls $0.25
Alameda22: folds 
PIYMFD: checks 
*** FLOP *** [5h 3h 2h]
PIYMFD: checks 
Naxxxxo: bets $1.25
bignubs: folds 
PIYMFD: folds 
Uncalled bet ($1.25) returned to Naxxxxo
Naxxxxo collected $0.85 from pot
Naxxxxo: doesn't show hand 
*** SUMMARY ***
Total pot $0.85 | Rake $0 
Board [5h 3h 2h]
Seat 1: Askare folded before Flop (didn't bet)
Seat 2: EREDAYHUSLIN folded before Flop (didn't bet)
Seat 3: bignubs (button) folded on the Flop
Seat 4: Alameda22 (small blind) folded before Flop
Seat 5: PIYMFD (big blind) folded on the Flop
Seat 6: joe dca folded before Flop (didn't bet)
Seat 7: mrmelee folded before Flop (didn't bet)
Seat 8: Naxxxxo collected ($0.85)
Seat 9: hsGabriel folded before Flop (didn't bet)



PokerStars Game #19923654595:  Hold'em No Limit ($0.10/$0.25) - 2008/08/26 - 19:50:17 (ET)
Table 'Bolyai' 9-max Seat #4 is the button
Seat 1: Askare ($10.75 in chips) 
Seat 2: EREDAYHUSLIN ($15.55 in chips) 
Seat 3: bignubs ($16.95 in chips) 
Seat 4: Alameda22 ($31.65 in chips) 
Seat 5: PIYMFD ($26.45 in chips) 
Seat 6: joe dca ($14.70 in chips) 
Seat 7: mrmelee ($27.40 in chips) 
Seat 8: Naxxxxo ($35.50 in chips) 
Seat 9: hsGabriel ($49.20 in chips) 
PIYMFD: posts small blind $0.10
joe dca: posts big blind $0.25
*** HOLE CARDS ***
Dealt to Alameda22 [5d 3c]
mrmelee: folds 
Naxxxxo: folds 
hsGabriel: raises $0.75 to $1
Askare: folds 
EREDAYHUSLIN: folds 
bignubs: folds 
Alameda22: folds 
PIYMFD: folds 
joe dca: folds 
Uncalled bet ($0.75) returned to hsGabriel
hsGabriel collected $0.60 from pot
hsGabriel: doesn't show hand 
*** SUMMARY ***
Total pot $0.60 | Rake $0 
Seat 1: Askare folded before Flop (didn't bet)
Seat 2: EREDAYHUSLIN folded before Flop (didn't bet)
Seat 3: bignubs folded before Flop (didn't bet)
Seat 4: Alameda22 (button) folded before Flop (didn't bet)
Seat 5: PIYMFD (small blind) folded before Flop
Seat 6: joe dca (big blind) folded before Flop
Seat 7: mrmelee folded before Flop (didn't bet)
Seat 8: Naxxxxo folded before Flop (didn't bet)
Seat 9: hsGabriel collected ($0.60)



PokerStars Game #19923668657:  Hold'em No Limit ($0.10/$0.25) - 2008/08/26 - 19:50:55 (ET)
Table 'Bolyai' 9-max Seat #5 is the button
Seat 1: Askare ($10.75 in chips) 
Seat 2: EREDAYHUSLIN ($15.55 in chips) 
Seat 3: bignubs ($16.95 in chips) 
Seat 4: Alameda22 ($31.65 in chips) 
Seat 5: PIYMFD ($26.35 in chips) 
Seat 6: joe dca ($14.45 in chips) 
Seat 7: mrmelee ($27.40 in chips) 
Seat 8: Naxxxxo ($35.50 in chips) 
Seat 9: hsGabriel ($49.55 in chips) 
joe dca: posts small blind $0.10
mrmelee: posts big blind $0.25
*** HOLE CARDS ***
Dealt to Alameda22 [5d Td]
Naxxxxo: folds 
hsGabriel: folds 
Askare: folds 
EREDAYHUSLIN: folds 
bignubs: folds 
Alameda22: folds 
PIYMFD: raises $0.75 to $1
joe dca: calls $0.90
mrmelee: folds 
*** FLOP *** [Kd 9d 7d]
joe dca: checks 
PIYMFD: bets $1.75
joe dca: folds 
Uncalled bet ($1.75) returned to PIYMFD
PIYMFD collected $2.15 from pot
PIYMFD: doesn't show hand 
*** SUMMARY ***
Total pot $2.25 | Rake $0.10 
Board [Kd 9d 7d]
Seat 1: Askare folded before Flop (didn't bet)
Seat 2: EREDAYHUSLIN folded before Flop (didn't bet)
Seat 3: bignubs folded before Flop (didn't bet)
Seat 4: Alameda22 folded before Flop (didn't bet)
Seat 5: PIYMFD (button) collected ($2.15)
Seat 6: joe dca (small blind) folded on the Flop
Seat 7: mrmelee (big blind) folded before Flop
Seat 8: Naxxxxo folded before Flop (didn't bet)
Seat 9: hsGabriel folded before Flop (didn't bet)



PokerStars Game #19923684672:  Hold'em No Limit ($0.10/$0.25) - 2008/08/26 - 19:51:38 (ET)
Table 'Bolyai' 9-max Seat #6 is the button
Seat 1: Askare ($10.75 in chips) 
Seat 2: EREDAYHUSLIN ($15.55 in chips) 
Seat 3: bignubs ($16.95 in chips) 
Seat 4: Alameda22 ($31.65 in chips) 
Seat 5: PIYMFD ($27.50 in chips) 
Seat 6: joe dca ($13.45 in chips) 
Seat 7: mrmelee ($27.15 in chips) 
Seat 8: Naxxxxo ($35.50 in chips) 
Seat 9: hsGabriel ($49.55 in chips) 
mrmelee: posts small blind $0.10
Naxxxxo: posts big blind $0.25
*** HOLE CARDS ***
Dealt to Alameda22 [3d 4s]
hsGabriel: folds 
Askare: folds 
EREDAYHUSLIN: raises $0.75 to $1
bignubs: folds 
Alameda22: folds 
PIYMFD: folds 
joe dca: folds 
mrmelee: folds 
Naxxxxo: calls $0.75
*** FLOP *** [Ah 4h Ts]
Naxxxxo: checks 
EREDAYHUSLIN: bets $1
Naxxxxo: calls $1
*** TURN *** [Ah 4h Ts] [6c]
Naxxxxo: checks 
EREDAYHUSLIN: bets $2.75
Naxxxxo: folds 
Uncalled bet ($2.75) returned to EREDAYHUSLIN
EREDAYHUSLIN collected $3.90 from pot
EREDAYHUSLIN: doesn't show hand 
*** SUMMARY ***
Total pot $4.10 | Rake $0.20 
Board [Ah 4h Ts 6c]
Seat 1: Askare folded before Flop (didn't bet)
Seat 2: EREDAYHUSLIN collected ($3.90)
Seat 3: bignubs folded before Flop (didn't bet)
Seat 4: Alameda22 folded before Flop (didn't bet)
Seat 5: PIYMFD folded before Flop (didn't bet)
Seat 6: joe dca (button) folded before Flop (didn't bet)
Seat 7: mrmelee (small blind) folded before Flop
Seat 8: Naxxxxo (big blind) folded on the Turn
Seat 9: hsGabriel folded before Flop (didn't bet)



PokerStars Game #19923715745:  Hold'em No Limit ($0.10/$0.25) - 2008/08/26 - 19:53:01 (ET)
Table 'Bolyai' 9-max Seat #7 is the button
Seat 1: Askare ($10.75 in chips) 
Seat 2: EREDAYHUSLIN ($17.45 in chips) 
Seat 3: bignubs ($16.95 in chips) 
Seat 4: Alameda22 ($31.65 in chips) 
Seat 5: PIYMFD ($27.50 in chips) 
Seat 6: joe dca ($13.45 in chips) 
Seat 7: mrmelee ($27.05 in chips) 
Seat 8: Naxxxxo ($33.50 in chips) 
Seat 9: hsGabriel ($49.55 in chips) 
Naxxxxo: posts small blind $0.10
hsGabriel: posts big blind $0.25
*** HOLE CARDS ***
Dealt to Alameda22 [8h Ac]
Askare: folds 
Askare is sitting out
Askare leaves the table
EREDAYHUSLIN: folds 
bignubs: folds 
Alameda22: folds 
PIYMFD: folds 
joe dca: folds 
mrmelee: folds 
Naxxxxo: raises $0.75 to $1
hsGabriel: folds 
Uncalled bet ($0.75) returned to Naxxxxo
Naxxxxo collected $0.50 from pot
Naxxxxo: doesn't show hand 
*** SUMMARY ***
Total pot $0.50 | Rake $0 
Seat 1: Askare folded before Flop (didn't bet)
Seat 2: EREDAYHUSLIN folded before Flop (didn't bet)
Seat 3: bignubs folded before Flop (didn't bet)
Seat 4: Alameda22 folded before Flop (didn't bet)
Seat 5: PIYMFD folded before Flop (didn't bet)
Seat 6: joe dca folded before Flop (didn't bet)
Seat 7: mrmelee (button) folded before Flop (didn't bet)
Seat 8: Naxxxxo (small blind) collected ($0.50)
Seat 9: hsGabriel (big blind) folded before Flop



PokerStars Game #19923727777:  Hold'em No Limit ($0.10/$0.25) - 2008/08/26 - 19:53:33 (ET)
Table 'Bolyai' 9-max Seat #8 is the button
Seat 2: EREDAYHUSLIN ($17.45 in chips) 
Seat 3: bignubs ($16.95 in chips) 
Seat 4: Alameda22 ($31.65 in chips) 
Seat 5: PIYMFD ($27.50 in chips) 
Seat 6: joe dca ($13.45 in chips) 
Seat 7: mrmelee ($27.05 in chips) 
Seat 8: Naxxxxo ($33.75 in chips) 
Seat 9: hsGabriel ($49.30 in chips) 
hsGabriel: posts small blind $0.10
EREDAYHUSLIN: posts big blind $0.25
*** HOLE CARDS ***
Dealt to Alameda22 [As 5s]
bignubs: folds 
Alameda22: folds 
PIYMFD: folds 
joe dca: calls $0.25
mrmelee: folds 
Naxxxxo: folds 
hsGabriel: calls $0.15
EREDAYHUSLIN: checks 
*** FLOP *** [Qc 4c Th]
hsGabriel: checks 
EREDAYHUSLIN: checks 
joe dca: checks 
*** TURN *** [Qc 4c Th] [9c]
hsGabriel: checks 
phrogman123 joins the table at seat #1 
EREDAYHUSLIN: checks 
joe dca: checks 
*** RIVER *** [Qc 4c Th 9c] [Ks]
hsGabriel: checks 
EREDAYHUSLIN: checks 
joe dca: bets $0.25
hsGabriel: folds 
EREDAYHUSLIN: folds 
Uncalled bet ($0.25) returned to joe dca
joe dca collected $0.75 from pot
*** SUMMARY ***
Total pot $0.75 | Rake $0 
Board [Qc 4c Th 9c Ks]
Seat 2: EREDAYHUSLIN (big blind) folded on the River
Seat 3: bignubs folded before Flop (didn't bet)
Seat 4: Alameda22 folded before Flop (didn't bet)
Seat 5: PIYMFD folded before Flop (didn't bet)
Seat 6: joe dca collected ($0.75)
Seat 7: mrmelee folded before Flop (didn't bet)
Seat 8: Naxxxxo (button) folded before Flop (didn't bet)
Seat 9: hsGabriel (small blind) folded on the River



PokerStars Game #19923756505:  Hold'em No Limit ($0.10/$0.25) - 2008/08/26 - 19:54:53 (ET)
Table 'Bolyai' 9-max Seat #9 is the button
Seat 2: EREDAYHUSLIN ($17.20 in chips) 
Seat 3: bignubs ($16.95 in chips) 
Seat 4: Alameda22 ($31.65 in chips) 
Seat 5: PIYMFD ($27.50 in chips) 
Seat 6: joe dca ($13.95 in chips) 
Seat 7: mrmelee ($27.05 in chips) 
Seat 8: Naxxxxo ($33.75 in chips) 
Seat 9: hsGabriel ($49.05 in chips) 
phrogman123 will be allowed to play after the button
EREDAYHUSLIN: posts small blind $0.10
bignubs: posts big blind $0.25
*** HOLE CARDS ***
Dealt to Alameda22 [Qd 7h]
Alameda22: folds 
PIYMFD: folds 
joe dca: folds 
mrmelee: folds 
Naxxxxo: folds 
joe dca leaves the table
hsGabriel: folds 
EREDAYHUSLIN: folds 
Uncalled bet ($0.15) returned to bignubs
bignubs collected $0.20 from pot
bignubs: doesn't show hand 
*** SUMMARY ***
Total pot $0.20 | Rake $0 
Seat 2: EREDAYHUSLIN (small blind) folded before Flop
Seat 3: bignubs (big blind) collected ($0.20)
Seat 4: Alameda22 folded before Flop (didn't bet)
Seat 5: PIYMFD folded before Flop (didn't bet)
Seat 6: joe dca folded before Flop (didn't bet)
Seat 7: mrmelee folded before Flop (didn't bet)
Seat 8: Naxxxxo folded before Flop (didn't bet)
Seat 9: hsGabriel (button) folded before Flop (didn't bet)



PokerStars Game #19923771023:  Hold'em No Limit ($0.10/$0.25) - 2008/08/26 - 19:55:31 (ET)
Table 'Bolyai' 9-max Seat #2 is the button
Seat 2: EREDAYHUSLIN ($17.10 in chips) 
Seat 3: bignubs ($17.05 in chips) 
Seat 4: Alameda22 ($31.65 in chips) 
Seat 5: PIYMFD ($27.50 in chips) 
Seat 7: mrmelee ($27.05 in chips) 
Seat 8: Naxxxxo ($33.75 in chips) 
Seat 9: hsGabriel ($49.05 in chips) 
bignubs: posts small blind $0.10
Alameda22: posts big blind $0.25
phrogman123: sits out 
*** HOLE CARDS ***
Dealt to Alameda22 [Kd 2s]
PIYMFD: folds 
mrmelee: folds 
Naxxxxo: folds 
hsGabriel: folds 
EREDAYHUSLIN: folds 
bignubs: calls $0.15
Alameda22: checks 
*** FLOP *** [9s 8h Qd]
bignubs: bets $1
Alameda22: folds 
Uncalled bet ($1) returned to bignubs
bignubs collected $0.50 from pot
bignubs: doesn't show hand 
*** SUMMARY ***
Total pot $0.50 | Rake $0 
Board [9s 8h Qd]
Seat 2: EREDAYHUSLIN (button) folded before Flop (didn't bet)
Seat 3: bignubs (small blind) collected ($0.50)
Seat 4: Alameda22 (big blind) folded on the Flop
Seat 5: PIYMFD folded before Flop (didn't bet)
Seat 7: mrmelee folded before Flop (didn't bet)
Seat 8: Naxxxxo folded before Flop (didn't bet)
Seat 9: hsGabriel folded before Flop (didn't bet)



PokerStars Game #19923789692:  Hold'em No Limit ($0.10/$0.25) - 2008/08/26 - 19:56:21 (ET)
Table 'Bolyai' 9-max Seat #3 is the button
Seat 2: EREDAYHUSLIN ($17.10 in chips) 
Seat 3: bignubs ($17.30 in chips) 
Seat 4: Alameda22 ($31.40 in chips) 
Seat 5: PIYMFD ($27.50 in chips) 
Seat 7: mrmelee ($27.05 in chips) 
Seat 8: Naxxxxo ($33.75 in chips) 
Seat 9: hsGabriel ($49.05 in chips) 
Alameda22: posts small blind $0.10
PIYMFD: posts big blind $0.25
phrogman123: sits out 
*** HOLE CARDS ***
Dealt to Alameda22 [2c 8c]
mrmelee: folds 
Naxxxxo: calls $0.25
hsGabriel: folds 
mellis1690 joins the table at seat #6 
EREDAYHUSLIN: folds 
bignubs: calls $0.25
Alameda22: folds 
PIYMFD: checks 
*** FLOP *** [7d 7h 5s]
PIYMFD: checks 
Naxxxxo: checks 
bignubs: checks 
*** TURN *** [7d 7h 5s] [5d]
PIYMFD: checks 
Naxxxxo: checks 
bignubs: checks 
*** RIVER *** [7d 7h 5s 5d] [4s]
PIYMFD: checks 
Naxxxxo: checks 
bignubs: checks 
*** SHOW DOWN ***
PIYMFD: shows [Ad 3h] (two pair, Sevens and Fives)
Naxxxxo: mucks hand 
bignubs: mucks hand 
PIYMFD collected $0.85 from pot
*** SUMMARY ***
Total pot $0.85 | Rake $0 
Board [7d 7h 5s 5d 4s]
Seat 2: EREDAYHUSLIN folded before Flop (didn't bet)
Seat 3: bignubs (button) mucked [Qc 3c]
Seat 4: Alameda22 (small blind) folded before Flop
Seat 5: PIYMFD (big blind) showed [Ad 3h] and won ($0.85) with two pair, Sevens and Fives
Seat 7: mrmelee folded before Flop (didn't bet)
Seat 8: Naxxxxo mucked [Th Kh]
Seat 9: hsGabriel folded before Flop (didn't bet)



PokerStars Game #19923814403:  Hold'em No Limit ($0.10/$0.25) - 2008/08/26 - 19:57:28 (ET)
Table 'Bolyai' 9-max Seat #4 is the button
Seat 2: EREDAYHUSLIN ($17.10 in chips) 
Seat 3: bignubs ($17.05 in chips) 
Seat 4: Alameda22 ($31.30 in chips) 
Seat 5: PIYMFD ($28.10 in chips) 
Seat 6: mellis1690 ($10 in chips) 
Seat 7: mrmelee ($27.05 in chips) 
Seat 8: Naxxxxo ($33.50 in chips) 
Seat 9: hsGabriel ($49.05 in chips) 
PIYMFD: posts small blind $0.10
mellis1690: posts big blind $0.25
phrogman123: sits out 
*** HOLE CARDS ***
Dealt to Alameda22 [Th 5s]
mrmelee: folds 
mrmelee leaves the table
Naxxxxo: folds 
hsGabriel: folds 
EREDAYHUSLIN: folds 
bignubs: folds 
Alameda22: folds 
PIYMFD: folds 
Uncalled bet ($0.15) returned to mellis1690
mellis1690 collected $0.20 from pot
*** SUMMARY ***
Total pot $0.20 | Rake $0 
Seat 2: EREDAYHUSLIN folded before Flop (didn't bet)
Seat 3: bignubs folded before Flop (didn't bet)
Seat 4: Alameda22 (button) folded before Flop (didn't bet)
Seat 5: PIYMFD (small blind) folded before Flop
Seat 6: mellis1690 (big blind) collected ($0.20)
Seat 7: mrmelee folded before Flop (didn't bet)
Seat 8: Naxxxxo folded before Flop (didn't bet)
Seat 9: hsGabriel folded before Flop (didn't bet)



PokerStars Game #19923827166:  Hold'em No Limit ($0.10/$0.25) - 2008/08/26 - 19:58:02 (ET)
Table 'Bolyai' 9-max Seat #5 is the button
Seat 2: EREDAYHUSLIN ($17.10 in chips) 
Seat 3: bignubs ($17.05 in chips) 
Seat 4: Alameda22 ($31.30 in chips) 
Seat 5: PIYMFD ($28 in chips) 
Seat 6: mellis1690 ($10.10 in chips) 
Seat 8: Naxxxxo ($33.50 in chips) 
Seat 9: hsGabriel ($49.05 in chips) 
mellis1690: posts small blind $0.10
Naxxxxo: posts big blind $0.25
phrogman123: sits out 
*** HOLE CARDS ***
Dealt to Alameda22 [Jd 8d]
hsGabriel: folds 
hsGabriel is sitting out
hsGabriel leaves the table
EREDAYHUSLIN: calls $0.25
bignubs: folds 
Alameda22: folds 
PIYMFD: folds 
mellis1690: folds 
Naxxxxo: checks 
*** FLOP *** [5h Ac 8c]
Naxxxxo: checks 
EREDAYHUSLIN: checks 
*** TURN *** [5h Ac 8c] [6s]
Naxxxxo: checks 
EREDAYHUSLIN: bets $0.50
Naxxxxo: folds 
Uncalled bet ($0.50) returned to EREDAYHUSLIN
EREDAYHUSLIN collected $0.60 from pot
EREDAYHUSLIN: doesn't show hand 
*** SUMMARY ***
Total pot $0.60 | Rake $0 
Board [5h Ac 8c 6s]
Seat 2: EREDAYHUSLIN collected ($0.60)
Seat 3: bignubs folded before Flop (didn't bet)
Seat 4: Alameda22 folded before Flop (didn't bet)
Seat 5: PIYMFD (button) folded before Flop (didn't bet)
Seat 6: mellis1690 (small blind) folded before Flop
Seat 8: Naxxxxo (big blind) folded on the Turn
Seat 9: hsGabriel folded before Flop (didn't bet)



PokerStars Game #19923847759:  Hold'em No Limit ($0.10/$0.25) - 2008/08/26 - 19:58:58 (ET)
Table 'Bolyai' 9-max Seat #6 is the button
Seat 1: phrogman123 ($25 in chips) 
Seat 2: EREDAYHUSLIN ($17.45 in chips) 
Seat 3: bignubs ($17.05 in chips) 
Seat 4: Alameda22 ($31.30 in chips) 
Seat 5: PIYMFD ($28 in chips) 
Seat 6: mellis1690 ($10 in chips) 
Seat 8: Naxxxxo ($33.25 in chips) 
Naxxxxo: posts small blind $0.10
phrogman123: posts big blind $0.25
*** HOLE CARDS ***
Dealt to Alameda22 [5c As]
EREDAYHUSLIN: folds 
bignubs: folds 
Alameda22: folds 
PIYMFD: raises $0.75 to $1
mellis1690: folds 
Naxxxxo: folds 
phrogman123: folds 
Uncalled bet ($0.75) returned to PIYMFD
PIYMFD collected $0.60 from pot
PIYMFD: doesn't show hand 
*** SUMMARY ***
Total pot $0.60 | Rake $0 
Seat 1: phrogman123 (big blind) folded before Flop
Seat 2: EREDAYHUSLIN folded before Flop (didn't bet)
Seat 3: bignubs folded before Flop (didn't bet)
Seat 4: Alameda22 folded before Flop (didn't bet)
Seat 5: PIYMFD collected ($0.60)
Seat 6: mellis1690 (button) folded before Flop (didn't bet)
Seat 8: Naxxxxo (small blind) folded before Flop



PokerStars Game #19923861772:  Hold'em No Limit ($0.10/$0.25) - 2008/08/26 - 19:59:37 (ET)
Table 'Bolyai' 9-max Seat #8 is the button
Seat 1: phrogman123 ($24.75 in chips) 
Seat 2: EREDAYHUSLIN ($17.45 in chips) 
Seat 3: bignubs ($17.05 in chips) 
Seat 4: Alameda22 ($31.30 in chips) 
Seat 5: PIYMFD ($28.35 in chips) 
Seat 6: mellis1690 ($10 in chips) 
Seat 8: Naxxxxo ($33.15 in chips) 
phrogman123: posts small blind $0.10
EREDAYHUSLIN: posts big blind $0.25
*** HOLE CARDS ***
Dealt to Alameda22 [9d Js]
bignubs: folds 
Alameda22: folds 
PIYMFD: folds 
mellis1690: calls $0.25
Naxxxxo: folds 
phrogman123 is disconnected 
phrogman123 has timed out while disconnected
phrogman123: folds 
phrogman123 is sitting out
EREDAYHUSLIN: checks 
*** FLOP *** [9s 4h 2d]
EREDAYHUSLIN: checks 
mellis1690: checks 
*** TURN *** [9s 4h 2d] [3s]
EREDAYHUSLIN: checks 
mellis1690: checks 
*** RIVER *** [9s 4h 2d 3s] [Ac]
EREDAYHUSLIN: checks 
mellis1690: bets $2
EREDAYHUSLIN: folds 
Uncalled bet ($2) returned to mellis1690
mellis1690 collected $0.60 from pot
mellis1690: doesn't show hand 
*** SUMMARY ***
Total pot $0.60 | Rake $0 
Board [9s 4h 2d 3s Ac]
Seat 1: phrogman123 (small blind) folded before Flop
Seat 2: EREDAYHUSLIN (big blind) folded on the River
Seat 3: bignubs folded before Flop (didn't bet)
Seat 4: Alameda22 folded before Flop (didn't bet)
Seat 5: PIYMFD folded before Flop (didn't bet)
Seat 6: mellis1690 collected ($0.60)
Seat 8: Naxxxxo (button) folded before Flop (didn't bet)



PokerStars Game #19923902689:  Hold'em No Limit ($0.10/$0.25) - 2008/08/26 - 20:01:25 (ET)
Table 'Bolyai' 9-max Seat #2 is the button
Seat 2: EREDAYHUSLIN ($17.20 in chips) 
Seat 3: bignubs ($17.05 in chips) 
Seat 4: Alameda22 ($31.30 in chips) 
Seat 5: PIYMFD ($28.35 in chips) 
Seat 6: mellis1690 ($10.35 in chips) 
Seat 8: Naxxxxo ($33.15 in chips) 
bignubs: posts small blind $0.10
Alameda22: posts big blind $0.25
*** HOLE CARDS ***
Dealt to Alameda22 [Jh 9c]
PIYMFD: folds 
mellis1690: folds 
Naxxxxo: folds 
EREDAYHUSLIN: raises $0.75 to $1
bignubs: folds 
Alameda22: folds 
Uncalled bet ($0.75) returned to EREDAYHUSLIN
EREDAYHUSLIN collected $0.60 from pot
EREDAYHUSLIN: doesn't show hand 
*** SUMMARY ***
Total pot $0.60 | Rake $0 
Seat 2: EREDAYHUSLIN (button) collected ($0.60)
Seat 3: bignubs (small blind) folded before Flop
Seat 4: Alameda22 (big blind) folded before Flop
Seat 5: PIYMFD folded before Flop (didn't bet)
Seat 6: mellis1690 folded before Flop (didn't bet)
Seat 8: Naxxxxo folded before Flop (didn't bet)



PokerStars Game #19923912641:  Hold'em No Limit ($0.10/$0.25) - 2008/08/26 - 20:01:51 (ET)
Table 'Bolyai' 9-max Seat #3 is the button
Seat 2: EREDAYHUSLIN ($17.55 in chips) 
Seat 3: bignubs ($16.95 in chips) 
Seat 4: Alameda22 ($31.05 in chips) 
Seat 5: PIYMFD ($28.35 in chips) 
Seat 6: mellis1690 ($10.35 in chips) 
Seat 8: Naxxxxo ($33.15 in chips) 
Alameda22: posts small blind $0.10
PIYMFD: posts big blind $0.25
*** HOLE CARDS ***
Dealt to Alameda22 [Tc 8d]
mellis1690: folds 
Naxxxxo: folds 
EREDAYHUSLIN: folds 
bignubs: folds 
Alameda22: folds 
Uncalled bet ($0.15) returned to PIYMFD
PIYMFD collected $0.20 from pot
PIYMFD: doesn't show hand 
*** SUMMARY ***
Total pot $0.20 | Rake $0 
Seat 2: EREDAYHUSLIN folded before Flop (didn't bet)
Seat 3: bignubs (button) folded before Flop (didn't bet)
Seat 4: Alameda22 (small blind) folded before Flop
Seat 5: PIYMFD (big blind) collected ($0.20)
Seat 6: mellis1690 folded before Flop (didn't bet)
Seat 8: Naxxxxo folded before Flop (didn't bet)



PokerStars Game #19923923997:  Hold'em No Limit ($0.10/$0.25) - 2008/08/26 - 20:02:22 (ET)
Table 'Bolyai' 9-max Seat #4 is the button
Seat 2: EREDAYHUSLIN ($17.55 in chips) 
Seat 3: bignubs ($16.95 in chips) 
Seat 4: Alameda22 ($30.95 in chips) 
Seat 5: PIYMFD ($28.45 in chips) 
Seat 6: mellis1690 ($10.35 in chips) 
Seat 8: Naxxxxo ($33.15 in chips) 
PIYMFD: posts small blind $0.10
mellis1690: posts big blind $0.25
*** HOLE CARDS ***
Dealt to Alameda22 [Qd 4d]
Naxxxxo: raises $0.75 to $1
EREDAYHUSLIN: calls $1
bignubs: calls $1
Alameda22: folds 
PIYMFD: folds 
mellis1690: calls $0.75
*** FLOP *** [Td 5h 7h]
mellis1690: bets $1.50
Naxxxxo: calls $1.50
EREDAYHUSLIN: folds 
bignubs: folds 
*** TURN *** [Td 5h 7h] [7s]
mellis1690: checks 
Naxxxxo: bets $2
mellis1690: folds 
Uncalled bet ($2) returned to Naxxxxo
Naxxxxo collected $6.80 from pot
Naxxxxo: doesn't show hand 
*** SUMMARY ***
Total pot $7.10 | Rake $0.30 
Board [Td 5h 7h 7s]
Seat 2: EREDAYHUSLIN folded on the Flop
Seat 3: bignubs folded on the Flop
Seat 4: Alameda22 (button) folded before Flop (didn't bet)
Seat 5: PIYMFD (small blind) folded before Flop
Seat 6: mellis1690 (big blind) folded on the Turn
Seat 8: Naxxxxo collected ($6.80)



PokerStars Game #19923947121:  Hold'em No Limit ($0.10/$0.25) - 2008/08/26 - 20:03:23 (ET)
Table 'Bolyai' 9-max Seat #5 is the button
Seat 2: EREDAYHUSLIN ($16.55 in chips) 
Seat 3: bignubs ($15.95 in chips) 
Seat 4: Alameda22 ($30.95 in chips) 
Seat 5: PIYMFD ($28.35 in chips) 
Seat 6: mellis1690 ($7.85 in chips) 
Seat 8: Naxxxxo ($37.45 in chips) 
mellis1690: posts small blind $0.10
Naxxxxo: posts big blind $0.25
*** HOLE CARDS ***
Dealt to Alameda22 [4s 3c]
EREDAYHUSLIN: folds 
bignubs: folds 
Alameda22: folds 
PIYMFD: folds 
mellis1690: calls $0.15
Naxxxxo: checks 
*** FLOP *** [4h Ts 2h]
mellis1690: checks 
Naxxxxo: bets $0.50
mellis1690: folds 
Uncalled bet ($0.50) returned to Naxxxxo
Naxxxxo collected $0.50 from pot
Naxxxxo: doesn't show hand 
*** SUMMARY ***
Total pot $0.50 | Rake $0 
Board [4h Ts 2h]
Seat 2: EREDAYHUSLIN folded before Flop (didn't bet)
Seat 3: bignubs folded before Flop (didn't bet)
Seat 4: Alameda22 folded before Flop (didn't bet)
Seat 5: PIYMFD (button) folded before Flop (didn't bet)
Seat 6: mellis1690 (small blind) folded on the Flop
Seat 8: Naxxxxo (big blind) collected ($0.50)



PokerStars Game #19923966221:  Hold'em No Limit ($0.10/$0.25) - 2008/08/26 - 20:04:13 (ET)
Table 'Bolyai' 9-max Seat #6 is the button
Seat 2: EREDAYHUSLIN ($16.55 in chips) 
Seat 3: bignubs ($15.95 in chips) 
Seat 4: Alameda22 ($30.95 in chips) 
Seat 5: PIYMFD ($28.35 in chips) 
Seat 6: mellis1690 ($7.60 in chips) 
Seat 8: Naxxxxo ($37.70 in chips) 
Naxxxxo: posts small blind $0.10
EREDAYHUSLIN: posts big blind $0.25
*** HOLE CARDS ***
Dealt to Alameda22 [6d 4h]
bignubs: folds 
Alameda22: folds 
PIYMFD: raises $0.75 to $1
mellis1690: folds 
Naxxxxo: folds 
EREDAYHUSLIN: folds 
Uncalled bet ($0.75) returned to PIYMFD
PIYMFD collected $0.60 from pot
PIYMFD: doesn't show hand 
*** SUMMARY ***
Total pot $0.60 | Rake $0 
Seat 2: EREDAYHUSLIN (big blind) folded before Flop
Seat 3: bignubs folded before Flop (didn't bet)
Seat 4: Alameda22 folded before Flop (didn't bet)
Seat 5: PIYMFD collected ($0.60)
Seat 6: mellis1690 (button) folded before Flop (didn't bet)
Seat 8: Naxxxxo (small blind) folded before Flop



PokerStars Game #19923974480:  Hold'em No Limit ($0.10/$0.25) - 2008/08/26 - 20:04:36 (ET)
Table 'Bolyai' 9-max Seat #8 is the button
Seat 2: EREDAYHUSLIN ($16.30 in chips) 
Seat 3: bignubs ($15.95 in chips) 
Seat 4: Alameda22 ($30.95 in chips) 
Seat 5: PIYMFD ($28.70 in chips) 
Seat 6: mellis1690 ($7.60 in chips) 
Seat 8: Naxxxxo ($37.60 in chips) 
EREDAYHUSLIN: posts small blind $0.10
bignubs: posts big blind $0.25
*** HOLE CARDS ***
Dealt to Alameda22 [9d 5h]
Alameda22: folds 
PIYMFD: folds 
mellis1690: folds 
Naxxxxo: folds 
EREDAYHUSLIN: calls $0.15
bignubs: checks 
*** FLOP *** [Ac Kh Tc]
EREDAYHUSLIN: bets $0.50
bignubs: folds 
Uncalled bet ($0.50) returned to EREDAYHUSLIN
EREDAYHUSLIN collected $0.50 from pot
EREDAYHUSLIN: doesn't show hand 
*** SUMMARY ***
Total pot $0.50 | Rake $0 
Board [Ac Kh Tc]
Seat 2: EREDAYHUSLIN (small blind) collected ($0.50)
Seat 3: bignubs (big blind) folded on the Flop
Seat 4: Alameda22 folded before Flop (didn't bet)
Seat 5: PIYMFD folded before Flop (didn't bet)
Seat 6: mellis1690 folded before Flop (didn't bet)
Seat 8: Naxxxxo (button) folded before Flop (didn't bet)



PokerStars Game #19923996236:  Hold'em No Limit ($0.10/$0.25) - 2008/08/26 - 20:05:34 (ET)
Table 'Bolyai' 9-max Seat #2 is the button
Seat 2: EREDAYHUSLIN ($16.55 in chips) 
Seat 3: bignubs ($15.70 in chips) 
Seat 4: Alameda22 ($30.95 in chips) 
Seat 5: PIYMFD ($28.70 in chips) 
Seat 6: mellis1690 ($7.60 in chips) 
Seat 8: Naxxxxo ($37.60 in chips) 
bignubs: posts small blind $0.10
Alameda22: posts big blind $0.25
*** HOLE CARDS ***
Dealt to Alameda22 [Ad 5c]
PIYMFD: folds 
mellis1690: folds 
Naxxxxo: folds 
EREDAYHUSLIN: raises $0.50 to $0.75
bignubs: folds 
Alameda22: folds 
Uncalled bet ($0.50) returned to EREDAYHUSLIN
EREDAYHUSLIN collected $0.60 from pot
EREDAYHUSLIN: doesn't show hand 
*** SUMMARY ***
Total pot $0.60 | Rake $0 
Seat 2: EREDAYHUSLIN (button) collected ($0.60)
Seat 3: bignubs (small blind) folded before Flop
Seat 4: Alameda22 (big blind) folded before Flop
Seat 5: PIYMFD folded before Flop (didn't bet)
Seat 6: mellis1690 folded before Flop (didn't bet)
Seat 8: Naxxxxo folded before Flop (didn't bet)



PokerStars Game #19924015174:  Hold'em No Limit ($0.10/$0.25) - 2008/08/26 - 20:06:25 (ET)
Table 'Bolyai' 9-max Seat #3 is the button
Seat 2: EREDAYHUSLIN ($16.90 in chips) 
Seat 3: bignubs ($15.60 in chips) 
Seat 4: Alameda22 ($30.70 in chips) 
Seat 5: PIYMFD ($28.70 in chips) 
Seat 6: mellis1690 ($7.60 in chips) 
Seat 8: Naxxxxo ($37.60 in chips) 
Alameda22: posts small blind $0.10
PIYMFD: posts big blind $0.25
*** HOLE CARDS ***
Dealt to Alameda22 [Js 2h]
mellis1690: folds 
mellis1690 leaves the table
Naxxxxo: folds 
EREDAYHUSLIN: raises $0.50 to $0.75
bignubs: folds 
bignubs is sitting out
Alameda22: folds 
PIYMFD: folds 
Uncalled bet ($0.50) returned to EREDAYHUSLIN
PIYMFD is sitting out
PIYMFD leaves the table
EREDAYHUSLIN collected $0.60 from pot
EREDAYHUSLIN: doesn't show hand 
*** SUMMARY ***
Total pot $0.60 | Rake $0 
Seat 2: EREDAYHUSLIN collected ($0.60)
Seat 3: bignubs (button) folded before Flop (didn't bet)
Seat 4: Alameda22 (small blind) folded before Flop
Seat 5: PIYMFD (big blind) folded before Flop
Seat 6: mellis1690 folded before Flop (didn't bet)
Seat 8: Naxxxxo folded before Flop (didn't bet)



PokerStars Game #19924031291:  Hold'em No Limit ($0.10/$0.25) - 2008/08/26 - 20:07:08 (ET)
Table 'Bolyai' 9-max Seat #8 is the button
Seat 4: Alameda22 ($30.60 in chips) 
Seat 8: Naxxxxo ($37.60 in chips) 
Naxxxxo: posts small blind $0.10
EREDAYHUSLIN: is sitting out 
Alameda22: posts big blind $0.25
*** HOLE CARDS ***
Dealt to Alameda22 [Qh Js]
EREDAYHUSLIN leaves the table
Naxxxxo: folds 
Uncalled bet ($0.15) returned to Alameda22
Alameda22 collected $0.20 from pot
Alameda22: doesn't show hand 
Naxxxxo is sitting out
*** SUMMARY ***
Total pot $0.20 | Rake $0 
Seat 4: Alameda22 (big blind) collected ($0.20)
Seat 8: Naxxxxo (button) (small blind) folded before Flop



