PokerStars Game #19903796388:  Hold'em No Limit ($0.10/$0.25) - 2008/08/26 - 00:00:00 (ET)
Table 'Haffner' 9-max Seat #4 is the button
Seat 1: garylubbes ($30.55 in chips) 
Seat 2: silver2871 ($24.75 in chips) 
Seat 3: Sammy2212 ($11.30 in chips) 
Seat 4: abovem ($19.90 in chips) 
Seat 5: Alameda22 ($14.70 in chips) 
Seat 6: Aioras ($19.75 in chips) 
Seat 7: LUCKYMONSTER ($24.05 in chips) 
Seat 8: KNORTHSTAR19 ($4.65 in chips) 
Seat 9: enright3060 ($24.75 in chips) 
Alameda22: posts small blind $0.10
Aioras: posts big blind $0.25
*** HOLE CARDS ***
Dealt to Alameda22 [3c Qc]
LUCKYMONSTER: folds 
KNORTHSTAR19: folds 
enright3060: folds 
garylubbes: raises $1 to $1.25
silver2871: folds 
Sammy2212: folds 
abovem: calls $1.25
Alameda22: folds 
Aioras: folds 
*** FLOP *** [7d Kh 5h]
garylubbes: bets $5
abovem: folds 
Uncalled bet ($5) returned to garylubbes
garylubbes collected $2.75 from pot
garylubbes: shows [7c Kd] (two pair, Kings and Sevens)
*** SUMMARY ***
Total pot $2.85 | Rake $0.10 
Board [7d Kh 5h]
Seat 1: garylubbes collected ($2.75)
Seat 2: silver2871 folded before Flop (didn't bet)
Seat 3: Sammy2212 folded before Flop (didn't bet)
Seat 4: abovem (button) folded on the Flop
Seat 5: Alameda22 (small blind) folded before Flop
Seat 6: Aioras (big blind) folded before Flop
Seat 7: LUCKYMONSTER folded before Flop (didn't bet)
Seat 8: KNORTHSTAR19 folded before Flop (didn't bet)
Seat 9: enright3060 folded before Flop (didn't bet)



PokerStars Game #19903821386:  Hold'em No Limit ($0.10/$0.25) - 2008/08/26 - 00:01:21 (ET)
Table 'Haffner' 9-max Seat #5 is the button
Seat 1: garylubbes ($32.05 in chips) 
Seat 2: silver2871 ($24.75 in chips) 
Seat 3: Sammy2212 ($11.30 in chips) 
Seat 4: abovem ($18.65 in chips) 
Seat 5: Alameda22 ($14.60 in chips) 
Seat 6: Aioras ($19.50 in chips) 
Seat 7: LUCKYMONSTER ($24.05 in chips) 
Seat 8: KNORTHSTAR19 ($4.65 in chips) 
Seat 9: enright3060 ($24.75 in chips) 
Aioras: posts small blind $0.10
LUCKYMONSTER: posts big blind $0.25
*** HOLE CARDS ***
Dealt to Alameda22 [7c 8h]
KNORTHSTAR19: folds 
KNORTHSTAR19 leaves the table
enright3060: folds 
garylubbes: raises $0.75 to $1
silver2871: folds 
Sammy2212: folds 
abovem: folds 
Alameda22: folds 
Aioras: folds 
LUCKYMONSTER: folds 
Uncalled bet ($0.75) returned to garylubbes
garylubbes collected $0.60 from pot
garylubbes: shows [Tc Ts] (a pair of Tens)
*** SUMMARY ***
Total pot $0.60 | Rake $0 
Seat 1: garylubbes collected ($0.60)
Seat 2: silver2871 folded before Flop (didn't bet)
Seat 3: Sammy2212 folded before Flop (didn't bet)
Seat 4: abovem folded before Flop (didn't bet)
Seat 5: Alameda22 (button) folded before Flop (didn't bet)
Seat 6: Aioras (small blind) folded before Flop
Seat 7: LUCKYMONSTER (big blind) folded before Flop
Seat 8: KNORTHSTAR19 folded before Flop (didn't bet)
Seat 9: enright3060 folded before Flop (didn't bet)



PokerStars Game #19903833910:  Hold'em No Limit ($0.10/$0.25) - 2008/08/26 - 00:02:03 (ET)
Table 'Haffner' 9-max Seat #6 is the button
Seat 1: garylubbes ($32.40 in chips) 
Seat 2: silver2871 ($24.75 in chips) 
Seat 3: Sammy2212 ($11.30 in chips) 
Seat 4: abovem ($18.65 in chips) 
Seat 5: Alameda22 ($14.60 in chips) 
Seat 6: Aioras ($19.40 in chips) 
Seat 7: LUCKYMONSTER ($23.80 in chips) 
Seat 9: enright3060 ($24.75 in chips) 
LUCKYMONSTER: posts small blind $0.10
enright3060: posts big blind $0.25
*** HOLE CARDS ***
Dealt to Alameda22 [3d 2d]
garylubbes: calls $0.25
silver2871: calls $0.25
Sammy2212: folds 
abovem: raises $0.25 to $0.50
Alameda22: folds 
Aioras: folds 
LUCKYMONSTER: folds 
enright3060: folds 
garylubbes: calls $0.25
silver2871: calls $0.25
*** FLOP *** [Kd Th 8s]
garylubbes: bets $1
silver2871: folds 
abovem: calls $1
*** TURN *** [Kd Th 8s] [4c]
garylubbes: checks 
abovem: checks 
*** RIVER *** [Kd Th 8s 4c] [7d]
garylubbes: checks 
abovem: checks 
*** SHOW DOWN ***
garylubbes: shows [Qc 9d] (high card King)
abovem: shows [Jd Jc] (a pair of Jacks)
abovem collected $3.70 from pot
*** SUMMARY ***
Total pot $3.85 | Rake $0.15 
Board [Kd Th 8s 4c 7d]
Seat 1: garylubbes showed [Qc 9d] and lost with high card King
Seat 2: silver2871 folded on the Flop
Seat 3: Sammy2212 folded before Flop (didn't bet)
Seat 4: abovem showed [Jd Jc] and won ($3.70) with a pair of Jacks
Seat 5: Alameda22 folded before Flop (didn't bet)
Seat 6: Aioras (button) folded before Flop (didn't bet)
Seat 7: LUCKYMONSTER (small blind) folded before Flop
Seat 9: enright3060 (big blind) folded before Flop



PokerStars Game #19903859760:  Hold'em No Limit ($0.10/$0.25) - 2008/08/26 - 00:03:27 (ET)
Table 'Haffner' 9-max Seat #7 is the button
Seat 1: garylubbes ($30.90 in chips) 
Seat 2: silver2871 ($24.25 in chips) 
Seat 3: Sammy2212 ($11.30 in chips) 
Seat 4: abovem ($20.85 in chips) 
Seat 5: Alameda22 ($14.60 in chips) 
Seat 6: Aioras ($19.40 in chips) 
Seat 7: LUCKYMONSTER ($23.70 in chips) 
Seat 9: enright3060 ($24.50 in chips) 
enright3060: posts small blind $0.10
garylubbes: posts big blind $0.25
*** HOLE CARDS ***
Dealt to Alameda22 [Td 7s]
silver2871: folds 
Sammy2212: folds 
cmoneyman01 joins the table at seat #8 
abovem: calls $0.25
Alameda22: folds 
Aioras: folds 
LUCKYMONSTER: folds 
enright3060: calls $0.15
garylubbes: checks 
*** FLOP *** [7c 4h 4d]
enright3060: checks 
garylubbes: bets $0.65
abovem: calls $0.65
enright3060: folds 
*** TURN *** [7c 4h 4d] [6h]
garylubbes: bets $2.50
abovem: calls $2.50
*** RIVER *** [7c 4h 4d 6h] [9c]
garylubbes: bets $5
abovem: folds 
Uncalled bet ($5) returned to garylubbes
garylubbes collected $6.75 from pot
garylubbes: shows [2h 4s] (three of a kind, Fours)
*** SUMMARY ***
Total pot $7.05 | Rake $0.30 
Board [7c 4h 4d 6h 9c]
Seat 1: garylubbes (big blind) collected ($6.75)
Seat 2: silver2871 folded before Flop (didn't bet)
Seat 3: Sammy2212 folded before Flop (didn't bet)
Seat 4: abovem folded on the River
Seat 5: Alameda22 folded before Flop (didn't bet)
Seat 6: Aioras folded before Flop (didn't bet)
Seat 7: LUCKYMONSTER (button) folded before Flop (didn't bet)
Seat 9: enright3060 (small blind) folded on the Flop



PokerStars Game #19903900695:  Hold'em No Limit ($0.10/$0.25) - 2008/08/26 - 00:05:42 (ET)
Table 'Haffner' 9-max Seat #9 is the button
Seat 1: garylubbes ($34.25 in chips) 
Seat 2: silver2871 ($24.25 in chips) 
Seat 3: Sammy2212 ($11.30 in chips) 
Seat 4: abovem ($17.45 in chips) 
Seat 5: Alameda22 ($14.60 in chips) 
Seat 6: Aioras ($19.40 in chips) 
Seat 7: LUCKYMONSTER ($23.70 in chips) 
Seat 8: cmoneyman01 ($25 in chips) 
Seat 9: enright3060 ($24.25 in chips) 
garylubbes: posts small blind $0.10
silver2871: posts big blind $0.25
cmoneyman01: posts big blind $0.25
*** HOLE CARDS ***
Dealt to Alameda22 [5c 4h]
Sammy2212: folds 
abovem: calls $0.25
Alameda22: folds 
Aioras: folds 
LUCKYMONSTER: folds 
cmoneyman01: checks 
enright3060: folds 
garylubbes: calls $0.15
silver2871: checks 
*** FLOP *** [4d 6h 8s]
garylubbes: bets $1.25
silver2871: folds 
abovem: folds 
cmoneyman01 is connected 
cmoneyman01: folds 
Uncalled bet ($1.25) returned to garylubbes
garylubbes collected $0.95 from pot
garylubbes: shows [Ad 8h] (a pair of Eights)
*** SUMMARY ***
Total pot $1 | Rake $0.05 
Board [4d 6h 8s]
Seat 1: garylubbes (small blind) collected ($0.95)
Seat 2: silver2871 (big blind) folded on the Flop
Seat 3: Sammy2212 folded before Flop (didn't bet)
Seat 4: abovem folded on the Flop
Seat 5: Alameda22 folded before Flop (didn't bet)
Seat 6: Aioras folded before Flop (didn't bet)
Seat 7: LUCKYMONSTER folded before Flop (didn't bet)
Seat 8: cmoneyman01 folded on the Flop
Seat 9: enright3060 (button) folded before Flop (didn't bet)



PokerStars Game #19903926173:  Hold'em No Limit ($0.10/$0.25) - 2008/08/26 - 00:07:06 (ET)
Table 'Haffner' 9-max Seat #1 is the button
Seat 1: garylubbes ($34.95 in chips) 
Seat 2: silver2871 ($24 in chips) 
Seat 3: Sammy2212 ($11.30 in chips) 
Seat 4: abovem ($17.20 in chips) 
Seat 5: Alameda22 ($14.60 in chips) 
Seat 6: Aioras ($19.40 in chips) 
Seat 7: LUCKYMONSTER ($23.70 in chips) 
Seat 8: cmoneyman01 ($24.75 in chips) 
Seat 9: enright3060 ($24.25 in chips) 
silver2871: posts small blind $0.10
Sammy2212: posts big blind $0.25
*** HOLE CARDS ***
Dealt to Alameda22 [Tc 6s]
abovem: folds 
Alameda22: folds 
abovem leaves the table
Aioras: folds 
LUCKYMONSTER: folds 
cmoneyman01: folds 
enright3060: calls $0.25
garylubbes: calls $0.25
silver2871: calls $0.15
Sammy2212: checks 
*** FLOP *** [2c Kh 7d]
silver2871: checks 
Sammy2212: checks 
enright3060: bets $1
garylubbes: folds 
silver2871: folds 
Sammy2212: folds 
Uncalled bet ($1) returned to enright3060
enright3060 collected $0.95 from pot
*** SUMMARY ***
Total pot $1 | Rake $0.05 
Board [2c Kh 7d]
Seat 1: garylubbes (button) folded on the Flop
Seat 2: silver2871 (small blind) folded on the Flop
Seat 3: Sammy2212 (big blind) folded on the Flop
Seat 4: abovem folded before Flop (didn't bet)
Seat 5: Alameda22 folded before Flop (didn't bet)
Seat 6: Aioras folded before Flop (didn't bet)
Seat 7: LUCKYMONSTER folded before Flop (didn't bet)
Seat 8: cmoneyman01 folded before Flop (didn't bet)
Seat 9: enright3060 collected ($0.95)



PokerStars Game #19903952306:  Hold'em No Limit ($0.10/$0.25) - 2008/08/26 - 00:08:33 (ET)
Table 'Haffner' 9-max Seat #2 is the button
Seat 1: garylubbes ($34.70 in chips) 
Seat 2: silver2871 ($23.75 in chips) 
Seat 3: Sammy2212 ($11.05 in chips) 
Seat 5: Alameda22 ($14.60 in chips) 
Seat 6: Aioras ($19.40 in chips) 
Seat 7: LUCKYMONSTER ($23.70 in chips) 
Seat 8: cmoneyman01 ($24.75 in chips) 
Seat 9: enright3060 ($24.95 in chips) 
Sammy2212: posts small blind $0.10
Alameda22: posts big blind $0.25
*** HOLE CARDS ***
Dealt to Alameda22 [9c 4h]
Aioras: folds 
LUCKYMONSTER: folds 
cmoneyman01: folds 
enright3060: folds 
garylubbes: calls $0.25
silver2871: folds 
Sammy2212: calls $0.15
Alameda22: checks 
*** FLOP *** [9s Th 8h]
Sammy2212: checks 
Alameda22: checks 
garylubbes: checks 
*** TURN *** [9s Th 8h] [8c]
Sammy2212: checks 
Alameda22: checks 
garylubbes: checks 
*** RIVER *** [9s Th 8h 8c] [Ah]
Sammy2212: checks 
Alameda22: checks 
garylubbes: checks 
*** SHOW DOWN ***
Sammy2212: shows [4d 3d] (a pair of Eights)
Alameda22: shows [9c 4h] (two pair, Nines and Eights)
garylubbes: mucks hand 
Alameda22 collected $0.75 from pot
*** SUMMARY ***
Total pot $0.75 | Rake $0 
Board [9s Th 8h 8c Ah]
Seat 1: garylubbes mucked [2s 5s]
Seat 2: silver2871 (button) folded before Flop (didn't bet)
Seat 3: Sammy2212 (small blind) showed [4d 3d] and lost with a pair of Eights
Seat 5: Alameda22 (big blind) showed [9c 4h] and won ($0.75) with two pair, Nines and Eights
Seat 6: Aioras folded before Flop (didn't bet)
Seat 7: LUCKYMONSTER folded before Flop (didn't bet)
Seat 8: cmoneyman01 folded before Flop (didn't bet)
Seat 9: enright3060 folded before Flop (didn't bet)



PokerStars Game #19903981842:  Hold'em No Limit ($0.10/$0.25) - 2008/08/26 - 00:10:12 (ET)
Table 'Haffner' 9-max Seat #3 is the button
Seat 1: garylubbes ($34.45 in chips) 
Seat 2: silver2871 ($23.75 in chips) 
Seat 3: Sammy2212 ($10.80 in chips) 
Seat 5: Alameda22 ($15.10 in chips) 
Seat 6: Aioras ($19.40 in chips) 
Seat 7: LUCKYMONSTER ($23.70 in chips) 
Seat 8: cmoneyman01 ($24.75 in chips) 
Seat 9: enright3060 ($24.95 in chips) 
Alameda22: posts small blind $0.10
Aioras: posts big blind $0.25
*** HOLE CARDS ***
Dealt to Alameda22 [9d As]
LUCKYMONSTER: folds 
cmoneyman01: folds 
enright3060: folds 
garylubbes: folds 
garylubbes leaves the table
silver2871: folds 
Sammy2212: folds 
Alameda22: calls $0.15
Aioras: checks 
*** FLOP *** [Ah Td 5c]
Alameda22: checks 
Aioras: bets $0.75
Alameda22: calls $0.75
*** TURN *** [Ah Td 5c] [Ks]
Alameda22: checks 
Aioras: checks 
*** RIVER *** [Ah Td 5c Ks] [3c]
Alameda22: bets $1
Aioras: calls $1
*** SHOW DOWN ***
Alameda22: shows [9d As] (a pair of Aces)
Aioras: mucks hand 
Alameda22 collected $3.85 from pot
*** SUMMARY ***
Total pot $4 | Rake $0.15 
Board [Ah Td 5c Ks 3c]
Seat 1: garylubbes folded before Flop (didn't bet)
Seat 2: silver2871 folded before Flop (didn't bet)
Seat 3: Sammy2212 (button) folded before Flop (didn't bet)
Seat 5: Alameda22 (small blind) showed [9d As] and won ($3.85) with a pair of Aces
Seat 6: Aioras (big blind) mucked [Ac 7c]
Seat 7: LUCKYMONSTER folded before Flop (didn't bet)
Seat 8: cmoneyman01 folded before Flop (didn't bet)
Seat 9: enright3060 folded before Flop (didn't bet)



PokerStars Game #19904007429:  Hold'em No Limit ($0.10/$0.25) - 2008/08/26 - 00:11:38 (ET)
Table 'Haffner' 9-max Seat #5 is the button
Seat 2: silver2871 ($23.75 in chips) 
Seat 3: Sammy2212 ($10.80 in chips) 
Seat 5: Alameda22 ($16.95 in chips) 
Seat 6: Aioras ($25 in chips) 
Seat 7: LUCKYMONSTER ($23.70 in chips) 
Seat 8: cmoneyman01 ($24.75 in chips) 
Seat 9: enright3060 ($24.95 in chips) 
Aioras: posts small blind $0.10
LUCKYMONSTER: posts big blind $0.25
*** HOLE CARDS ***
Dealt to Alameda22 [3d Ac]
cmoneyman01: folds 
enright3060: folds 
silver2871: raises $0.50 to $0.75
Sammy2212: folds 
Alameda22: folds 
Aioras: folds 
LUCKYMONSTER: folds 
Uncalled bet ($0.50) returned to silver2871
silver2871 collected $0.60 from pot
*** SUMMARY ***
Total pot $0.60 | Rake $0 
Seat 2: silver2871 collected ($0.60)
Seat 3: Sammy2212 folded before Flop (didn't bet)
Seat 5: Alameda22 (button) folded before Flop (didn't bet)
Seat 6: Aioras (small blind) folded before Flop
Seat 7: LUCKYMONSTER (big blind) folded before Flop
Seat 8: cmoneyman01 folded before Flop (didn't bet)
Seat 9: enright3060 folded before Flop (didn't bet)



PokerStars Game #19904018377:  Hold'em No Limit ($0.10/$0.25) - 2008/08/26 - 00:12:15 (ET)
Table 'Haffner' 9-max Seat #6 is the button
Seat 2: silver2871 ($24.10 in chips) 
Seat 3: Sammy2212 ($10.80 in chips) 
Seat 5: Alameda22 ($16.95 in chips) 
Seat 6: Aioras ($24.90 in chips) 
Seat 7: LUCKYMONSTER ($23.45 in chips) 
Seat 8: cmoneyman01 ($24.75 in chips) 
Seat 9: enright3060 ($24.95 in chips) 
LUCKYMONSTER: posts small blind $0.10
cmoneyman01: posts big blind $0.25
*** HOLE CARDS ***
Dealt to Alameda22 [3s 6s]
enright3060: folds 
silver2871: calls $0.25
Sammy2212: folds 
Alameda22: folds 
Aioras: folds 
LUCKYMONSTER: folds 
cmoneyman01: checks 
*** FLOP *** [3c Qs 9d]
cmoneyman01: checks 
silver2871: bets $0.50
cmoneyman01: calls $0.50
*** TURN *** [3c Qs 9d] [Ac]
cmoneyman01: checks 
silver2871: checks 
*** RIVER *** [3c Qs 9d Ac] [Td]
cmoneyman01: bets $1
cuemasta77 joins the table at seat #1 
silver2871: calls $1
*** SHOW DOWN ***
cmoneyman01: shows [3h Ad] (two pair, Aces and Threes)
silver2871: mucks hand 
cmoneyman01 collected $3.45 from pot
*** SUMMARY ***
Total pot $3.60 | Rake $0.15 
Board [3c Qs 9d Ac Td]
Seat 2: silver2871 mucked [Js Qd]
Seat 3: Sammy2212 folded before Flop (didn't bet)
Seat 5: Alameda22 folded before Flop (didn't bet)
Seat 6: Aioras (button) folded before Flop (didn't bet)
Seat 7: LUCKYMONSTER (small blind) folded before Flop
Seat 8: cmoneyman01 (big blind) showed [3h Ad] and won ($3.45) with two pair, Aces and Threes
Seat 9: enright3060 folded before Flop (didn't bet)



PokerStars Game #19904050137:  Hold'em No Limit ($0.10/$0.25) - 2008/08/26 - 00:14:02 (ET)
Table 'Haffner' 9-max Seat #7 is the button
Seat 2: silver2871 ($22.35 in chips) 
Seat 3: Sammy2212 ($10.80 in chips) 
Seat 5: Alameda22 ($16.95 in chips) 
Seat 6: Aioras ($24.90 in chips) 
Seat 7: LUCKYMONSTER ($23.35 in chips) 
Seat 8: cmoneyman01 ($26.45 in chips) 
Seat 9: enright3060 ($24.95 in chips) 
cmoneyman01: posts small blind $0.10
enright3060: posts big blind $0.25
cuemasta77: sits out 
*** HOLE CARDS ***
Dealt to Alameda22 [8s Js]
silver2871: calls $0.25
Sammy2212: folds 
Alameda22: folds 
Aioras: folds 
LUCKYMONSTER: folds 
cmoneyman01: folds 
enright3060: checks 
*** FLOP *** [6h 9c Ah]
enright3060: checks 
silver2871: bets $0.50
enright3060: folds 
Uncalled bet ($0.50) returned to silver2871
silver2871 collected $0.60 from pot
*** SUMMARY ***
Total pot $0.60 | Rake $0 
Board [6h 9c Ah]
Seat 2: silver2871 collected ($0.60)
Seat 3: Sammy2212 folded before Flop (didn't bet)
Seat 5: Alameda22 folded before Flop (didn't bet)
Seat 6: Aioras folded before Flop (didn't bet)
Seat 7: LUCKYMONSTER (button) folded before Flop (didn't bet)
Seat 8: cmoneyman01 (small blind) folded before Flop
Seat 9: enright3060 (big blind) folded on the Flop



PokerStars Game #19904071359:  Hold'em No Limit ($0.10/$0.25) - 2008/08/26 - 00:15:14 (ET)
Table 'Haffner' 9-max Seat #8 is the button
Seat 1: cuemasta77 ($5 in chips) 
Seat 2: silver2871 ($22.70 in chips) 
Seat 3: Sammy2212 ($10.80 in chips) 
Seat 5: Alameda22 ($25 in chips) 
Seat 6: Aioras ($24.90 in chips) 
Seat 7: LUCKYMONSTER ($23.35 in chips) 
Seat 8: cmoneyman01 ($26.35 in chips) 
Seat 9: enright3060 ($24.70 in chips) 
enright3060: posts small blind $0.10
cuemasta77: posts big blind $0.25
*** HOLE CARDS ***
Dealt to Alameda22 [7s 9c]
silver2871: folds 
Sammy2212: folds 
Alameda22: folds 
Soulhell joins the table at seat #4 
Aioras: folds 
LUCKYMONSTER: folds 
cmoneyman01: calls $0.25
enright3060: folds 
cuemasta77: checks 
*** FLOP *** [4d Jd Jh]
cuemasta77: checks 
cmoneyman01: checks 
*** TURN *** [4d Jd Jh] [3d]
cuemasta77: checks 
cmoneyman01: checks 
*** RIVER *** [4d Jd Jh 3d] [2s]
cuemasta77: checks 
cmoneyman01: checks 
*** SHOW DOWN ***
cuemasta77: shows [9h 2h] (two pair, Jacks and Deuces)
cmoneyman01: mucks hand 
cuemasta77 collected $0.60 from pot
*** SUMMARY ***
Total pot $0.60 | Rake $0 
Board [4d Jd Jh 3d 2s]
Seat 1: cuemasta77 (big blind) showed [9h 2h] and won ($0.60) with two pair, Jacks and Deuces
Seat 2: silver2871 folded before Flop (didn't bet)
Seat 3: Sammy2212 folded before Flop (didn't bet)
Seat 5: Alameda22 folded before Flop (didn't bet)
Seat 6: Aioras folded before Flop (didn't bet)
Seat 7: LUCKYMONSTER folded before Flop (didn't bet)
Seat 8: cmoneyman01 (button) mucked [Ah 8c]
Seat 9: enright3060 (small blind) folded before Flop



PokerStars Game #19904096081:  Hold'em No Limit ($0.10/$0.25) - 2008/08/26 - 00:16:39 (ET)
Table 'Haffner' 9-max Seat #9 is the button
Seat 1: cuemasta77 ($5.35 in chips) 
Seat 2: silver2871 ($25 in chips) 
Seat 3: Sammy2212 ($10.80 in chips) 
Seat 4: Soulhell ($25 in chips) 
Seat 5: Alameda22 ($25 in chips) 
Seat 6: Aioras ($24.90 in chips) 
Seat 7: LUCKYMONSTER ($23.35 in chips) 
Seat 8: cmoneyman01 ($26.10 in chips) 
Seat 9: enright3060 ($24.60 in chips) 
cuemasta77: posts small blind $0.10
silver2871: posts big blind $0.25
Soulhell: posts big blind $0.25
*** HOLE CARDS ***
Dealt to Alameda22 [Jc 7c]
Sammy2212: folds 
Soulhell: checks 
Alameda22: folds 
Aioras: raises $1 to $1.25
LUCKYMONSTER: folds 
cmoneyman01: folds 
enright3060: folds 
cuemasta77: folds 
silver2871: folds 
Soulhell: folds 
Uncalled bet ($1) returned to Aioras
Aioras collected $0.85 from pot
Aioras: doesn't show hand 
*** SUMMARY ***
Total pot $0.85 | Rake $0 
Seat 1: cuemasta77 (small blind) folded before Flop
Seat 2: silver2871 (big blind) folded before Flop
Seat 3: Sammy2212 folded before Flop (didn't bet)
Seat 4: Soulhell folded before Flop
Seat 5: Alameda22 folded before Flop (didn't bet)
Seat 6: Aioras collected ($0.85)
Seat 7: LUCKYMONSTER folded before Flop (didn't bet)
Seat 8: cmoneyman01 folded before Flop (didn't bet)
Seat 9: enright3060 (button) folded before Flop (didn't bet)



PokerStars Game #19904108414:  Hold'em No Limit ($0.10/$0.25) - 2008/08/26 - 00:17:21 (ET)
Table 'Haffner' 9-max Seat #1 is the button
Seat 1: cuemasta77 ($5.25 in chips) 
Seat 2: silver2871 ($24.75 in chips) 
Seat 3: Sammy2212 ($10.80 in chips) 
Seat 4: Soulhell ($24.75 in chips) 
Seat 5: Alameda22 ($25 in chips) 
Seat 6: Aioras ($25.50 in chips) 
Seat 7: LUCKYMONSTER ($23.35 in chips) 
Seat 8: cmoneyman01 ($26.10 in chips) 
Seat 9: enright3060 ($24.60 in chips) 
silver2871: posts small blind $0.10
Sammy2212: posts big blind $0.25
*** HOLE CARDS ***
Dealt to Alameda22 [7h Qd]
Soulhell: folds 
Alameda22: folds 
Aioras: folds 
LUCKYMONSTER: folds 
cmoneyman01: calls $0.25
enright3060: folds 
cuemasta77: folds 
silver2871: folds 
Sammy2212: checks 
*** FLOP *** [2s 2d 5s]
Sammy2212: checks 
cmoneyman01: checks 
*** TURN *** [2s 2d 5s] [9s]
Sammy2212: checks 
cmoneyman01: checks 
*** RIVER *** [2s 2d 5s 9s] [Ac]
Sammy2212: checks 
cmoneyman01: checks 
*** SHOW DOWN ***
Sammy2212: shows [4c Ad] (two pair, Aces and Deuces)
cmoneyman01: mucks hand 
Sammy2212 collected $0.60 from pot
*** SUMMARY ***
Total pot $0.60 | Rake $0 
Board [2s 2d 5s 9s Ac]
Seat 1: cuemasta77 (button) folded before Flop (didn't bet)
Seat 2: silver2871 (small blind) folded before Flop
Seat 3: Sammy2212 (big blind) showed [4c Ad] and won ($0.60) with two pair, Aces and Deuces
Seat 4: Soulhell folded before Flop (didn't bet)
Seat 5: Alameda22 folded before Flop (didn't bet)
Seat 6: Aioras folded before Flop (didn't bet)
Seat 7: LUCKYMONSTER folded before Flop (didn't bet)
Seat 8: cmoneyman01 mucked [Tc Jc]
Seat 9: enright3060 folded before Flop (didn't bet)



PokerStars Game #19904132540:  Hold'em No Limit ($0.10/$0.25) - 2008/08/26 - 00:18:45 (ET)
Table 'Haffner' 9-max Seat #2 is the button
Seat 1: cuemasta77 ($5.25 in chips) 
Seat 2: silver2871 ($24.65 in chips) 
Seat 3: Sammy2212 ($11.15 in chips) 
Seat 4: Soulhell ($24.75 in chips) 
Seat 5: Alameda22 ($25 in chips) 
Seat 6: Aioras ($25.50 in chips) 
Seat 7: LUCKYMONSTER ($23.35 in chips) 
Seat 8: cmoneyman01 ($25.85 in chips) 
Seat 9: enright3060 ($24.60 in chips) 
Sammy2212: posts small blind $0.10
Soulhell: posts big blind $0.25
*** HOLE CARDS ***
Dealt to Alameda22 [Qh As]
Alameda22: raises $0.50 to $0.75
Aioras: folds 
LUCKYMONSTER: folds 
cmoneyman01: folds 
enright3060: folds 
cuemasta77: folds 
silver2871: folds 
Sammy2212: folds 
Soulhell: calls $0.50
*** FLOP *** [3c 5h Kc]
Soulhell: checks 
Alameda22: bets $1
Soulhell: folds 
Uncalled bet ($1) returned to Alameda22
Alameda22 collected $1.55 from pot
Alameda22: doesn't show hand 
*** SUMMARY ***
Total pot $1.60 | Rake $0.05 
Board [3c 5h Kc]
Seat 1: cuemasta77 folded before Flop (didn't bet)
Seat 2: silver2871 (button) folded before Flop (didn't bet)
Seat 3: Sammy2212 (small blind) folded before Flop
Seat 4: Soulhell (big blind) folded on the Flop
Seat 5: Alameda22 collected ($1.55)
Seat 6: Aioras folded before Flop (didn't bet)
Seat 7: LUCKYMONSTER folded before Flop (didn't bet)
Seat 8: cmoneyman01 folded before Flop (didn't bet)
Seat 9: enright3060 folded before Flop (didn't bet)



PokerStars Game #19904149298:  Hold'em No Limit ($0.10/$0.25) - 2008/08/26 - 00:19:44 (ET)
Table 'Haffner' 9-max Seat #3 is the button
Seat 1: cuemasta77 ($5.25 in chips) 
Seat 2: silver2871 ($24.65 in chips) 
Seat 3: Sammy2212 ($11.05 in chips) 
Seat 4: Soulhell ($24 in chips) 
Seat 5: Alameda22 ($25.80 in chips) 
Seat 6: Aioras ($25.50 in chips) 
Seat 7: LUCKYMONSTER ($23.35 in chips) 
Seat 8: cmoneyman01 ($25.85 in chips) 
Seat 9: enright3060 ($24.60 in chips) 
Soulhell: posts small blind $0.10
Alameda22: posts big blind $0.25
*** HOLE CARDS ***
Dealt to Alameda22 [7c 3s]
Aioras: folds 
LUCKYMONSTER: folds 
cmoneyman01: folds 
enright3060: folds 
cuemasta77: folds 
silver2871: folds 
Sammy2212: folds 
Soulhell: folds 
Uncalled bet ($0.15) returned to Alameda22
Alameda22 collected $0.20 from pot
Alameda22: doesn't show hand 
*** SUMMARY ***
Total pot $0.20 | Rake $0 
Seat 1: cuemasta77 folded before Flop (didn't bet)
Seat 2: silver2871 folded before Flop (didn't bet)
Seat 3: Sammy2212 (button) folded before Flop (didn't bet)
Seat 4: Soulhell (small blind) folded before Flop
Seat 5: Alameda22 (big blind) collected ($0.20)
Seat 6: Aioras folded before Flop (didn't bet)
Seat 7: LUCKYMONSTER folded before Flop (didn't bet)
Seat 8: cmoneyman01 folded before Flop (didn't bet)
Seat 9: enright3060 folded before Flop (didn't bet)



PokerStars Game #19904157533:  Hold'em No Limit ($0.10/$0.25) - 2008/08/26 - 00:20:13 (ET)
Table 'Haffner' 9-max Seat #4 is the button
Seat 1: cuemasta77 ($5.25 in chips) 
Seat 2: silver2871 ($24.65 in chips) 
Seat 3: Sammy2212 ($11.05 in chips) 
Seat 4: Soulhell ($23.90 in chips) 
Seat 5: Alameda22 ($25.90 in chips) 
Seat 6: Aioras ($25.50 in chips) 
Seat 7: LUCKYMONSTER ($23.35 in chips) 
Seat 8: cmoneyman01 ($25.85 in chips) 
Seat 9: enright3060 ($24.60 in chips) 
Alameda22: posts small blind $0.10
Aioras: posts big blind $0.25
*** HOLE CARDS ***
Dealt to Alameda22 [3d 7d]
LUCKYMONSTER: raises $0.50 to $0.75
cmoneyman01: calls $0.75
enright3060: folds 
cuemasta77: folds 
silver2871: raises $2.75 to $3.50
Sammy2212: folds 
Soulhell: folds 
Alameda22: folds 
Aioras: folds 
LUCKYMONSTER: folds 
cmoneyman01: calls $2.75
*** FLOP *** [7s 5h 9h]
LUCKYMONSTER leaves the table
cmoneyman01: checks 
silver2871: bets $4.75
cmoneyman01: folds 
Uncalled bet ($4.75) returned to silver2871
silver2871 collected $7.70 from pot
*** SUMMARY ***
Total pot $8.10 | Rake $0.40 
Board [7s 5h 9h]
Seat 1: cuemasta77 folded before Flop (didn't bet)
Seat 2: silver2871 collected ($7.70)
Seat 3: Sammy2212 folded before Flop (didn't bet)
Seat 4: Soulhell (button) folded before Flop (didn't bet)
Seat 5: Alameda22 (small blind) folded before Flop
Seat 6: Aioras (big blind) folded before Flop
Seat 7: LUCKYMONSTER folded before Flop
Seat 8: cmoneyman01 folded on the Flop
Seat 9: enright3060 folded before Flop (didn't bet)



PokerStars Game #19904180356:  Hold'em No Limit ($0.10/$0.25) - 2008/08/26 - 00:21:32 (ET)
Table 'Haffner' 9-max Seat #5 is the button
Seat 1: cuemasta77 ($5.25 in chips) 
Seat 2: silver2871 ($28.85 in chips) 
Seat 3: Sammy2212 ($11.05 in chips) 
Seat 4: Soulhell ($23.90 in chips) 
Seat 5: Alameda22 ($25.80 in chips) 
Seat 6: Aioras ($25.25 in chips) 
Seat 8: cmoneyman01 ($22.35 in chips) 
Seat 9: enright3060 ($24.60 in chips) 
Aioras: posts small blind $0.10
cmoneyman01: posts big blind $0.25
*** HOLE CARDS ***
Dealt to Alameda22 [Js Qd]
enright3060: folds 
cuemasta77: folds 
silver2871: folds 
Sammy2212: folds 
Soulhell: folds 
Alameda22: folds 
Aioras: folds 
Uncalled bet ($0.15) returned to cmoneyman01
cmoneyman01 collected $0.20 from pot
cmoneyman01: doesn't show hand 
*** SUMMARY ***
Total pot $0.20 | Rake $0 
Seat 1: cuemasta77 folded before Flop (didn't bet)
Seat 2: silver2871 folded before Flop (didn't bet)
Seat 3: Sammy2212 folded before Flop (didn't bet)
Seat 4: Soulhell folded before Flop (didn't bet)
Seat 5: Alameda22 (button) folded before Flop (didn't bet)
Seat 6: Aioras (small blind) folded before Flop
Seat 8: cmoneyman01 (big blind) collected ($0.20)
Seat 9: enright3060 folded before Flop (didn't bet)



PokerStars Game #19904192447:  Hold'em No Limit ($0.10/$0.25) - 2008/08/26 - 00:22:15 (ET)
Table 'Haffner' 9-max Seat #6 is the button
Seat 1: cuemasta77 ($5.25 in chips) 
Seat 2: silver2871 ($28.85 in chips) 
Seat 3: Sammy2212 ($11.05 in chips) 
Seat 4: Soulhell ($23.90 in chips) 
Seat 5: Alameda22 ($25.80 in chips) 
Seat 6: Aioras ($25.15 in chips) 
Seat 8: cmoneyman01 ($22.45 in chips) 
Seat 9: enright3060 ($24.60 in chips) 
cmoneyman01: posts small blind $0.10
enright3060: posts big blind $0.25
*** HOLE CARDS ***
Dealt to Alameda22 [7h Qc]
UNLVbunny joins the table at seat #7 
cuemasta77: raises $0.50 to $0.75
silver2871: folds 
Sammy2212: folds 
Soulhell: folds 
Alameda22: folds 
Aioras: folds 
cmoneyman01: folds 
enright3060: folds 
Uncalled bet ($0.50) returned to cuemasta77
cuemasta77 collected $0.60 from pot
cuemasta77: doesn't show hand 
*** SUMMARY ***
Total pot $0.60 | Rake $0 
Seat 1: cuemasta77 collected ($0.60)
Seat 2: silver2871 folded before Flop (didn't bet)
Seat 3: Sammy2212 folded before Flop (didn't bet)
Seat 4: Soulhell folded before Flop (didn't bet)
Seat 5: Alameda22 folded before Flop (didn't bet)
Seat 6: Aioras (button) folded before Flop (didn't bet)
Seat 8: cmoneyman01 (small blind) folded before Flop
Seat 9: enright3060 (big blind) folded before Flop



PokerStars Game #19904211278:  Hold'em No Limit ($0.10/$0.25) - 2008/08/26 - 00:23:22 (ET)
Table 'Haffner' 9-max Seat #8 is the button
Seat 1: cuemasta77 ($5.60 in chips) 
Seat 2: silver2871 ($28.85 in chips) 
Seat 3: Sammy2212 ($11.05 in chips) 
Seat 4: Soulhell ($23.90 in chips) 
Seat 5: Alameda22 ($25.80 in chips) 
Seat 6: Aioras ($25.15 in chips) 
Seat 7: UNLVbunny ($25 in chips) 
Seat 8: cmoneyman01 ($22.35 in chips) 
Seat 9: enright3060 ($24.35 in chips) 
enright3060: posts small blind $0.10
cuemasta77: posts big blind $0.25
UNLVbunny: posts big blind $0.25
*** HOLE CARDS ***
Dealt to Alameda22 [5s 2s]
silver2871: folds 
Sammy2212: folds 
Soulhell: raises $0.75 to $1
Alameda22: folds 
Aioras: folds 
UNLVbunny: folds 
cmoneyman01: calls $1
enright3060: folds 
cuemasta77: calls $0.75
*** FLOP *** [7h 5c 6d]
cuemasta77: checks 
Soulhell: bets $1.50
cmoneyman01: calls $1.50
cuemasta77: folds 
*** TURN *** [7h 5c 6d] [9c]
Soulhell: bets $1.75
cmoneyman01: calls $1.75
*** RIVER *** [7h 5c 6d 9c] [9s]
Soulhell: checks 
cmoneyman01: bets $4
Soulhell: folds 
Uncalled bet ($4) returned to cmoneyman01
cmoneyman01 collected $9.40 from pot
cmoneyman01: doesn't show hand 
*** SUMMARY ***
Total pot $9.85 | Rake $0.45 
Board [7h 5c 6d 9c 9s]
Seat 1: cuemasta77 (big blind) folded on the Flop
Seat 2: silver2871 folded before Flop (didn't bet)
Seat 3: Sammy2212 folded before Flop (didn't bet)
Seat 4: Soulhell folded on the River
Seat 5: Alameda22 folded before Flop (didn't bet)
Seat 6: Aioras folded before Flop (didn't bet)
Seat 7: UNLVbunny folded before Flop
Seat 8: cmoneyman01 (button) collected ($9.40)
Seat 9: enright3060 (small blind) folded before Flop



PokerStars Game #19904234093:  Hold'em No Limit ($0.10/$0.25) - 2008/08/26 - 00:24:43 (ET)
Table 'Haffner' 9-max Seat #9 is the button
Seat 1: cuemasta77 ($4.60 in chips) 
Seat 2: silver2871 ($28.85 in chips) 
Seat 3: Sammy2212 ($11.05 in chips) 
Seat 4: Soulhell ($19.65 in chips) 
Seat 5: Alameda22 ($25.80 in chips) 
Seat 6: Aioras ($25.15 in chips) 
Seat 7: UNLVbunny ($24.75 in chips) 
Seat 8: cmoneyman01 ($27.50 in chips) 
Seat 9: enright3060 ($24.25 in chips) 
cuemasta77: posts small blind $0.10
silver2871: posts big blind $0.25
*** HOLE CARDS ***
Dealt to Alameda22 [7h Ks]
Sammy2212: folds 
Soulhell: folds 
Alameda22: folds 
Aioras: folds 
UNLVbunny: folds 
cmoneyman01: calls $0.25
enright3060: folds 
cuemasta77: folds 
silver2871: checks 
*** FLOP *** [4s 8h Ac]
silver2871: checks 
cmoneyman01: checks 
*** TURN *** [4s 8h Ac] [Ad]
silver2871: checks 
cmoneyman01: bets $0.75
silver2871: folds 
Uncalled bet ($0.75) returned to cmoneyman01
cmoneyman01 collected $0.60 from pot
cmoneyman01: doesn't show hand 
*** SUMMARY ***
Total pot $0.60 | Rake $0 
Board [4s 8h Ac Ad]
Seat 1: cuemasta77 (small blind) folded before Flop
Seat 2: silver2871 (big blind) folded on the Turn
Seat 3: Sammy2212 folded before Flop (didn't bet)
Seat 4: Soulhell folded before Flop (didn't bet)
Seat 5: Alameda22 folded before Flop (didn't bet)
Seat 6: Aioras folded before Flop (didn't bet)
Seat 7: UNLVbunny folded before Flop (didn't bet)
Seat 8: cmoneyman01 collected ($0.60)
Seat 9: enright3060 (button) folded before Flop (didn't bet)



PokerStars Game #19904258768:  Hold'em No Limit ($0.10/$0.25) - 2008/08/26 - 00:26:11 (ET)
Table 'Haffner' 9-max Seat #1 is the button
Seat 1: cuemasta77 ($4.50 in chips) 
Seat 2: silver2871 ($28.60 in chips) 
Seat 3: Sammy2212 ($11.05 in chips) 
Seat 4: Soulhell ($19.65 in chips) 
Seat 5: Alameda22 ($25.80 in chips) 
Seat 6: Aioras ($25.15 in chips) 
Seat 7: UNLVbunny ($24.75 in chips) 
Seat 8: cmoneyman01 ($27.85 in chips) 
Seat 9: enright3060 ($24.25 in chips) 
silver2871: posts small blind $0.10
Sammy2212: posts big blind $0.25
*** HOLE CARDS ***
Dealt to Alameda22 [Kc Qc]
Soulhell: folds 
Alameda22: folds 
Aioras: folds 
UNLVbunny: folds 
cmoneyman01: folds 
enright3060: folds 
cuemasta77: folds 
silver2871: calls $0.15
Sammy2212: checks 
*** FLOP *** [Jd Js 9s]
silver2871: checks 
Sammy2212: checks 
*** TURN *** [Jd Js 9s] [2c]
silver2871: checks 
Sammy2212: checks 
*** RIVER *** [Jd Js 9s 2c] [Ts]
silver2871: checks 
Sammy2212: checks 
*** SHOW DOWN ***
silver2871: shows [6h 4h] (a pair of Jacks)
Sammy2212: shows [9d 8s] (two pair, Jacks and Nines)
Sammy2212 collected $0.50 from pot
*** SUMMARY ***
Total pot $0.50 | Rake $0 
Board [Jd Js 9s 2c Ts]
Seat 1: cuemasta77 (button) folded before Flop (didn't bet)
Seat 2: silver2871 (small blind) showed [6h 4h] and lost with a pair of Jacks
Seat 3: Sammy2212 (big blind) showed [9d 8s] and won ($0.50) with two pair, Jacks and Nines
Seat 4: Soulhell folded before Flop (didn't bet)
Seat 5: Alameda22 folded before Flop (didn't bet)
Seat 6: Aioras folded before Flop (didn't bet)
Seat 7: UNLVbunny folded before Flop (didn't bet)
Seat 8: cmoneyman01 folded before Flop (didn't bet)
Seat 9: enright3060 folded before Flop (didn't bet)



PokerStars Game #19904277539:  Hold'em No Limit ($0.10/$0.25) - 2008/08/26 - 00:27:19 (ET)
Table 'Haffner' 9-max Seat #2 is the button
Seat 1: cuemasta77 ($4.50 in chips) 
Seat 2: silver2871 ($28.35 in chips) 
Seat 3: Sammy2212 ($11.30 in chips) 
Seat 4: Soulhell ($25 in chips) 
Seat 5: Alameda22 ($25.80 in chips) 
Seat 6: Aioras ($25.15 in chips) 
Seat 7: UNLVbunny ($24.75 in chips) 
Seat 8: cmoneyman01 ($27.85 in chips) 
Seat 9: enright3060 ($24.25 in chips) 
Sammy2212: posts small blind $0.10
Soulhell: posts big blind $0.25
*** HOLE CARDS ***
Dealt to Alameda22 [Kh Ks]
Alameda22: raises $0.50 to $0.75
Aioras: folds 
Aioras leaves the table
UNLVbunny: folds 
cmoneyman01: folds 
enright3060: folds 
cuemasta77: calls $0.75
King Bundy joins the table at seat #6 
silver2871: folds 
Sammy2212: folds 
Soulhell: calls $0.50
*** FLOP *** [3c 2c Ah]
Soulhell: checks 
Alameda22: bets $1.50
cuemasta77: calls $1.50
Soulhell: folds 
*** TURN *** [3c 2c Ah] [Qd]
Alameda22: bets $3
cuemasta77: calls $2.25 and is all-in
Uncalled bet ($0.75) returned to Alameda22
*** RIVER *** [3c 2c Ah Qd] [Tc]
*** SHOW DOWN ***
Alameda22: shows [Kh Ks] (a pair of Kings)
cuemasta77: mucks hand 
Alameda22 collected $9.40 from pot
*** SUMMARY ***
Total pot $9.85 | Rake $0.45 
Board [3c 2c Ah Qd Tc]
Seat 1: cuemasta77 mucked [4d 4c]
Seat 2: silver2871 (button) folded before Flop (didn't bet)
Seat 3: Sammy2212 (small blind) folded before Flop
Seat 4: Soulhell (big blind) folded on the Flop
Seat 5: Alameda22 showed [Kh Ks] and won ($9.40) with a pair of Kings
Seat 6: Aioras folded before Flop (didn't bet)
Seat 7: UNLVbunny folded before Flop (didn't bet)
Seat 8: cmoneyman01 folded before Flop (didn't bet)
Seat 9: enright3060 folded before Flop (didn't bet)



PokerStars Game #19904302560:  Hold'em No Limit ($0.10/$0.25) - 2008/08/26 - 00:28:50 (ET)
Table 'Haffner' 9-max Seat #3 is the button
Seat 2: silver2871 ($28.35 in chips) 
Seat 3: Sammy2212 ($11.20 in chips) 
Seat 4: Soulhell ($24.25 in chips) 
Seat 5: Alameda22 ($30.70 in chips) 
Seat 7: UNLVbunny ($24.75 in chips) 
Seat 8: cmoneyman01 ($27.85 in chips) 
Seat 9: enright3060 ($24.25 in chips) 
Soulhell: posts small blind $0.10
Alameda22: posts big blind $0.25
King Bundy: sits out 
*** HOLE CARDS ***
Dealt to Alameda22 [Kd 7c]
UNLVbunny: calls $0.25
cuemasta77 leaves the table
cmoneyman01: folds 
enright3060: folds 
silver2871: folds 
Sammy2212: folds 
Soulhell: calls $0.15
Alameda22: checks 
*** FLOP *** [6c Td 4s]
Soulhell: checks 
Alameda22: checks 
UNLVbunny: bets $0.75
Soulhell: folds 
Alameda22: folds 
Uncalled bet ($0.75) returned to UNLVbunny
UNLVbunny collected $0.75 from pot
UNLVbunny: doesn't show hand 
*** SUMMARY ***
Total pot $0.75 | Rake $0 
Board [6c Td 4s]
Seat 2: silver2871 folded before Flop (didn't bet)
Seat 3: Sammy2212 (button) folded before Flop (didn't bet)
Seat 4: Soulhell (small blind) folded on the Flop
Seat 5: Alameda22 (big blind) folded on the Flop
Seat 7: UNLVbunny collected ($0.75)
Seat 8: cmoneyman01 folded before Flop (didn't bet)
Seat 9: enright3060 folded before Flop (didn't bet)



PokerStars Game #19904319821:  Hold'em No Limit ($0.10/$0.25) - 2008/08/26 - 00:29:54 (ET)
Table 'Haffner' 9-max Seat #4 is the button
Seat 2: silver2871 ($28.35 in chips) 
Seat 3: Sammy2212 ($11.20 in chips) 
Seat 4: Soulhell ($24 in chips) 
Seat 5: Alameda22 ($30.45 in chips) 
Seat 6: King Bundy ($25 in chips) 
Seat 7: UNLVbunny ($25.25 in chips) 
Seat 8: cmoneyman01 ($27.85 in chips) 
Seat 9: enright3060 ($24.25 in chips) 
Alameda22: posts small blind $0.10
King Bundy: posts big blind $0.25
*** HOLE CARDS ***
Dealt to Alameda22 [5s Js]
chipsNputts joins the table at seat #1 
UNLVbunny: calls $0.25
cmoneyman01: folds 
enright3060: folds 
silver2871: calls $0.25
Sammy2212: folds 
Soulhell: folds 
Alameda22: folds 
King Bundy: checks 
*** FLOP *** [2s 4d 9c]
King Bundy: bets $0.50
UNLVbunny: folds 
silver2871: folds 
Uncalled bet ($0.50) returned to King Bundy
King Bundy collected $0.85 from pot
*** SUMMARY ***
Total pot $0.85 | Rake $0 
Board [2s 4d 9c]
Seat 2: silver2871 folded on the Flop
Seat 3: Sammy2212 folded before Flop (didn't bet)
Seat 4: Soulhell (button) folded before Flop (didn't bet)
Seat 5: Alameda22 (small blind) folded before Flop
Seat 6: King Bundy (big blind) collected ($0.85)
Seat 7: UNLVbunny folded on the Flop
Seat 8: cmoneyman01 folded before Flop (didn't bet)
Seat 9: enright3060 folded before Flop (didn't bet)



PokerStars Game #19904337528:  Hold'em No Limit ($0.10/$0.25) - 2008/08/26 - 00:30:58 (ET)
Table 'Haffner' 9-max Seat #5 is the button
Seat 2: silver2871 ($28.10 in chips) 
Seat 3: Sammy2212 ($11.20 in chips) 
Seat 4: Soulhell ($24 in chips) 
Seat 5: Alameda22 ($30.35 in chips) 
Seat 6: King Bundy ($25.60 in chips) 
Seat 7: UNLVbunny ($25 in chips) 
Seat 8: cmoneyman01 ($27.85 in chips) 
Seat 9: enright3060 ($24.25 in chips) 
King Bundy: posts small blind $0.10
UNLVbunny: posts big blind $0.25
chipsNputts: sits out 
*** HOLE CARDS ***
Dealt to Alameda22 [5c 9s]
cmoneyman01: folds 
enright3060: folds 
silver2871: folds 
Sammy2212: folds 
Soulhell: folds 
Alameda22: folds 
King Bundy: calls $0.15
UNLVbunny: checks 
*** FLOP *** [Kc 2d 6s]
King Bundy: bets $0.30
UNLVbunny: folds 
Uncalled bet ($0.30) returned to King Bundy
King Bundy collected $0.50 from pot
King Bundy: doesn't show hand 
*** SUMMARY ***
Total pot $0.50 | Rake $0 
Board [Kc 2d 6s]
Seat 2: silver2871 folded before Flop (didn't bet)
Seat 3: Sammy2212 folded before Flop (didn't bet)
Seat 4: Soulhell folded before Flop (didn't bet)
Seat 5: Alameda22 (button) folded before Flop (didn't bet)
Seat 6: King Bundy (small blind) collected ($0.50)
Seat 7: UNLVbunny (big blind) folded on the Flop
Seat 8: cmoneyman01 folded before Flop (didn't bet)
Seat 9: enright3060 folded before Flop (didn't bet)



PokerStars Game #19904353254:  Hold'em No Limit ($0.10/$0.25) - 2008/08/26 - 00:31:51 (ET)
Table 'Haffner' 9-max Seat #6 is the button
Seat 2: silver2871 ($28.10 in chips) 
Seat 3: Sammy2212 ($11.20 in chips) 
Seat 4: Soulhell ($24 in chips) 
Seat 5: Alameda22 ($30.35 in chips) 
Seat 6: King Bundy ($25.85 in chips) 
Seat 7: UNLVbunny ($24.75 in chips) 
Seat 8: cmoneyman01 ($27.85 in chips) 
Seat 9: enright3060 ($24.25 in chips) 
UNLVbunny: posts small blind $0.10
cmoneyman01: posts big blind $0.25
chipsNputts: sits out 
*** HOLE CARDS ***
Dealt to Alameda22 [9h 8c]
enright3060: folds 
silver2871: raises $0.50 to $0.75
Sammy2212: folds 
Soulhell: folds 
Alameda22: folds 
King Bundy: folds 
UNLVbunny: calls $0.65
cmoneyman01: calls $0.50
*** FLOP *** [4c 7s 6d]
UNLVbunny: checks 
cmoneyman01: checks 
silver2871: bets $1.75
UNLVbunny: calls $1.75
cmoneyman01: folds 
*** TURN *** [4c 7s 6d] [2s]
UNLVbunny: checks 
silver2871: checks 
*** RIVER *** [4c 7s 6d 2s] [Kd]
UNLVbunny: checks 
silver2871: checks 
*** SHOW DOWN ***
UNLVbunny: shows [7d 5d] (a pair of Sevens)
silver2871: mucks hand 
UNLVbunny collected $5.50 from pot
*** SUMMARY ***
Total pot $5.75 | Rake $0.25 
Board [4c 7s 6d 2s Kd]
Seat 2: silver2871 mucked [Ah Qc]
Seat 3: Sammy2212 folded before Flop (didn't bet)
Seat 4: Soulhell folded before Flop (didn't bet)
Seat 5: Alameda22 folded before Flop (didn't bet)
Seat 6: King Bundy (button) folded before Flop (didn't bet)
Seat 7: UNLVbunny (small blind) showed [7d 5d] and won ($5.50) with a pair of Sevens
Seat 8: cmoneyman01 (big blind) folded on the Flop
Seat 9: enright3060 folded before Flop (didn't bet)



PokerStars Game #19904382510:  Hold'em No Limit ($0.10/$0.25) - 2008/08/26 - 00:33:33 (ET)
Table 'Haffner' 9-max Seat #7 is the button
Seat 2: silver2871 ($25.60 in chips) 
Seat 3: Sammy2212 ($11.20 in chips) 
Seat 4: Soulhell ($24 in chips) 
Seat 5: Alameda22 ($30.35 in chips) 
Seat 6: King Bundy ($25.85 in chips) 
Seat 7: UNLVbunny ($27.75 in chips) 
Seat 8: cmoneyman01 ($27.10 in chips) 
Seat 9: enright3060 ($24.25 in chips) 
cmoneyman01: posts small blind $0.10
enright3060: posts big blind $0.25
chipsNputts: sits out 
*** HOLE CARDS ***
Dealt to Alameda22 [5c Kc]
silver2871: calls $0.25
Sammy2212: folds 
Soulhell: folds 
Alameda22: folds 
King Bundy: folds 
UNLVbunny: calls $0.25
cmoneyman01: folds 
enright3060: checks 
*** FLOP *** [Js Jd Td]
enright3060: checks 
silver2871: checks 
UNLVbunny: checks 
*** TURN *** [Js Jd Td] [7c]
enright3060: bets $0.25
silver2871: calls $0.25
UNLVbunny: folds 
*** RIVER *** [Js Jd Td 7c] [As]
enright3060: bets $1
silver2871: calls $1
*** SHOW DOWN ***
enright3060: shows [7h Jc] (a full house, Jacks full of Sevens)
silver2871: mucks hand 
enright3060 collected $3.20 from pot
*** SUMMARY ***
Total pot $3.35 | Rake $0.15 
Board [Js Jd Td 7c As]
Seat 2: silver2871 mucked [6c Tc]
Seat 3: Sammy2212 folded before Flop (didn't bet)
Seat 4: Soulhell folded before Flop (didn't bet)
Seat 5: Alameda22 folded before Flop (didn't bet)
Seat 6: King Bundy folded before Flop (didn't bet)
Seat 7: UNLVbunny (button) folded on the Turn
Seat 8: cmoneyman01 (small blind) folded before Flop
Seat 9: enright3060 (big blind) showed [7h Jc] and won ($3.20) with a full house, Jacks full of Sevens



PokerStars Game #19904409949:  Hold'em No Limit ($0.10/$0.25) - 2008/08/26 - 00:35:09 (ET)
Table 'Haffner' 9-max Seat #8 is the button
Seat 1: chipsNputts ($25 in chips) 
Seat 2: silver2871 ($24.10 in chips) 
Seat 3: Sammy2212 ($11.20 in chips) 
Seat 4: Soulhell ($24 in chips) 
Seat 5: Alameda22 ($30.35 in chips) 
Seat 6: King Bundy ($25.85 in chips) 
Seat 7: UNLVbunny ($27.50 in chips) 
Seat 8: cmoneyman01 ($27 in chips) 
Seat 9: enright3060 ($25.95 in chips) 
enright3060: posts small blind $0.10
chipsNputts: posts big blind $0.25
*** HOLE CARDS ***
Dealt to Alameda22 [Ad 6s]
silver2871: calls $0.25
Sammy2212: folds 
Soulhell: folds 
Alameda22: folds 
King Bundy: calls $0.25
UNLVbunny: folds 
cmoneyman01: folds 
enright3060: calls $0.15
chipsNputts: raises $1.50 to $1.75
silver2871: folds 
King Bundy: calls $1.50
enright3060: folds 
*** FLOP *** [Ts 8c 6c]
chipsNputts: bets $3.25
King Bundy: calls $3.25
*** TURN *** [Ts 8c 6c] [Qs]
chipsNputts: bets $7.50
King Bundy: raises $13.35 to $20.85 and is all-in
chipsNputts: calls $12.50 and is all-in
Uncalled bet ($0.85) returned to King Bundy
*** RIVER *** [Ts 8c 6c Qs] [2c]
*** SHOW DOWN ***
chipsNputts: shows [Ac Ah] (a pair of Aces)
King Bundy: mucks hand 
chipsNputts collected $48 from pot
*** SUMMARY ***
Total pot $50.50 | Rake $2.50 
Board [Ts 8c 6c Qs 2c]
Seat 1: chipsNputts (big blind) showed [Ac Ah] and won ($48) with a pair of Aces
Seat 2: silver2871 folded before Flop
Seat 3: Sammy2212 folded before Flop (didn't bet)
Seat 4: Soulhell folded before Flop (didn't bet)
Seat 5: Alameda22 folded before Flop (didn't bet)
Seat 6: King Bundy mucked [9h Th]
Seat 7: UNLVbunny folded before Flop (didn't bet)
Seat 8: cmoneyman01 (button) folded before Flop (didn't bet)
Seat 9: enright3060 (small blind) folded before Flop



PokerStars Game #19904443355:  Hold'em No Limit ($0.10/$0.25) - 2008/08/26 - 00:37:07 (ET)
Table 'Haffner' 9-max Seat #9 is the button
Seat 1: chipsNputts ($48 in chips) 
Seat 2: silver2871 ($23.85 in chips) 
Seat 3: Sammy2212 ($11.20 in chips) 
Seat 4: Soulhell ($24 in chips) 
Seat 5: Alameda22 ($30.35 in chips) 
Seat 6: King Bundy ($0.85 in chips) 
Seat 7: UNLVbunny ($27.50 in chips) 
Seat 8: cmoneyman01 ($27 in chips) 
Seat 9: enright3060 ($25.70 in chips) 
chipsNputts: posts small blind $0.10
silver2871: posts big blind $0.25
*** HOLE CARDS ***
Dealt to Alameda22 [Jh Tc]
Sammy2212: folds 
Soulhell: folds 
Alameda22: folds 
King Bundy: calls $0.25
UNLVbunny: folds 
cmoneyman01: folds 
enright3060: folds 
chipsNputts: calls $0.15
silver2871: raises $1 to $1.25
King Bundy: calls $0.60 and is all-in
chipsNputts: folds 
Uncalled bet ($0.40) returned to silver2871
*** FLOP *** [6c 5d 3h]
*** TURN *** [6c 5d 3h] [3d]
*** RIVER *** [6c 5d 3h 3d] [8d]
*** SHOW DOWN ***
silver2871: shows [Jc Ac] (a pair of Threes)
King Bundy: shows [8h 8c] (a full house, Eights full of Threes)
King Bundy collected $1.90 from pot
*** SUMMARY ***
Total pot $1.95 | Rake $0.05 
Board [6c 5d 3h 3d 8d]
Seat 1: chipsNputts (small blind) folded before Flop
Seat 2: silver2871 (big blind) showed [Jc Ac] and lost with a pair of Threes
Seat 3: Sammy2212 folded before Flop (didn't bet)
Seat 4: Soulhell folded before Flop (didn't bet)
Seat 5: Alameda22 folded before Flop (didn't bet)
Seat 6: King Bundy showed [8h 8c] and won ($1.90) with a full house, Eights full of Threes
Seat 7: UNLVbunny folded before Flop (didn't bet)
Seat 8: cmoneyman01 folded before Flop (didn't bet)
Seat 9: enright3060 (button) folded before Flop (didn't bet)



PokerStars Game #19904462445:  Hold'em No Limit ($0.10/$0.25) - 2008/08/26 - 00:38:15 (ET)
Table 'Haffner' 9-max Seat #1 is the button
Seat 1: chipsNputts ($47.75 in chips) 
Seat 2: silver2871 ($23 in chips) 
Seat 3: Sammy2212 ($11.20 in chips) 
Seat 4: Soulhell ($24 in chips) 
Seat 5: Alameda22 ($30.35 in chips) 
Seat 6: King Bundy ($25 in chips) 
Seat 7: UNLVbunny ($27.50 in chips) 
Seat 8: cmoneyman01 ($27 in chips) 
Seat 9: enright3060 ($25.70 in chips) 
silver2871: posts small blind $0.10
Sammy2212: posts big blind $0.25
*** HOLE CARDS ***
Dealt to Alameda22 [Ad 9c]
Soulhell: raises $1 to $1.25
Alameda22: folds 
King Bundy: folds 
UNLVbunny: calls $1.25
cmoneyman01: calls $1.25
enright3060: folds 
chipsNputts: calls $1.25
silver2871: folds 
Sammy2212: folds 
*** FLOP *** [6c Jc 7h]
Soulhell: bets $5
UNLVbunny: calls $5
cmoneyman01: folds 
chipsNputts: folds 
*** TURN *** [6c Jc 7h] [7s]
Soulhell: bets $17.75 and is all-in
UNLVbunny: folds 
Uncalled bet ($17.75) returned to Soulhell
Soulhell collected $14.60 from pot
Soulhell: doesn't show hand 
*** SUMMARY ***
Total pot $15.35 | Rake $0.75 
Board [6c Jc 7h 7s]
Seat 1: chipsNputts (button) folded on the Flop
Seat 2: silver2871 (small blind) folded before Flop
Seat 3: Sammy2212 (big blind) folded before Flop
Seat 4: Soulhell collected ($14.60)
Seat 5: Alameda22 folded before Flop (didn't bet)
Seat 6: King Bundy folded before Flop (didn't bet)
Seat 7: UNLVbunny folded on the Turn
Seat 8: cmoneyman01 folded on the Flop
Seat 9: enright3060 folded before Flop (didn't bet)



PokerStars Game #19904490449:  Hold'em No Limit ($0.10/$0.25) - 2008/08/26 - 00:39:56 (ET)
Table 'Haffner' 9-max Seat #2 is the button
Seat 1: chipsNputts ($46.50 in chips) 
Seat 2: silver2871 ($25 in chips) 
Seat 3: Sammy2212 ($10.95 in chips) 
Seat 4: Soulhell ($32.35 in chips) 
Seat 5: Alameda22 ($30.35 in chips) 
Seat 6: King Bundy ($25 in chips) 
Seat 7: UNLVbunny ($21.25 in chips) 
Seat 8: cmoneyman01 ($25.75 in chips) 
Seat 9: enright3060 ($25.70 in chips) 
Sammy2212: posts small blind $0.10
Soulhell: posts big blind $0.25
*** HOLE CARDS ***
Dealt to Alameda22 [5c 3d]
Alameda22: folds 
King Bundy: folds 
UNLVbunny: folds 
cmoneyman01: raises $0.75 to $1
enright3060: calls $1
chipsNputts: folds 
silver2871: folds 
Sammy2212: folds 
Soulhell: folds 
*** FLOP *** [8d Jc 4h]
cmoneyman01: bets $2
enright3060: raises $2 to $4
cmoneyman01: raises $20.75 to $24.75 and is all-in
enright3060: calls $20.70 and is all-in
Uncalled bet ($0.05) returned to cmoneyman01
*** TURN *** [8d Jc 4h] [2d]
*** RIVER *** [8d Jc 4h 2d] [Qc]
*** SHOW DOWN ***
cmoneyman01: shows [Ks Kh] (a pair of Kings)
enright3060: shows [Qs Qd] (three of a kind, Queens)
enright3060 collected $49.20 from pot
*** SUMMARY ***
Total pot $51.75 | Rake $2.55 
Board [8d Jc 4h 2d Qc]
Seat 1: chipsNputts folded before Flop (didn't bet)
Seat 2: silver2871 (button) folded before Flop (didn't bet)
Seat 3: Sammy2212 (small blind) folded before Flop
Seat 4: Soulhell (big blind) folded before Flop
Seat 5: Alameda22 folded before Flop (didn't bet)
Seat 6: King Bundy folded before Flop (didn't bet)
Seat 7: UNLVbunny folded before Flop (didn't bet)
Seat 8: cmoneyman01 showed [Ks Kh] and lost with a pair of Kings
Seat 9: enright3060 showed [Qs Qd] and won ($49.20) with three of a kind, Queens



PokerStars Game #19904509320:  Hold'em No Limit ($0.10/$0.25) - 2008/08/26 - 00:41:03 (ET)
Table 'Haffner' 9-max Seat #3 is the button
Seat 1: chipsNputts ($46.50 in chips) 
Seat 2: silver2871 ($25 in chips) 
Seat 3: Sammy2212 ($10.85 in chips) 
Seat 4: Soulhell ($32.10 in chips) 
Seat 5: Alameda22 ($30.35 in chips) 
Seat 6: King Bundy ($25 in chips) 
Seat 7: UNLVbunny ($21.25 in chips) 
Seat 9: enright3060 ($49.20 in chips) 
Soulhell: posts small blind $0.10
Alameda22: posts big blind $0.25
*** HOLE CARDS ***
Dealt to Alameda22 [Kd 7s]
King Bundy: folds 
UNLVbunny: calls $0.25
enright3060: folds 
chipsNputts: folds 
cmoneyman01 has returned
silver2871: raises $1.25 to $1.50
Sammy2212: folds 
Soulhell: folds 
Alameda22: folds 
UNLVbunny: calls $1.25
*** FLOP *** [9h 6c Kh]
Soulhell leaves the table
UNLVbunny: checks 
silver2871: bets $2.25
UNLVbunny: folds 
Uncalled bet ($2.25) returned to silver2871
silver2871 collected $3.20 from pot
*** SUMMARY ***
Total pot $3.35 | Rake $0.15 
Board [9h 6c Kh]
Seat 1: chipsNputts folded before Flop (didn't bet)
Seat 2: silver2871 collected ($3.20)
Seat 3: Sammy2212 (button) folded before Flop (didn't bet)
Seat 4: Soulhell (small blind) folded before Flop
Seat 5: Alameda22 (big blind) folded before Flop
Seat 6: King Bundy folded before Flop (didn't bet)
Seat 7: UNLVbunny folded on the Flop
Seat 9: enright3060 folded before Flop (didn't bet)



PokerStars Game #19904527652:  Hold'em No Limit ($0.10/$0.25) - 2008/08/26 - 00:42:09 (ET)
Table 'Haffner' 9-max Seat #5 is the button
Seat 1: chipsNputts ($46.50 in chips) 
Seat 2: silver2871 ($26.70 in chips) 
Seat 3: Sammy2212 ($10.85 in chips) 
Seat 5: Alameda22 ($30.10 in chips) 
Seat 6: King Bundy ($25 in chips) 
Seat 7: UNLVbunny ($19.75 in chips) 
Seat 8: cmoneyman01 ($25 in chips) 
Seat 9: enright3060 ($49.20 in chips) 
King Bundy: posts small blind $0.10
UNLVbunny: posts big blind $0.25
*** HOLE CARDS ***
Dealt to Alameda22 [5d Ad]
cmoneyman01: calls $0.25
Frontkicker joins the table at seat #4 
Frontkicker is sitting out
enright3060: folds 
chipsNputts: folds 
silver2871: folds 
Sammy2212: folds 
Alameda22: folds 
King Bundy: calls $0.15
UNLVbunny: checks 
*** FLOP *** [As 8s 6c]
King Bundy: checks 
UNLVbunny: bets $0.25
cmoneyman01: calls $0.25
King Bundy: folds 
*** TURN *** [As 8s 6c] [Tc]
UNLVbunny: bets $0.25
cmoneyman01: calls $0.25
*** RIVER *** [As 8s 6c Tc] [6h]
UNLVbunny: bets $1
cmoneyman01: folds 
Uncalled bet ($1) returned to UNLVbunny
UNLVbunny collected $1.70 from pot
UNLVbunny: doesn't show hand 
*** SUMMARY ***
Total pot $1.75 | Rake $0.05 
Board [As 8s 6c Tc 6h]
Seat 1: chipsNputts folded before Flop (didn't bet)
Seat 2: silver2871 folded before Flop (didn't bet)
Seat 3: Sammy2212 folded before Flop (didn't bet)
Seat 5: Alameda22 (button) folded before Flop (didn't bet)
Seat 6: King Bundy (small blind) folded on the Flop
Seat 7: UNLVbunny (big blind) collected ($1.70)
Seat 8: cmoneyman01 folded on the River
Seat 9: enright3060 folded before Flop (didn't bet)



PokerStars Game #19904548809:  Hold'em No Limit ($0.10/$0.25) - 2008/08/26 - 00:43:27 (ET)
Table 'Haffner' 9-max Seat #6 is the button
Seat 1: chipsNputts ($46.50 in chips) 
Seat 2: silver2871 ($26.70 in chips) 
Seat 3: Sammy2212 ($10.85 in chips) 
Seat 5: Alameda22 ($30.10 in chips) 
Seat 6: King Bundy ($24.75 in chips) 
Seat 7: UNLVbunny ($20.70 in chips) 
Seat 8: cmoneyman01 ($24.25 in chips) 
Seat 9: enright3060 ($49.20 in chips) 
UNLVbunny: posts small blind $0.10
cmoneyman01: posts big blind $0.25
*** HOLE CARDS ***
Dealt to Alameda22 [Qc Ac]
enright3060: folds 
chipsNputts: raises $0.75 to $1
silver2871: folds 
Sammy2212: folds 
Alameda22: calls $1
King Bundy: folds 
UNLVbunny: folds 
cmoneyman01: folds 
*** FLOP *** [9s Jh Qd]
chipsNputts: bets $1.75
Alameda22: raises $3.25 to $5
chipsNputts: calls $3.25
*** TURN *** [9s Jh Qd] [Ah]
chipsNputts: checks 
Frontkicker has returned
Alameda22: bets $7.50
chipsNputts: calls $7.50
*** RIVER *** [9s Jh Qd Ah] [5h]
chipsNputts: checks 
Alameda22: bets $16.60 and is all-in
chipsNputts: folds 
Uncalled bet ($16.60) returned to Alameda22
Alameda22 collected $26.05 from pot
Alameda22: doesn't show hand 
*** SUMMARY ***
Total pot $27.35 | Rake $1.30 
Board [9s Jh Qd Ah 5h]
Seat 1: chipsNputts folded on the River
Seat 2: silver2871 folded before Flop (didn't bet)
Seat 3: Sammy2212 folded before Flop (didn't bet)
Seat 5: Alameda22 collected ($26.05)
Seat 6: King Bundy (button) folded before Flop (didn't bet)
Seat 7: UNLVbunny (small blind) folded before Flop
Seat 8: cmoneyman01 (big blind) folded before Flop
Seat 9: enright3060 folded before Flop (didn't bet)



PokerStars Game #19904596455:  Hold'em No Limit ($0.10/$0.25) - 2008/08/26 - 00:46:24 (ET)
Table 'Haffner' 9-max Seat #7 is the button
Seat 1: chipsNputts ($33 in chips) 
Seat 2: silver2871 ($26.70 in chips) 
Seat 3: Sammy2212 ($10.85 in chips) 
Seat 5: Alameda22 ($42.65 in chips) 
Seat 6: King Bundy ($24.75 in chips) 
Seat 7: UNLVbunny ($20.60 in chips) 
Seat 8: cmoneyman01 ($24 in chips) 
Seat 9: enright3060 ($49.20 in chips) 
cmoneyman01: posts small blind $0.10
enright3060: posts big blind $0.25
Frontkicker: sits out 
*** HOLE CARDS ***
Dealt to Alameda22 [Qc Qh]
chipsNputts: calls $0.25
silver2871: folds 
Sammy2212: folds 
Alameda22: raises $0.75 to $1
King Bundy: folds 
UNLVbunny: calls $1
cmoneyman01: folds 
enright3060: folds 
chipsNputts: calls $0.75
*** FLOP *** [5s 5c 5d]
chipsNputts: checks 
Alameda22: bets $2.25
UNLVbunny: folds 
chipsNputts: calls $2.25
*** TURN *** [5s 5c 5d] [4s]
chipsNputts: checks 
Alameda22: bets $5
chipsNputts: folds 
Uncalled bet ($5) returned to Alameda22
Alameda22 collected $7.50 from pot
Alameda22: doesn't show hand 
*** SUMMARY ***
Total pot $7.85 | Rake $0.35 
Board [5s 5c 5d 4s]
Seat 1: chipsNputts folded on the Turn
Seat 2: silver2871 folded before Flop (didn't bet)
Seat 3: Sammy2212 folded before Flop (didn't bet)
Seat 5: Alameda22 collected ($7.50)
Seat 6: King Bundy folded before Flop (didn't bet)
Seat 7: UNLVbunny (button) folded on the Flop
Seat 8: cmoneyman01 (small blind) folded before Flop
Seat 9: enright3060 (big blind) folded before Flop



PokerStars Game #19904630873:  Hold'em No Limit ($0.10/$0.25) - 2008/08/26 - 00:48:33 (ET)
Table 'Haffner' 9-max Seat #8 is the button
Seat 1: chipsNputts ($29.75 in chips) 
Seat 2: silver2871 ($26.70 in chips) 
Seat 3: Sammy2212 ($10.85 in chips) 
Seat 5: Alameda22 ($46.90 in chips) 
Seat 6: King Bundy ($24.75 in chips) 
Seat 7: UNLVbunny ($19.60 in chips) 
Seat 8: cmoneyman01 ($23.90 in chips) 
Seat 9: enright3060 ($48.95 in chips) 
enright3060: posts small blind $0.10
chipsNputts: posts big blind $0.25
Frontkicker: sits out 
*** HOLE CARDS ***
Dealt to Alameda22 [7h 7s]
silver2871: calls $0.25
Sammy2212: folds 
Alameda22: folds 
King Bundy: folds 
UNLVbunny: calls $0.25
cmoneyman01: raises $0.75 to $1
enright3060: folds 
chipsNputts: folds 
silver2871: calls $0.75
UNLVbunny: calls $0.75
*** FLOP *** [9h 5c 6d]
silver2871: checks 
UNLVbunny: checks 
cmoneyman01: bets $2
silver2871: calls $2
UNLVbunny: folds 
*** TURN *** [9h 5c 6d] [5d]
silver2871: checks 
cmoneyman01: bets $6
silver2871: folds 
Uncalled bet ($6) returned to cmoneyman01
cmoneyman01 collected $7 from pot
cmoneyman01: doesn't show hand 
*** SUMMARY ***
Total pot $7.35 | Rake $0.35 
Board [9h 5c 6d 5d]
Seat 1: chipsNputts (big blind) folded before Flop
Seat 2: silver2871 folded on the Turn
Seat 3: Sammy2212 folded before Flop (didn't bet)
Seat 5: Alameda22 folded before Flop (didn't bet)
Seat 6: King Bundy folded before Flop (didn't bet)
Seat 7: UNLVbunny folded on the Flop
Seat 8: cmoneyman01 (button) collected ($7)
Seat 9: enright3060 (small blind) folded before Flop



PokerStars Game #19904654478:  Hold'em No Limit ($0.10/$0.25) - 2008/08/26 - 00:50:02 (ET)
Table 'Haffner' 9-max Seat #9 is the button
Seat 1: chipsNputts ($29.50 in chips) 
Seat 2: silver2871 ($23.70 in chips) 
Seat 3: Sammy2212 ($10.85 in chips) 
Seat 5: Alameda22 ($46.90 in chips) 
Seat 6: King Bundy ($24.75 in chips) 
Seat 7: UNLVbunny ($18.60 in chips) 
Seat 8: cmoneyman01 ($27.90 in chips) 
Seat 9: enright3060 ($48.85 in chips) 
chipsNputts: posts small blind $0.10
silver2871: posts big blind $0.25
Frontkicker: sits out 
*** HOLE CARDS ***
Dealt to Alameda22 [8s Qc]
Sammy2212: folds 
Alameda22: folds 
King Bundy: folds 
UNLVbunny: folds 
cmoneyman01: calls $0.25
enright3060: raises $0.75 to $1
chipsNputts: folds 
silver2871: folds 
cmoneyman01: folds 
Uncalled bet ($0.75) returned to enright3060
enright3060 collected $0.85 from pot
*** SUMMARY ***
Total pot $0.85 | Rake $0 
Seat 1: chipsNputts (small blind) folded before Flop
Seat 2: silver2871 (big blind) folded before Flop
Seat 3: Sammy2212 folded before Flop (didn't bet)
Seat 5: Alameda22 folded before Flop (didn't bet)
Seat 6: King Bundy folded before Flop (didn't bet)
Seat 7: UNLVbunny folded before Flop (didn't bet)
Seat 8: cmoneyman01 folded before Flop
Seat 9: enright3060 (button) collected ($0.85)



PokerStars Game #19904668497:  Hold'em No Limit ($0.10/$0.25) - 2008/08/26 - 00:50:55 (ET)
Table 'Haffner' 9-max Seat #1 is the button
Seat 1: chipsNputts ($29.40 in chips) 
Seat 2: silver2871 ($23.45 in chips) 
Seat 3: Sammy2212 ($10.85 in chips) 
Seat 5: Alameda22 ($46.90 in chips) 
Seat 6: King Bundy ($24.75 in chips) 
Seat 7: UNLVbunny ($18.60 in chips) 
Seat 8: cmoneyman01 ($27.65 in chips) 
Seat 9: enright3060 ($49.45 in chips) 
silver2871: posts small blind $0.10
Sammy2212: posts big blind $0.25
Frontkicker: sits out 
*** HOLE CARDS ***
Dealt to Alameda22 [Jc 7d]
Alameda22: folds 
King Bundy: folds 
UNLVbunny: folds 
cmoneyman01: calls $0.25
enright3060: folds 
chipsNputts: calls $0.25
silver2871: calls $0.15
Sammy2212: checks 
*** FLOP *** [Js 8h 8d]
silver2871: checks 
Sammy2212: checks 
cmoneyman01: checks 
chipsNputts: checks 
*** TURN *** [Js 8h 8d] [Kd]
silver2871: checks 
Sammy2212: checks 
cmoneyman01: checks 
chipsNputts: bets $1
silver2871: folds 
Sammy2212: folds 
cmoneyman01: folds 
Uncalled bet ($1) returned to chipsNputts
chipsNputts collected $0.95 from pot
chipsNputts: doesn't show hand 
*** SUMMARY ***
Total pot $1 | Rake $0.05 
Board [Js 8h 8d Kd]
Seat 1: chipsNputts (button) collected ($0.95)
Seat 2: silver2871 (small blind) folded on the Turn
Seat 3: Sammy2212 (big blind) folded on the Turn
Seat 5: Alameda22 folded before Flop (didn't bet)
Seat 6: King Bundy folded before Flop (didn't bet)
Seat 7: UNLVbunny folded before Flop (didn't bet)
Seat 8: cmoneyman01 folded on the Turn
Seat 9: enright3060 folded before Flop (didn't bet)



PokerStars Game #19904697134:  Hold'em No Limit ($0.10/$0.25) - 2008/08/26 - 00:52:45 (ET)
Table 'Haffner' 9-max Seat #2 is the button
Seat 1: chipsNputts ($30.10 in chips) 
Seat 2: silver2871 ($23.20 in chips) 
Seat 3: Sammy2212 ($10.60 in chips) 
Seat 4: Frontkicker ($25 in chips) 
Seat 5: Alameda22 ($46.90 in chips) 
Seat 6: King Bundy ($24.75 in chips) 
Seat 7: UNLVbunny ($18.60 in chips) 
Seat 8: cmoneyman01 ($27.40 in chips) 
Seat 9: enright3060 ($49.45 in chips) 
Sammy2212: posts small blind $0.10
Frontkicker: posts big blind $0.25
*** HOLE CARDS ***
Dealt to Alameda22 [Ac 5h]
Alameda22: folds 
King Bundy: folds 
UNLVbunny: calls $0.25
cmoneyman01: folds 
enright3060: calls $0.25
chipsNputts: folds 
silver2871: folds 
Sammy2212: calls $0.15
Frontkicker: checks 
*** FLOP *** [5d Ks 3d]
Sammy2212: checks 
Frontkicker: checks 
UNLVbunny: checks 
enright3060: checks 
*** TURN *** [5d Ks 3d] [Ts]
Sammy2212: checks 
Frontkicker: checks 
UNLVbunny: checks 
enright3060: bets $1
Sammy2212: folds 
Frontkicker: folds 
UNLVbunny: folds 
Uncalled bet ($1) returned to enright3060
enright3060 collected $0.95 from pot
*** SUMMARY ***
Total pot $1 | Rake $0.05 
Board [5d Ks 3d Ts]
Seat 1: chipsNputts folded before Flop (didn't bet)
Seat 2: silver2871 (button) folded before Flop (didn't bet)
Seat 3: Sammy2212 (small blind) folded on the Turn
Seat 4: Frontkicker (big blind) folded on the Turn
Seat 5: Alameda22 folded before Flop (didn't bet)
Seat 6: King Bundy folded before Flop (didn't bet)
Seat 7: UNLVbunny folded on the Turn
Seat 8: cmoneyman01 folded before Flop (didn't bet)
Seat 9: enright3060 collected ($0.95)



PokerStars Game #19904732975:  Hold'em No Limit ($0.10/$0.25) - 2008/08/26 - 00:55:02 (ET)
Table 'Haffner' 9-max Seat #3 is the button
Seat 1: chipsNputts ($30.10 in chips) 
Seat 2: silver2871 ($23.20 in chips) 
Seat 3: Sammy2212 ($10.35 in chips) 
Seat 4: Frontkicker ($24.75 in chips) 
Seat 5: Alameda22 ($46.90 in chips) 
Seat 6: King Bundy ($24.75 in chips) 
Seat 7: UNLVbunny ($18.35 in chips) 
Seat 8: cmoneyman01 ($27.40 in chips) 
Seat 9: enright3060 ($50.15 in chips) 
Frontkicker: posts small blind $0.10
Alameda22: posts big blind $0.25
*** HOLE CARDS ***
Dealt to Alameda22 [Th 3s]
King Bundy: folds 
UNLVbunny: calls $0.25
cmoneyman01: folds 
enright3060: calls $0.25
chipsNputts: folds 
silver2871: folds 
Sammy2212: calls $0.25
Frontkicker: folds 
Alameda22: checks 
*** FLOP *** [Kc 5h 6h]
Alameda22: checks 
UNLVbunny: checks 
enright3060: bets $1
Sammy2212: folds 
Alameda22: folds 
UNLVbunny: folds 
Uncalled bet ($1) returned to enright3060
enright3060 collected $1.05 from pot
*** SUMMARY ***
Total pot $1.10 | Rake $0.05 
Board [Kc 5h 6h]
Seat 1: chipsNputts folded before Flop (didn't bet)
Seat 2: silver2871 folded before Flop (didn't bet)
Seat 3: Sammy2212 (button) folded on the Flop
Seat 4: Frontkicker (small blind) folded before Flop
Seat 5: Alameda22 (big blind) folded on the Flop
Seat 6: King Bundy folded before Flop (didn't bet)
Seat 7: UNLVbunny folded on the Flop
Seat 8: cmoneyman01 folded before Flop (didn't bet)
Seat 9: enright3060 collected ($1.05)



PokerStars Game #19904753551:  Hold'em No Limit ($0.10/$0.25) - 2008/08/26 - 00:56:22 (ET)
Table 'Haffner' 9-max Seat #4 is the button
Seat 1: chipsNputts ($30.10 in chips) 
Seat 2: silver2871 ($23.20 in chips) 
Seat 3: Sammy2212 ($10.10 in chips) 
Seat 4: Frontkicker ($24.65 in chips) 
Seat 5: Alameda22 ($46.65 in chips) 
Seat 6: King Bundy ($24.75 in chips) 
Seat 7: UNLVbunny ($18.10 in chips) 
Seat 8: cmoneyman01 ($27.40 in chips) 
Seat 9: enright3060 ($50.95 in chips) 
Alameda22: posts small blind $0.10
King Bundy: posts big blind $0.25
*** HOLE CARDS ***
Dealt to Alameda22 [9d Qs]
UNLVbunny: folds 
cmoneyman01: folds 
enright3060: calls $0.25
chipsNputts: folds 
silver2871: calls $0.25
Sammy2212: folds 
Frontkicker: folds 
Alameda22: folds 
King Bundy: checks 
*** FLOP *** [3d 9c 2c]
King Bundy: checks 
enright3060: checks 
silver2871: bets $0.75
King Bundy: folds 
enright3060: calls $0.75
*** TURN *** [3d 9c 2c] [Kc]
enright3060: checks 
silver2871: checks 
*** RIVER *** [3d 9c 2c Kc] [3s]
enright3060: checks 
silver2871: checks 
*** SHOW DOWN ***
enright3060: shows [8s 8h] (two pair, Eights and Threes)
silver2871: mucks hand 
enright3060 collected $2.25 from pot
*** SUMMARY ***
Total pot $2.35 | Rake $0.10 
Board [3d 9c 2c Kc 3s]
Seat 1: chipsNputts folded before Flop (didn't bet)
Seat 2: silver2871 mucked [Ts 8c]
Seat 3: Sammy2212 folded before Flop (didn't bet)
Seat 4: Frontkicker (button) folded before Flop (didn't bet)
Seat 5: Alameda22 (small blind) folded before Flop
Seat 6: King Bundy (big blind) folded on the Flop
Seat 7: UNLVbunny folded before Flop (didn't bet)
Seat 8: cmoneyman01 folded before Flop (didn't bet)
Seat 9: enright3060 showed [8s 8h] and won ($2.25) with two pair, Eights and Threes



