PokerStars Game #20102260290:  Hold'em No Limit ($0.10/$0.25) - 2008/09/02 20:02:35 ET
Table 'Oceax' 9-max Seat #2 is the button
Seat 1: AD79 ($15.60 in chips) 
Seat 2: N Jesus Name ($24 in chips) 
Seat 3: kelberus ($23.75 in chips) 
Seat 4: Alameda22 ($25 in chips) 
Seat 5: wksek ($21.55 in chips) 
Seat 7: ROFOLD ($15.05 in chips) 
Seat 8: Albarab ($25 in chips) 
Seat 9: AcedePique ($37.40 in chips) 
kelberus: posts small blind $0.10
Alameda22: posts big blind $0.25
*** HOLE CARDS ***
Dealt to Alameda22 [4s 4c]
wksek: folds 
ROFOLD: folds 
Albarab: raises $0.75 to $1
AcedePique: folds 
AD79: folds 
N Jesus Name: folds 
kelberus: calls $0.90
Alameda22: calls $0.75
*** FLOP *** [Ac 3d 8s]
kelberus: checks 
Alameda22: checks 
Albarab: bets $2
kelberus: calls $2
Alameda22: folds 
*** TURN *** [Ac 3d 8s] [5d]
kelberus: checks 
Albarab: bets $4.50
kelberus: calls $4.50
*** RIVER *** [Ac 3d 8s 5d] [6d]
kelberus: checks 
Albarab: bets $7
kelberus: raises $9.25 to $16.25 and is all-in
Albarab: calls $9.25
*** SHOW DOWN ***
kelberus: shows [9d Ad] (a flush, Ace high)
Albarab: mucks hand 
kelberus collected $46.15 from pot
*** SUMMARY ***
Total pot $48.50 | Rake $2.35 
Board [Ac 3d 8s 5d 6d]
Seat 1: AD79 folded before Flop (didn't bet)
Seat 2: N Jesus Name (button) folded before Flop (didn't bet)
Seat 3: kelberus (small blind) showed [9d Ad] and won ($46.15) with a flush, Ace high
Seat 4: Alameda22 (big blind) folded on the Flop
Seat 5: wksek folded before Flop (didn't bet)
Seat 7: ROFOLD folded before Flop (didn't bet)
Seat 8: Albarab mucked [8h 8d]
Seat 9: AcedePique folded before Flop (didn't bet)



PokerStars Game #20102303589:  Hold'em No Limit ($0.10/$0.25) - 2008/09/02 20:04:33 ET
Table 'Oceax' 9-max Seat #3 is the button
Seat 1: AD79 ($15.60 in chips) 
Seat 2: N Jesus Name ($24 in chips) 
Seat 3: kelberus ($46.15 in chips) 
Seat 4: Alameda22 ($24 in chips) 
Seat 5: wksek ($21.55 in chips) 
Seat 7: ROFOLD ($15.05 in chips) 
Seat 8: Albarab ($25 in chips) 
Seat 9: AcedePique ($37.40 in chips) 
Alameda22: posts small blind $0.10
wksek: posts big blind $0.25
*** HOLE CARDS ***
Dealt to Alameda22 [Qh 7s]
ROFOLD: folds 
Albarab: folds 
AcedePique: folds 
AD79: folds 
N Jesus Name: folds 
kelberus: raises $0.75 to $1
Alameda22: folds 
wksek: folds 
Uncalled bet ($0.75) returned to kelberus
kelberus collected $0.60 from pot
kelberus: doesn't show hand 
*** SUMMARY ***
Total pot $0.60 | Rake $0 
Seat 1: AD79 folded before Flop (didn't bet)
Seat 2: N Jesus Name folded before Flop (didn't bet)
Seat 3: kelberus (button) collected ($0.60)
Seat 4: Alameda22 (small blind) folded before Flop
Seat 5: wksek (big blind) folded before Flop
Seat 7: ROFOLD folded before Flop (didn't bet)
Seat 8: Albarab folded before Flop (didn't bet)
Seat 9: AcedePique folded before Flop (didn't bet)



PokerStars Game #20102324321:  Hold'em No Limit ($0.10/$0.25) - 2008/09/02 20:05:30 ET
Table 'Oceax' 9-max Seat #4 is the button
Seat 1: AD79 ($15.60 in chips) 
Seat 2: N Jesus Name ($24 in chips) 
Seat 3: kelberus ($46.50 in chips) 
Seat 4: Alameda22 ($23.90 in chips) 
Seat 5: wksek ($21.30 in chips) 
Seat 7: ROFOLD ($15.05 in chips) 
Seat 8: Albarab ($25 in chips) 
Seat 9: AcedePique ($37.40 in chips) 
wksek: posts small blind $0.10
ROFOLD: posts big blind $0.25
*** HOLE CARDS ***
Dealt to Alameda22 [2d Tc]
Albarab: folds 
AcedePique: folds 
AD79: folds 
N Jesus Name: folds 
kelberus: folds 
Alameda22: folds 
wksek: folds 
Uncalled bet ($0.15) returned to ROFOLD
ROFOLD collected $0.20 from pot
ROFOLD: doesn't show hand 
*** SUMMARY ***
Total pot $0.20 | Rake $0 
Seat 1: AD79 folded before Flop (didn't bet)
Seat 2: N Jesus Name folded before Flop (didn't bet)
Seat 3: kelberus folded before Flop (didn't bet)
Seat 4: Alameda22 (button) folded before Flop (didn't bet)
Seat 5: wksek (small blind) folded before Flop
Seat 7: ROFOLD (big blind) collected ($0.20)
Seat 8: Albarab folded before Flop (didn't bet)
Seat 9: AcedePique folded before Flop (didn't bet)



PokerStars Game #20102339688:  Hold'em No Limit ($0.10/$0.25) - 2008/09/02 20:06:12 ET
Table 'Oceax' 9-max Seat #5 is the button
Seat 1: AD79 ($15.60 in chips) 
Seat 2: N Jesus Name ($24 in chips) 
Seat 3: kelberus ($46.50 in chips) 
Seat 4: Alameda22 ($23.90 in chips) 
Seat 5: wksek ($21.20 in chips) 
Seat 7: ROFOLD ($15.15 in chips) 
Seat 8: Albarab ($25 in chips) 
Seat 9: AcedePique ($37.40 in chips) 
ROFOLD: posts small blind $0.10
Albarab: posts big blind $0.25
*** HOLE CARDS ***
Dealt to Alameda22 [9h 2h]
AcedePique: folds 
AD79: folds 
N Jesus Name: calls $0.25
kelberus: folds 
Alameda22: folds 
wksek: folds 
ROFOLD: folds 
Albarab: checks 
*** FLOP *** [2d 9d 6c]
Albarab: checks 
N Jesus Name: checks 
*** TURN *** [2d 9d 6c] [8s]
Albarab: checks 
N Jesus Name: bets $0.50
Albarab: folds 
Uncalled bet ($0.50) returned to N Jesus Name
N Jesus Name collected $0.60 from pot
N Jesus Name: doesn't show hand 
*** SUMMARY ***
Total pot $0.60 | Rake $0 
Board [2d 9d 6c 8s]
Seat 1: AD79 folded before Flop (didn't bet)
Seat 2: N Jesus Name collected ($0.60)
Seat 3: kelberus folded before Flop (didn't bet)
Seat 4: Alameda22 folded before Flop (didn't bet)
Seat 5: wksek (button) folded before Flop (didn't bet)
Seat 7: ROFOLD (small blind) folded before Flop
Seat 8: Albarab (big blind) folded on the Turn
Seat 9: AcedePique folded before Flop (didn't bet)



PokerStars Game #20102359596:  Hold'em No Limit ($0.10/$0.25) - 2008/09/02 20:07:06 ET
Table 'Oceax' 9-max Seat #7 is the button
Seat 1: AD79 ($15.60 in chips) 
Seat 2: N Jesus Name ($24.35 in chips) 
Seat 3: kelberus ($46.50 in chips) 
Seat 4: Alameda22 ($23.90 in chips) 
Seat 5: wksek ($21.20 in chips) 
Seat 7: ROFOLD ($15.05 in chips) 
Seat 8: Albarab ($24.75 in chips) 
Seat 9: AcedePique ($37.40 in chips) 
Albarab: posts small blind $0.10
AcedePique: posts big blind $0.25
*** HOLE CARDS ***
Dealt to Alameda22 [6d 7c]
AD79: folds 
N Jesus Name: folds 
kelberus: folds 
Alameda22: folds 
wksek: folds 
TheJFlack has returned
N Jesus Name said, "zzz"
ROFOLD: folds 
Albarab: folds 
Uncalled bet ($0.15) returned to AcedePique
AcedePique collected $0.20 from pot
AcedePique: doesn't show hand 
*** SUMMARY ***
Total pot $0.20 | Rake $0 
Seat 1: AD79 folded before Flop (didn't bet)
Seat 2: N Jesus Name folded before Flop (didn't bet)
Seat 3: kelberus folded before Flop (didn't bet)
Seat 4: Alameda22 folded before Flop (didn't bet)
Seat 5: wksek folded before Flop (didn't bet)
Seat 7: ROFOLD (button) folded before Flop (didn't bet)
Seat 8: Albarab (small blind) folded before Flop
Seat 9: AcedePique (big blind) collected ($0.20)



PokerStars Game #20102379995:  Hold'em No Limit ($0.10/$0.25) - 2008/09/02 20:08:02 ET
Table 'Oceax' 9-max Seat #8 is the button
Seat 1: AD79 ($15.60 in chips) 
Seat 2: N Jesus Name ($24.35 in chips) 
Seat 3: kelberus ($46.50 in chips) 
Seat 4: Alameda22 ($23.90 in chips) 
Seat 5: wksek ($21.20 in chips) 
Seat 6: TheJFlack ($44 in chips) 
Seat 7: ROFOLD ($15.05 in chips) 
Seat 8: Albarab ($24.65 in chips) 
Seat 9: AcedePique ($37.50 in chips) 
AcedePique: posts small blind $0.10
AD79: posts big blind $0.25
TheJFlack: posts small & big blinds $0.35
*** HOLE CARDS ***
Dealt to Alameda22 [Kd 3s]
N Jesus Name: calls $0.25
kelberus: folds 
Alameda22: folds 
wksek: folds 
TheJFlack: checks 
ROFOLD: folds 
Albarab: folds 
AcedePique: calls $0.15
AD79: checks 
*** FLOP *** [Td 7c 7s]
AcedePique: checks 
AD79: bets $0.50
ROFOLD leaves the table
N Jesus Name: folds 
TheJFlack: folds 
AcedePique: folds 
Uncalled bet ($0.50) returned to AD79
AD79 collected $1.05 from pot
AD79: doesn't show hand 
*** SUMMARY ***
Total pot $1.10 | Rake $0.05 
Board [Td 7c 7s]
Seat 1: AD79 (big blind) collected ($1.05)
Seat 2: N Jesus Name folded on the Flop
Seat 3: kelberus folded before Flop (didn't bet)
Seat 4: Alameda22 folded before Flop (didn't bet)
Seat 5: wksek folded before Flop (didn't bet)
Seat 6: TheJFlack folded on the Flop
Seat 7: ROFOLD folded before Flop (didn't bet)
Seat 8: Albarab (button) folded before Flop (didn't bet)
Seat 9: AcedePique (small blind) folded on the Flop



PokerStars Game #20102418819:  Hold'em No Limit ($0.10/$0.25) - 2008/09/02 20:09:49 ET
Table 'Oceax' 9-max Seat #9 is the button
Seat 1: AD79 ($16.40 in chips) 
Seat 2: N Jesus Name ($24.10 in chips) 
Seat 3: kelberus ($46.50 in chips) 
Seat 4: Alameda22 ($23.90 in chips) 
Seat 5: wksek ($21.20 in chips) 
Seat 6: TheJFlack ($43.65 in chips) 
Seat 8: Albarab ($24.65 in chips) 
Seat 9: AcedePique ($37.25 in chips) 
AD79: posts small blind $0.10
N Jesus Name: posts big blind $0.25
*** HOLE CARDS ***
Dealt to Alameda22 [3s 5c]
kelberus: folds 
Alameda22: folds 
wksek: folds 
TheJFlack: folds 
Albarab: raises $0.75 to $1
Tim-Taylor5 joins the table at seat #7 
AcedePique: folds 
AD79: folds 
N Jesus Name: folds 
Uncalled bet ($0.75) returned to Albarab
Albarab collected $0.60 from pot
Albarab: doesn't show hand 
*** SUMMARY ***
Total pot $0.60 | Rake $0 
Seat 1: AD79 (small blind) folded before Flop
Seat 2: N Jesus Name (big blind) folded before Flop
Seat 3: kelberus folded before Flop (didn't bet)
Seat 4: Alameda22 folded before Flop (didn't bet)
Seat 5: wksek folded before Flop (didn't bet)
Seat 6: TheJFlack folded before Flop (didn't bet)
Seat 8: Albarab collected ($0.60)
Seat 9: AcedePique (button) folded before Flop (didn't bet)



PokerStars Game #20102439073:  Hold'em No Limit ($0.10/$0.25) - 2008/09/02 20:10:44 ET
Table 'Oceax' 9-max Seat #1 is the button
Seat 1: AD79 ($16.30 in chips) 
Seat 2: N Jesus Name ($23.85 in chips) 
Seat 3: kelberus ($46.50 in chips) 
Seat 4: Alameda22 ($23.90 in chips) 
Seat 5: wksek ($21.20 in chips) 
Seat 6: TheJFlack ($43.65 in chips) 
Seat 8: Albarab ($25 in chips) 
Seat 9: AcedePique ($37.25 in chips) 
N Jesus Name: posts small blind $0.10
kelberus: posts big blind $0.25
Tim-Taylor5: sits out 
*** HOLE CARDS ***
Dealt to Alameda22 [9c 4s]
Alameda22: folds 
wksek: folds 
TheJFlack: raises $0.25 to $0.50
Albarab: folds 
AcedePique: folds 
AD79: folds 
N Jesus Name: folds 
kelberus: folds 
Uncalled bet ($0.25) returned to TheJFlack
TheJFlack collected $0.60 from pot
TheJFlack: doesn't show hand 
*** SUMMARY ***
Total pot $0.60 | Rake $0 
Seat 1: AD79 (button) folded before Flop (didn't bet)
Seat 2: N Jesus Name (small blind) folded before Flop
Seat 3: kelberus (big blind) folded before Flop
Seat 4: Alameda22 folded before Flop (didn't bet)
Seat 5: wksek folded before Flop (didn't bet)
Seat 6: TheJFlack collected ($0.60)
Seat 8: Albarab folded before Flop (didn't bet)
Seat 9: AcedePique folded before Flop (didn't bet)



PokerStars Game #20102454211:  Hold'em No Limit ($0.10/$0.25) - 2008/09/02 20:11:26 ET
Table 'Oceax' 9-max Seat #2 is the button
Seat 1: AD79 ($16.30 in chips) 
Seat 2: N Jesus Name ($23.75 in chips) 
Seat 3: kelberus ($46.25 in chips) 
Seat 4: Alameda22 ($23.90 in chips) 
Seat 5: wksek ($21.20 in chips) 
Seat 6: TheJFlack ($44 in chips) 
Seat 8: Albarab ($25 in chips) 
Seat 9: AcedePique ($37.25 in chips) 
kelberus: posts small blind $0.10
Alameda22: posts big blind $0.25
Tim-Taylor5: sits out 
*** HOLE CARDS ***
Dealt to Alameda22 [7d Qs]
wksek: folds 
TheJFlack: folds 
Albarab: raises $0.75 to $1
AcedePique: calls $1
AD79: calls $1
N Jesus Name: folds 
kelberus: calls $0.90
Alameda22: folds 
*** FLOP *** [Js 9d 2s]
N Jesus Name leaves the table
kelberus: checks 
Albarab: checks 
Tim-Taylor5 leaves the table
AcedePique: checks 
AD79: bets $3.25
kelberus: folds 
Albarab: folds 
Dr Red Tiger joins the table at seat #7 
AcedePique: folds 
Uncalled bet ($3.25) returned to AD79
AD79 collected $4.05 from pot
AD79: doesn't show hand 
*** SUMMARY ***
Total pot $4.25 | Rake $0.20 
Board [Js 9d 2s]
Seat 1: AD79 collected ($4.05)
Seat 2: N Jesus Name (button) folded before Flop (didn't bet)
Seat 3: kelberus (small blind) folded on the Flop
Seat 4: Alameda22 (big blind) folded before Flop
Seat 5: wksek folded before Flop (didn't bet)
Seat 6: TheJFlack folded before Flop (didn't bet)
Seat 8: Albarab folded on the Flop
Seat 9: AcedePique folded on the Flop



PokerStars Game #20102481521:  Hold'em No Limit ($0.10/$0.25) - 2008/09/02 20:12:41 ET
Table 'Oceax' 9-max Seat #3 is the button
Seat 1: AD79 ($19.35 in chips) 
Seat 3: kelberus ($45.25 in chips) 
Seat 4: Alameda22 ($23.65 in chips) 
Seat 5: wksek ($21.20 in chips) 
Seat 6: TheJFlack ($44 in chips) 
Seat 8: Albarab ($24 in chips) 
Seat 9: AcedePique ($36.25 in chips) 
Alameda22: posts small blind $0.10
wksek: posts big blind $0.25
Dr Red Tiger: sits out 
*** HOLE CARDS ***
Dealt to Alameda22 [5h 3c]
TheJFlack: folds 
Albarab: folds 
AcedePique: folds 
AD79: folds 
kelberus: folds 
Alameda22: folds 
Uncalled bet ($0.15) returned to wksek
wksek collected $0.20 from pot
wksek: doesn't show hand 
*** SUMMARY ***
Total pot $0.20 | Rake $0 
Seat 1: AD79 folded before Flop (didn't bet)
Seat 3: kelberus (button) folded before Flop (didn't bet)
Seat 4: Alameda22 (small blind) folded before Flop
Seat 5: wksek (big blind) collected ($0.20)
Seat 6: TheJFlack folded before Flop (didn't bet)
Seat 8: Albarab folded before Flop (didn't bet)
Seat 9: AcedePique folded before Flop (didn't bet)



PokerStars Game #20102491229:  Hold'em No Limit ($0.10/$0.25) - 2008/09/02 20:13:08 ET
Table 'Oceax' 9-max Seat #4 is the button
Seat 1: AD79 ($19.35 in chips) 
Seat 3: kelberus ($45.25 in chips) 
Seat 4: Alameda22 ($23.55 in chips) 
Seat 5: wksek ($21.30 in chips) 
Seat 6: TheJFlack ($44 in chips) 
Seat 8: Albarab ($24 in chips) 
Seat 9: AcedePique ($36.25 in chips) 
wksek: posts small blind $0.10
TheJFlack: posts big blind $0.25
Dr Red Tiger: sits out 
*** HOLE CARDS ***
Dealt to Alameda22 [Ah 6c]
Albarab: folds 
AcedePique: folds 
AD79: folds 
kelberus: folds 
Alameda22: folds 
wksek: folds 
Uncalled bet ($0.15) returned to TheJFlack
TheJFlack collected $0.20 from pot
TheJFlack: doesn't show hand 
*** SUMMARY ***
Total pot $0.20 | Rake $0 
Seat 1: AD79 folded before Flop (didn't bet)
Seat 3: kelberus folded before Flop (didn't bet)
Seat 4: Alameda22 (button) folded before Flop (didn't bet)
Seat 5: wksek (small blind) folded before Flop
Seat 6: TheJFlack (big blind) collected ($0.20)
Seat 8: Albarab folded before Flop (didn't bet)
Seat 9: AcedePique folded before Flop (didn't bet)



PokerStars Game #20102511621:  Hold'em No Limit ($0.10/$0.25) - 2008/09/02 20:14:05 ET
Table 'Oceax' 9-max Seat #5 is the button
Seat 1: AD79 ($19.35 in chips) 
Seat 3: kelberus ($45.25 in chips) 
Seat 4: Alameda22 ($23.55 in chips) 
Seat 5: wksek ($21.20 in chips) 
Seat 6: TheJFlack ($44.10 in chips) 
Seat 7: Dr Red Tiger ($5 in chips) 
Seat 8: Albarab ($24 in chips) 
Seat 9: AcedePique ($36.25 in chips) 
TheJFlack: posts small blind $0.10
Dr Red Tiger: posts big blind $0.25
*** HOLE CARDS ***
Dealt to Alameda22 [2c 7d]
Albarab: folds 
Texastrolls joins the table at seat #2 
AcedePique: folds 
AD79: folds 
kelberus: folds 
Alameda22: folds 
wksek: raises $0.75 to $1
TheJFlack is disconnected 
TheJFlack is connected 
TheJFlack has timed out
TheJFlack: folds 
TheJFlack is sitting out
Dr Red Tiger: folds 
Uncalled bet ($0.75) returned to wksek
wksek collected $0.60 from pot
wksek: doesn't show hand 
*** SUMMARY ***
Total pot $0.60 | Rake $0 
Seat 1: AD79 folded before Flop (didn't bet)
Seat 3: kelberus folded before Flop (didn't bet)
Seat 4: Alameda22 folded before Flop (didn't bet)
Seat 5: wksek (button) collected ($0.60)
Seat 6: TheJFlack (small blind) folded before Flop
Seat 7: Dr Red Tiger (big blind) folded before Flop
Seat 8: Albarab folded before Flop (didn't bet)
Seat 9: AcedePique folded before Flop (didn't bet)



PokerStars Game #20102552553:  Hold'em No Limit ($0.10/$0.25) - 2008/09/02 20:15:56 ET
Table 'Oceax' 9-max Seat #7 is the button
Seat 1: AD79 ($19.35 in chips) 
Seat 2: Texastrolls ($15 in chips) 
Seat 3: kelberus ($45.25 in chips) 
Seat 4: Alameda22 ($23.55 in chips) 
Seat 5: wksek ($21.55 in chips) 
Seat 7: Dr Red Tiger ($4.75 in chips) 
Seat 8: Albarab ($24 in chips) 
Seat 9: AcedePique ($36.25 in chips) 
Albarab: posts small blind $0.10
AcedePique: posts big blind $0.25
Texastrolls: posts big blind $0.25
*** HOLE CARDS ***
Dealt to Alameda22 [4h Ac]
AD79: folds 
Texastrolls: checks 
kelberus: folds 
Alameda22: folds 
wksek: folds 
Dr Red Tiger: folds 
Albarab: folds 
AcedePique: checks 
*** FLOP *** [5d Qd Jc]
AcedePique: checks 
Texastrolls: checks 
*** TURN *** [5d Qd Jc] [Ad]
AcedePique: checks 
Texastrolls: checks 
*** RIVER *** [5d Qd Jc Ad] [3s]
AcedePique: checks 
Texastrolls: bets $0.25
AcedePique: folds 
Uncalled bet ($0.25) returned to Texastrolls
Texastrolls collected $0.60 from pot
*** SUMMARY ***
Total pot $0.60 | Rake $0 
Board [5d Qd Jc Ad 3s]
Seat 1: AD79 folded before Flop (didn't bet)
Seat 2: Texastrolls collected ($0.60)
Seat 3: kelberus folded before Flop (didn't bet)
Seat 4: Alameda22 folded before Flop (didn't bet)
Seat 5: wksek folded before Flop (didn't bet)
Seat 7: Dr Red Tiger (button) folded before Flop (didn't bet)
Seat 8: Albarab (small blind) folded before Flop
Seat 9: AcedePique (big blind) folded on the River



PokerStars Game #20102580616:  Hold'em No Limit ($0.10/$0.25) - 2008/09/02 20:17:12 ET
Table 'Oceax' 9-max Seat #8 is the button
Seat 2: Texastrolls ($15.35 in chips) 
Seat 3: kelberus ($45.25 in chips) 
Seat 4: Alameda22 ($23.55 in chips) 
Seat 5: wksek ($21.55 in chips) 
Seat 7: Dr Red Tiger ($4.75 in chips) 
Seat 8: Albarab ($23.90 in chips) 
Seat 9: AcedePique ($36 in chips) 
AcedePique: posts small blind $0.10
AD79: is sitting out 
Texastrolls: posts big blind $0.25
*** HOLE CARDS ***
Dealt to Alameda22 [7h 9s]
kelberus: raises $1 to $1.25
Alameda22: folds 
wksek: folds 
AD79 has returned
Dr Red Tiger: folds 
AD79 leaves the table
Albarab: folds 
AcedePique: folds 
Texastrolls: folds 
Uncalled bet ($1) returned to kelberus
kelberus collected $0.60 from pot
kelberus: doesn't show hand 
*** SUMMARY ***
Total pot $0.60 | Rake $0 
Seat 2: Texastrolls (big blind) folded before Flop
Seat 3: kelberus collected ($0.60)
Seat 4: Alameda22 folded before Flop (didn't bet)
Seat 5: wksek folded before Flop (didn't bet)
Seat 7: Dr Red Tiger folded before Flop (didn't bet)
Seat 8: Albarab (button) folded before Flop (didn't bet)
Seat 9: AcedePique (small blind) folded before Flop



PokerStars Game #20102594518:  Hold'em No Limit ($0.10/$0.25) - 2008/09/02 20:17:49 ET
Table 'Oceax' 9-max Seat #9 is the button
Seat 2: Texastrolls ($15.10 in chips) 
Seat 3: kelberus ($45.60 in chips) 
Seat 4: Alameda22 ($23.55 in chips) 
Seat 5: wksek ($21.55 in chips) 
Seat 7: Dr Red Tiger ($4.75 in chips) 
Seat 8: Albarab ($23.90 in chips) 
Seat 9: AcedePique ($35.90 in chips) 
Texastrolls: posts small blind $0.10
kelberus: posts big blind $0.25
*** HOLE CARDS ***
Dealt to Alameda22 [5h 5c]
Alameda22: folds 
wksek: folds 
Dr Red Tiger: folds 
Albarab: folds 
Dankgrundle joins the table at seat #1 
AcedePique: raises $0.75 to $1
Texastrolls: calls $0.90
kelberus: folds 
*** FLOP *** [6c Kd 2d]
Texastrolls: checks 
AcedePique: bets $1
Texastrolls: calls $1
*** TURN *** [6c Kd 2d] [7s]
Texastrolls: checks 
AcedePique: bets $1.25
Texastrolls: folds 
Uncalled bet ($1.25) returned to AcedePique
AcedePique collected $4.05 from pot
AcedePique: doesn't show hand 
*** SUMMARY ***
Total pot $4.25 | Rake $0.20 
Board [6c Kd 2d 7s]
Seat 2: Texastrolls (small blind) folded on the Turn
Seat 3: kelberus (big blind) folded before Flop
Seat 4: Alameda22 folded before Flop (didn't bet)
Seat 5: wksek folded before Flop (didn't bet)
Seat 7: Dr Red Tiger folded before Flop (didn't bet)
Seat 8: Albarab folded before Flop (didn't bet)
Seat 9: AcedePique (button) collected ($4.05)



PokerStars Game #20102618449:  Hold'em No Limit ($0.10/$0.25) - 2008/09/02 20:18:54 ET
Table 'Oceax' 9-max Seat #2 is the button
Seat 1: Dankgrundle ($25 in chips) 
Seat 2: Texastrolls ($13.10 in chips) 
Seat 3: kelberus ($45.35 in chips) 
Seat 4: Alameda22 ($23.55 in chips) 
Seat 5: wksek ($21.55 in chips) 
Seat 7: Dr Red Tiger ($4.75 in chips) 
Seat 8: Albarab ($23.90 in chips) 
Seat 9: AcedePique ($37.95 in chips) 
kelberus: posts small blind $0.10
Alameda22: posts big blind $0.25
Dankgrundle: posts big blind $0.25
*** HOLE CARDS ***
Dealt to Alameda22 [2c Js]
wksek: calls $0.25
Dr Red Tiger: folds 
Albarab: folds 
AcedePique: folds 
Dankgrundle: checks 
Texastrolls: folds 
kelberus: folds 
Alameda22: checks 
*** FLOP *** [8h Kh 2h]
Alameda22: checks 
wksek: checks 
Dankgrundle: checks 
*** TURN *** [8h Kh 2h] [4d]
Alameda22: checks 
wksek: checks 
Dankgrundle: checks 
*** RIVER *** [8h Kh 2h 4d] [3s]
Alameda22: checks 
wksek: checks 
Dankgrundle: checks 
*** SHOW DOWN ***
Alameda22: shows [2c Js] (a pair of Deuces)
wksek: mucks hand 
Dankgrundle: mucks hand 
Alameda22 collected $0.85 from pot
*** SUMMARY ***
Total pot $0.85 | Rake $0 
Board [8h Kh 2h 4d 3s]
Seat 1: Dankgrundle mucked [6c 7c]
Seat 2: Texastrolls (button) folded before Flop (didn't bet)
Seat 3: kelberus (small blind) folded before Flop
Seat 4: Alameda22 (big blind) showed [2c Js] and won ($0.85) with a pair of Deuces
Seat 5: wksek mucked [Ts Jd]
Seat 7: Dr Red Tiger folded before Flop (didn't bet)
Seat 8: Albarab folded before Flop (didn't bet)
Seat 9: AcedePique folded before Flop (didn't bet)



PokerStars Game #20102639245:  Hold'em No Limit ($0.10/$0.25) - 2008/09/02 20:19:49 ET
Table 'Oceax' 9-max Seat #3 is the button
Seat 1: Dankgrundle ($24.75 in chips) 
Seat 2: Texastrolls ($13.10 in chips) 
Seat 3: kelberus ($45.25 in chips) 
Seat 4: Alameda22 ($24.15 in chips) 
Seat 5: wksek ($21.30 in chips) 
Seat 7: Dr Red Tiger ($4.75 in chips) 
Seat 8: Albarab ($25 in chips) 
Seat 9: AcedePique ($37.95 in chips) 
Alameda22: posts small blind $0.10
wksek: posts big blind $0.25
*** HOLE CARDS ***
Dealt to Alameda22 [2c As]
Dr Red Tiger: folds 
Albarab: folds 
AcedePique: folds 
Dankgrundle: folds 
Texastrolls: calls $0.25
kelberus: folds 
Alameda22: folds 
wksek: raises $0.50 to $0.75
Texastrolls: calls $0.50
*** FLOP *** [3c 7h 5h]
wksek: bets $1
Texastrolls: folds 
Uncalled bet ($1) returned to wksek
wksek collected $1.55 from pot
wksek: doesn't show hand 
*** SUMMARY ***
Total pot $1.60 | Rake $0.05 
Board [3c 7h 5h]
Seat 1: Dankgrundle folded before Flop (didn't bet)
Seat 2: Texastrolls folded on the Flop
Seat 3: kelberus (button) folded before Flop (didn't bet)
Seat 4: Alameda22 (small blind) folded before Flop
Seat 5: wksek (big blind) collected ($1.55)
Seat 7: Dr Red Tiger folded before Flop (didn't bet)
Seat 8: Albarab folded before Flop (didn't bet)
Seat 9: AcedePique folded before Flop (didn't bet)



PokerStars Game #20102659352:  Hold'em No Limit ($0.10/$0.25) - 2008/09/02 20:20:43 ET
Table 'Oceax' 9-max Seat #4 is the button
Seat 1: Dankgrundle ($24.75 in chips) 
Seat 2: Texastrolls ($12.35 in chips) 
Seat 3: kelberus ($45.25 in chips) 
Seat 4: Alameda22 ($24.05 in chips) 
Seat 5: wksek ($22.10 in chips) 
Seat 7: Dr Red Tiger ($4.75 in chips) 
Seat 8: Albarab ($25 in chips) 
Seat 9: AcedePique ($37.95 in chips) 
wksek: posts small blind $0.10
Dr Red Tiger: posts big blind $0.25
*** HOLE CARDS ***
Dealt to Alameda22 [7d Ah]
Albarab: calls $0.25
AcedePique: folds 
Dankgrundle: folds 
Texastrolls: calls $0.25
kelberus: folds 
Alameda22: folds 
wksek: folds 
Dr Red Tiger: checks 
*** FLOP *** [Jd 2d Jh]
Dr Red Tiger: checks 
Albarab: checks 
Texastrolls: checks 
*** TURN *** [Jd 2d Jh] [Qd]
Dr Red Tiger: checks 
Albarab: checks 
Texastrolls: bets $0.25
Dr Red Tiger: folds 
Albarab: folds 
Uncalled bet ($0.25) returned to Texastrolls
Texastrolls collected $0.85 from pot
Texastrolls: shows [6d Js] (three of a kind, Jacks)
*** SUMMARY ***
Total pot $0.85 | Rake $0 
Board [Jd 2d Jh Qd]
Seat 1: Dankgrundle folded before Flop (didn't bet)
Seat 2: Texastrolls collected ($0.85)
Seat 3: kelberus folded before Flop (didn't bet)
Seat 4: Alameda22 (button) folded before Flop (didn't bet)
Seat 5: wksek (small blind) folded before Flop
Seat 7: Dr Red Tiger (big blind) folded on the Turn
Seat 8: Albarab folded on the Turn
Seat 9: AcedePique folded before Flop (didn't bet)



PokerStars Game #20102682187:  Hold'em No Limit ($0.10/$0.25) - 2008/09/02 20:21:44 ET
Table 'Oceax' 9-max Seat #5 is the button
Seat 1: Dankgrundle ($24.75 in chips) 
Seat 2: Texastrolls ($12.95 in chips) 
Seat 3: kelberus ($45.25 in chips) 
Seat 4: Alameda22 ($24.05 in chips) 
Seat 5: wksek ($22 in chips) 
Seat 7: Dr Red Tiger ($4.50 in chips) 
Seat 8: Albarab ($24.75 in chips) 
Seat 9: AcedePique ($37.95 in chips) 
Dr Red Tiger: posts small blind $0.10
Albarab: posts big blind $0.25
*** HOLE CARDS ***
Dealt to Alameda22 [Kh 6d]
AcedePique: folds 
Dankgrundle: raises $0.75 to $1
Texastrolls: folds 
kelberus: folds 
Alameda22: folds 
wksek: calls $1
Dr Red Tiger: folds 
Albarab: folds 
*** FLOP *** [Qd 9h 6h]
Dankgrundle: bets $1.50
wksek: folds 
Uncalled bet ($1.50) returned to Dankgrundle
Dankgrundle collected $2.25 from pot
*** SUMMARY ***
Total pot $2.35 | Rake $0.10 
Board [Qd 9h 6h]
Seat 1: Dankgrundle collected ($2.25)
Seat 2: Texastrolls folded before Flop (didn't bet)
Seat 3: kelberus folded before Flop (didn't bet)
Seat 4: Alameda22 folded before Flop (didn't bet)
Seat 5: wksek (button) folded on the Flop
Seat 7: Dr Red Tiger (small blind) folded before Flop
Seat 8: Albarab (big blind) folded before Flop
Seat 9: AcedePique folded before Flop (didn't bet)



PokerStars Game #20102702548:  Hold'em No Limit ($0.10/$0.25) - 2008/09/02 20:22:39 ET
Table 'Oceax' 9-max Seat #7 is the button
Seat 1: Dankgrundle ($26 in chips) 
Seat 2: Texastrolls ($12.95 in chips) 
Seat 3: kelberus ($45.25 in chips) 
Seat 4: Alameda22 ($24.05 in chips) 
Seat 5: wksek ($21 in chips) 
Seat 7: Dr Red Tiger ($4.40 in chips) 
Seat 8: Albarab ($24.50 in chips) 
Seat 9: AcedePique ($37.95 in chips) 
Albarab: posts small blind $0.10
AcedePique: posts big blind $0.25
*** HOLE CARDS ***
Dealt to Alameda22 [5h Td]
Dankgrundle: folds 
Texastrolls: calls $0.25
kelberus: folds 
Alameda22: folds 
wksek: folds 
Dr Red Tiger: folds 
Albarab: folds 
AcedePique: checks 
*** FLOP *** [Jd 5d 4h]
AcedePique: checks 
Texastrolls: checks 
*** TURN *** [Jd 5d 4h] [9s]
AcedePique: checks 
Texastrolls: checks 
*** RIVER *** [Jd 5d 4h 9s] [8s]
AcedePique: bets $0.50
Texastrolls: raises $0.50 to $1
AcedePique: folds 
Uncalled bet ($0.50) returned to Texastrolls
Texastrolls collected $1.55 from pot
Texastrolls: shows [Ad As] (a pair of Aces)
*** SUMMARY ***
Total pot $1.60 | Rake $0.05 
Board [Jd 5d 4h 9s 8s]
Seat 1: Dankgrundle folded before Flop (didn't bet)
Seat 2: Texastrolls collected ($1.55)
Seat 3: kelberus folded before Flop (didn't bet)
Seat 4: Alameda22 folded before Flop (didn't bet)
Seat 5: wksek folded before Flop (didn't bet)
Seat 7: Dr Red Tiger (button) folded before Flop (didn't bet)
Seat 8: Albarab (small blind) folded before Flop
Seat 9: AcedePique (big blind) folded on the River



PokerStars Game #20102728374:  Hold'em No Limit ($0.10/$0.25) - 2008/09/02 20:23:49 ET
Table 'Oceax' 9-max Seat #8 is the button
Seat 1: Dankgrundle ($26 in chips) 
Seat 2: Texastrolls ($13.75 in chips) 
Seat 3: kelberus ($45.25 in chips) 
Seat 4: Alameda22 ($24.05 in chips) 
Seat 5: wksek ($21 in chips) 
Seat 7: Dr Red Tiger ($4.40 in chips) 
Seat 8: Albarab ($24.40 in chips) 
Seat 9: AcedePique ($37.20 in chips) 
AcedePique: posts small blind $0.10
Dankgrundle: posts big blind $0.25
*** HOLE CARDS ***
Dealt to Alameda22 [Tc Ts]
Texastrolls: calls $0.25
kelberus: folds 
Alameda22: folds 
wksek: folds 
Dr Red Tiger: folds 
Albarab: calls $0.25
AcedePique: folds 
Dankgrundle: checks 
*** FLOP *** [5d 4s 5c]
Dankgrundle: checks 
Texastrolls: checks 
Albarab: checks 
*** TURN *** [5d 4s 5c] [2s]
Dankgrundle: checks 
Texastrolls: bets $0.25
Albarab: folds 
Dankgrundle: folds 
Uncalled bet ($0.25) returned to Texastrolls
Texastrolls collected $0.85 from pot
*** SUMMARY ***
Total pot $0.85 | Rake $0 
Board [5d 4s 5c 2s]
Seat 1: Dankgrundle (big blind) folded on the Turn
Seat 2: Texastrolls collected ($0.85)
Seat 3: kelberus folded before Flop (didn't bet)
Seat 4: Alameda22 folded before Flop (didn't bet)
Seat 5: wksek folded before Flop (didn't bet)
Seat 7: Dr Red Tiger folded before Flop (didn't bet)
Seat 8: Albarab (button) folded on the Turn
Seat 9: AcedePique (small blind) folded before Flop



PokerStars Game #20102749797:  Hold'em No Limit ($0.10/$0.25) - 2008/09/02 20:24:47 ET
Table 'Oceax' 9-max Seat #9 is the button
Seat 1: Dankgrundle ($25.75 in chips) 
Seat 2: Texastrolls ($14.35 in chips) 
Seat 3: kelberus ($45.25 in chips) 
Seat 4: Alameda22 ($24.05 in chips) 
Seat 5: wksek ($21 in chips) 
Seat 7: Dr Red Tiger ($4.40 in chips) 
Seat 8: Albarab ($24.15 in chips) 
Seat 9: AcedePique ($37.10 in chips) 
Dankgrundle: posts small blind $0.10
Texastrolls: posts big blind $0.25
*** HOLE CARDS ***
Dealt to Alameda22 [Qs 2c]
kelberus: folds 
Alameda22: folds 
wksek: folds 
Dr Red Tiger: folds 
Albarab: folds 
AcedePique: folds 
Dankgrundle: folds 
Uncalled bet ($0.15) returned to Texastrolls
Texastrolls collected $0.20 from pot
*** SUMMARY ***
Total pot $0.20 | Rake $0 
Seat 1: Dankgrundle (small blind) folded before Flop
Seat 2: Texastrolls (big blind) collected ($0.20)
Seat 3: kelberus folded before Flop (didn't bet)
Seat 4: Alameda22 folded before Flop (didn't bet)
Seat 5: wksek folded before Flop (didn't bet)
Seat 7: Dr Red Tiger folded before Flop (didn't bet)
Seat 8: Albarab folded before Flop (didn't bet)
Seat 9: AcedePique (button) folded before Flop (didn't bet)



PokerStars Game #20102759137:  Hold'em No Limit ($0.10/$0.25) - 2008/09/02 20:25:12 ET
Table 'Oceax' 9-max Seat #1 is the button
Seat 1: Dankgrundle ($25.65 in chips) 
Seat 2: Texastrolls ($14.45 in chips) 
Seat 3: kelberus ($45.25 in chips) 
Seat 4: Alameda22 ($24.05 in chips) 
Seat 5: wksek ($21 in chips) 
Seat 7: Dr Red Tiger ($4.40 in chips) 
Seat 8: Albarab ($24.15 in chips) 
Seat 9: AcedePique ($37.10 in chips) 
Texastrolls: posts small blind $0.10
kelberus: posts big blind $0.25
*** HOLE CARDS ***
Dealt to Alameda22 [Ts 5h]
Alameda22: folds 
wksek: folds 
Dr Red Tiger: folds 
Albarab: folds 
AcedePique: folds 
Dankgrundle: raises $0.50 to $0.75
Texastrolls: folds 
kelberus: folds 
Uncalled bet ($0.50) returned to Dankgrundle
Dankgrundle collected $0.60 from pot
Dankgrundle: doesn't show hand 
*** SUMMARY ***
Total pot $0.60 | Rake $0 
Seat 1: Dankgrundle (button) collected ($0.60)
Seat 2: Texastrolls (small blind) folded before Flop
Seat 3: kelberus (big blind) folded before Flop
Seat 4: Alameda22 folded before Flop (didn't bet)
Seat 5: wksek folded before Flop (didn't bet)
Seat 7: Dr Red Tiger folded before Flop (didn't bet)
Seat 8: Albarab folded before Flop (didn't bet)
Seat 9: AcedePique folded before Flop (didn't bet)



PokerStars Game #20102769713:  Hold'em No Limit ($0.10/$0.25) - 2008/09/02 20:25:41 ET
Table 'Oceax' 9-max Seat #2 is the button
Seat 1: Dankgrundle ($26 in chips) 
Seat 2: Texastrolls ($14.35 in chips) 
Seat 3: kelberus ($45 in chips) 
Seat 4: Alameda22 ($24.05 in chips) 
Seat 5: wksek ($21 in chips) 
Seat 7: Dr Red Tiger ($4.40 in chips) 
Seat 8: Albarab ($24.15 in chips) 
Seat 9: AcedePique ($37.10 in chips) 
kelberus: posts small blind $0.10
Alameda22: posts big blind $0.25
*** HOLE CARDS ***
Dealt to Alameda22 [7s Kc]
wksek: folds 
Dr Red Tiger: folds 
Albarab: folds 
AcedePique: folds 
Dankgrundle: folds 
Texastrolls: calls $0.25
kelberus: folds 
Alameda22: checks 
*** FLOP *** [Kd 4h Jd]
Alameda22: checks 
Texastrolls: bets $0.25
Alameda22: folds 
Uncalled bet ($0.25) returned to Texastrolls
Texastrolls collected $0.60 from pot
*** SUMMARY ***
Total pot $0.60 | Rake $0 
Board [Kd 4h Jd]
Seat 1: Dankgrundle folded before Flop (didn't bet)
Seat 2: Texastrolls (button) collected ($0.60)
Seat 3: kelberus (small blind) folded before Flop
Seat 4: Alameda22 (big blind) folded on the Flop
Seat 5: wksek folded before Flop (didn't bet)
Seat 7: Dr Red Tiger folded before Flop (didn't bet)
Seat 8: Albarab folded before Flop (didn't bet)
Seat 9: AcedePique folded before Flop (didn't bet)



PokerStars Game #20102788474:  Hold'em No Limit ($0.10/$0.25) - 2008/09/02 20:26:32 ET
Table 'Oceax' 9-max Seat #3 is the button
Seat 1: Dankgrundle ($26 in chips) 
Seat 2: Texastrolls ($14.70 in chips) 
Seat 3: kelberus ($44.90 in chips) 
Seat 4: Alameda22 ($23.80 in chips) 
Seat 5: wksek ($21 in chips) 
Seat 7: Dr Red Tiger ($4.40 in chips) 
Seat 8: Albarab ($24.15 in chips) 
Seat 9: AcedePique ($37.10 in chips) 
Alameda22: posts small blind $0.10
wksek: posts big blind $0.25
*** HOLE CARDS ***
Dealt to Alameda22 [5h 7d]
Dr Red Tiger: folds 
Albarab: raises $0.75 to $1
AcedePique: folds 
Dankgrundle: folds 
Texastrolls: folds 
kelberus: calls $1
TheJFlack leaves the table
Alameda22: folds 
wksek: folds 
*** FLOP *** [Th 5c 9h]
Albarab: bets $1.50
kelberus: folds 
Uncalled bet ($1.50) returned to Albarab
Albarab collected $2.25 from pot
Albarab: doesn't show hand 
*** SUMMARY ***
Total pot $2.35 | Rake $0.10 
Board [Th 5c 9h]
Seat 1: Dankgrundle folded before Flop (didn't bet)
Seat 2: Texastrolls folded before Flop (didn't bet)
Seat 3: kelberus (button) folded on the Flop
Seat 4: Alameda22 (small blind) folded before Flop
Seat 5: wksek (big blind) folded before Flop
Seat 7: Dr Red Tiger folded before Flop (didn't bet)
Seat 8: Albarab collected ($2.25)
Seat 9: AcedePique folded before Flop (didn't bet)



PokerStars Game #20102806536:  Hold'em No Limit ($0.10/$0.25) - 2008/09/02 20:27:20 ET
Table 'Oceax' 9-max Seat #4 is the button
Seat 1: Dankgrundle ($26 in chips) 
Seat 2: Texastrolls ($14.70 in chips) 
Seat 3: kelberus ($43.90 in chips) 
Seat 4: Alameda22 ($23.70 in chips) 
Seat 5: wksek ($20.75 in chips) 
Seat 7: Dr Red Tiger ($4.40 in chips) 
Seat 8: Albarab ($25.40 in chips) 
Seat 9: AcedePique ($37.10 in chips) 
wksek: posts small blind $0.10
Dr Red Tiger: posts big blind $0.25
*** HOLE CARDS ***
Dealt to Alameda22 [8c 7h]
Albarab: folds 
AcedePique: folds 
Mrbe59 joins the table at seat #6 
Dankgrundle: folds 
Texastrolls: calls $0.25
kelberus: folds 
Alameda22: folds 
wksek: folds 
Dr Red Tiger: checks 
*** FLOP *** [As 6h 4c]
Dr Red Tiger: checks 
Texastrolls: checks 
*** TURN *** [As 6h 4c] [Jc]
Dr Red Tiger: bets $0.25
Texastrolls: calls $0.25
*** RIVER *** [As 6h 4c Jc] [Ad]
Dr Red Tiger: checks 
Texastrolls: bets $0.25
Dr Red Tiger: folds 
Uncalled bet ($0.25) returned to Texastrolls
Texastrolls collected $1.05 from pot
*** SUMMARY ***
Total pot $1.10 | Rake $0.05 
Board [As 6h 4c Jc Ad]
Seat 1: Dankgrundle folded before Flop (didn't bet)
Seat 2: Texastrolls collected ($1.05)
Seat 3: kelberus folded before Flop (didn't bet)
Seat 4: Alameda22 (button) folded before Flop (didn't bet)
Seat 5: wksek (small blind) folded before Flop
Seat 7: Dr Red Tiger (big blind) folded on the River
Seat 8: Albarab folded before Flop (didn't bet)
Seat 9: AcedePique folded before Flop (didn't bet)



PokerStars Game #20102826267:  Hold'em No Limit ($0.10/$0.25) - 2008/09/02 20:28:15 ET
Table 'Oceax' 9-max Seat #5 is the button
Seat 1: Dankgrundle ($26 in chips) 
Seat 2: Texastrolls ($15.25 in chips) 
Seat 3: kelberus ($43.90 in chips) 
Seat 4: Alameda22 ($23.70 in chips) 
Seat 5: wksek ($20.65 in chips) 
Seat 7: Dr Red Tiger ($3.90 in chips) 
Seat 8: Albarab ($25.40 in chips) 
Seat 9: AcedePique ($37.10 in chips) 
Mrbe59 will be allowed to play after the button
Dr Red Tiger: posts small blind $0.10
Albarab: posts big blind $0.25
*** HOLE CARDS ***
Dealt to Alameda22 [6h 5s]
AcedePique: calls $0.25
Dankgrundle: raises $0.75 to $1
Texastrolls: folds 
kelberus: folds 
Alameda22: folds 
wksek: folds 
Dr Red Tiger: folds 
Albarab: folds 
AcedePique: calls $0.75
*** FLOP *** [8h 2h Jd]
AcedePique: checks 
Dankgrundle: bets $1.75
AcedePique: folds 
Uncalled bet ($1.75) returned to Dankgrundle
Dankgrundle collected $2.25 from pot
Dankgrundle: doesn't show hand 
*** SUMMARY ***
Total pot $2.35 | Rake $0.10 
Board [8h 2h Jd]
Seat 1: Dankgrundle collected ($2.25)
Seat 2: Texastrolls folded before Flop (didn't bet)
Seat 3: kelberus folded before Flop (didn't bet)
Seat 4: Alameda22 folded before Flop (didn't bet)
Seat 5: wksek (button) folded before Flop (didn't bet)
Seat 7: Dr Red Tiger (small blind) folded before Flop
Seat 8: Albarab (big blind) folded before Flop
Seat 9: AcedePique folded on the Flop



PokerStars Game #20102847167:  Hold'em No Limit ($0.10/$0.25) - 2008/09/02 20:29:11 ET
Table 'Oceax' 9-max Seat #7 is the button
Seat 1: Dankgrundle ($27.25 in chips) 
Seat 2: Texastrolls ($15.25 in chips) 
Seat 3: kelberus ($43.90 in chips) 
Seat 4: Alameda22 ($23.70 in chips) 
Seat 5: wksek ($20.65 in chips) 
Seat 6: Mrbe59 ($9.30 in chips) 
Seat 7: Dr Red Tiger ($3.80 in chips) 
Seat 8: Albarab ($25.15 in chips) 
Seat 9: AcedePique ($36.10 in chips) 
Albarab: posts small blind $0.10
AcedePique: posts big blind $0.25
Mrbe59: posts big blind $0.25
*** HOLE CARDS ***
Dealt to Alameda22 [Th 6c]
Dankgrundle: folds 
Texastrolls: calls $0.25
kelberus: folds 
Alameda22: folds 
wksek: folds 
Mrbe59: checks 
Dr Red Tiger: calls $0.25
Albarab: folds 
AcedePique: checks 
*** FLOP *** [9s Tc 3d]
AcedePique: checks 
Texastrolls: checks 
Mrbe59: checks 
Dr Red Tiger: checks 
*** TURN *** [9s Tc 3d] [5d]
AcedePique: checks 
Texastrolls: checks 
Mrbe59: checks 
Dr Red Tiger: bets $1
AcedePique: folds 
Texastrolls: folds 
Mrbe59: folds 
Uncalled bet ($1) returned to Dr Red Tiger
Dr Red Tiger collected $1.05 from pot
Dr Red Tiger: doesn't show hand 
*** SUMMARY ***
Total pot $1.10 | Rake $0.05 
Board [9s Tc 3d 5d]
Seat 1: Dankgrundle folded before Flop (didn't bet)
Seat 2: Texastrolls folded on the Turn
Seat 3: kelberus folded before Flop (didn't bet)
Seat 4: Alameda22 folded before Flop (didn't bet)
Seat 5: wksek folded before Flop (didn't bet)
Seat 6: Mrbe59 folded on the Turn
Seat 7: Dr Red Tiger (button) collected ($1.05)
Seat 8: Albarab (small blind) folded before Flop
Seat 9: AcedePique (big blind) folded on the Turn



PokerStars Game #20102878968:  Hold'em No Limit ($0.10/$0.25) - 2008/09/02 20:30:37 ET
Table 'Oceax' 9-max Seat #8 is the button
Seat 1: Dankgrundle ($27.25 in chips) 
Seat 2: Texastrolls ($15 in chips) 
Seat 3: kelberus ($43.90 in chips) 
Seat 4: Alameda22 ($23.70 in chips) 
Seat 5: wksek ($20.65 in chips) 
Seat 6: Mrbe59 ($9.05 in chips) 
Seat 7: Dr Red Tiger ($4.60 in chips) 
Seat 8: Albarab ($25.05 in chips) 
Seat 9: AcedePique ($35.85 in chips) 
AcedePique: posts small blind $0.10
Dankgrundle: posts big blind $0.25
*** HOLE CARDS ***
Dealt to Alameda22 [Jd 4h]
Texastrolls: calls $0.25
kelberus: folds 
Alameda22: folds 
wksek: raises $0.50 to $0.75
Mrbe59: folds 
Dr Red Tiger: folds 
Albarab: calls $0.75
AcedePique: folds 
Dankgrundle: folds 
Texastrolls: calls $0.50
*** FLOP *** [8c Tc 7d]
Texastrolls: checks 
wksek: bets $2
Albarab: calls $2
Texastrolls: folds 
*** TURN *** [8c Tc 7d] [As]
wksek: bets $4
Albarab: folds 
Uncalled bet ($4) returned to wksek
wksek collected $6.30 from pot
wksek: doesn't show hand 
*** SUMMARY ***
Total pot $6.60 | Rake $0.30 
Board [8c Tc 7d As]
Seat 1: Dankgrundle (big blind) folded before Flop
Seat 2: Texastrolls folded on the Flop
Seat 3: kelberus folded before Flop (didn't bet)
Seat 4: Alameda22 folded before Flop (didn't bet)
Seat 5: wksek collected ($6.30)
Seat 6: Mrbe59 folded before Flop (didn't bet)
Seat 7: Dr Red Tiger folded before Flop (didn't bet)
Seat 8: Albarab (button) folded on the Turn
Seat 9: AcedePique (small blind) folded before Flop



PokerStars Game #20102904110:  Hold'em No Limit ($0.10/$0.25) - 2008/09/02 20:31:42 ET
Table 'Oceax' 9-max Seat #9 is the button
Seat 1: Dankgrundle ($27 in chips) 
Seat 2: Texastrolls ($14.25 in chips) 
Seat 3: kelberus ($43.90 in chips) 
Seat 4: Alameda22 ($23.70 in chips) 
Seat 5: wksek ($24.20 in chips) 
Seat 6: Mrbe59 ($9.05 in chips) 
Seat 7: Dr Red Tiger ($4.60 in chips) 
Seat 8: Albarab ($25 in chips) 
Seat 9: AcedePique ($35.75 in chips) 
Dankgrundle: posts small blind $0.10
Texastrolls: posts big blind $0.25
*** HOLE CARDS ***
Dealt to Alameda22 [Jd Ks]
kelberus: folds 
Alameda22: folds 
wksek: folds 
Mrbe59: folds 
Dr Red Tiger: folds 
Albarab: folds 
AcedePique: folds 
Dankgrundle: folds 
Uncalled bet ($0.15) returned to Texastrolls
Texastrolls collected $0.20 from pot
*** SUMMARY ***
Total pot $0.20 | Rake $0 
Seat 1: Dankgrundle (small blind) folded before Flop
Seat 2: Texastrolls (big blind) collected ($0.20)
Seat 3: kelberus folded before Flop (didn't bet)
Seat 4: Alameda22 folded before Flop (didn't bet)
Seat 5: wksek folded before Flop (didn't bet)
Seat 6: Mrbe59 folded before Flop (didn't bet)
Seat 7: Dr Red Tiger folded before Flop (didn't bet)
Seat 8: Albarab folded before Flop (didn't bet)
Seat 9: AcedePique (button) folded before Flop (didn't bet)



PokerStars Game #20102916717:  Hold'em No Limit ($0.10/$0.25) - 2008/09/02 20:32:15 ET
Table 'Oceax' 9-max Seat #1 is the button
Seat 1: Dankgrundle ($26.90 in chips) 
Seat 2: Texastrolls ($14.35 in chips) 
Seat 3: kelberus ($43.90 in chips) 
Seat 4: Alameda22 ($23.70 in chips) 
Seat 5: wksek ($24.20 in chips) 
Seat 6: Mrbe59 ($9.05 in chips) 
Seat 7: Dr Red Tiger ($4.60 in chips) 
Seat 8: Albarab ($25 in chips) 
Seat 9: AcedePique ($35.75 in chips) 
Texastrolls: posts small blind $0.10
kelberus: posts big blind $0.25
*** HOLE CARDS ***
Dealt to Alameda22 [Ts Jh]
Alameda22: folds 
wksek: raises $0.50 to $0.75
Mrbe59: calls $0.75
Dr Red Tiger: folds 
Albarab: folds 
AcedePique: folds 
Dankgrundle: folds 
Texastrolls: calls $0.65
kelberus: folds 
*** FLOP *** [6h 7s Th]
Texastrolls: checks 
wksek: bets $1.25
Mrbe59: folds 
Texastrolls: calls $1.25
*** TURN *** [6h 7s Th] [9d]
Texastrolls: checks 
wksek: bets $4
Texastrolls: calls $4
*** RIVER *** [6h 7s Th 9d] [Qd]
Texastrolls: checks 
wksek: bets $6
Texastrolls: calls $6
*** SHOW DOWN ***
wksek: shows [Kd Qc] (a pair of Queens)
Texastrolls: shows [8h Qh] (a straight, Six to Ten)
Texastrolls collected $23.80 from pot
*** SUMMARY ***
Total pot $25 | Rake $1.20 
Board [6h 7s Th 9d Qd]
Seat 1: Dankgrundle (button) folded before Flop (didn't bet)
Seat 2: Texastrolls (small blind) showed [8h Qh] and won ($23.80) with a straight, Six to Ten
Seat 3: kelberus (big blind) folded before Flop
Seat 4: Alameda22 folded before Flop (didn't bet)
Seat 5: wksek showed [Kd Qc] and lost with a pair of Queens
Seat 6: Mrbe59 folded on the Flop
Seat 7: Dr Red Tiger folded before Flop (didn't bet)
Seat 8: Albarab folded before Flop (didn't bet)
Seat 9: AcedePique folded before Flop (didn't bet)



PokerStars Game #20102944268:  Hold'em No Limit ($0.10/$0.25) - 2008/09/02 20:33:27 ET
Table 'Oceax' 9-max Seat #2 is the button
Seat 1: Dankgrundle ($26.90 in chips) 
Seat 2: Texastrolls ($26.15 in chips) 
Seat 3: kelberus ($43.65 in chips) 
Seat 4: Alameda22 ($23.70 in chips) 
Seat 5: wksek ($12.20 in chips) 
Seat 6: Mrbe59 ($8.30 in chips) 
Seat 7: Dr Red Tiger ($4.60 in chips) 
Seat 8: Albarab ($25 in chips) 
Seat 9: AcedePique ($35.75 in chips) 
kelberus: posts small blind $0.10
Alameda22: posts big blind $0.25
*** HOLE CARDS ***
Dealt to Alameda22 [Qc Jh]
wksek: folds 
Mrbe59: folds 
Dr Red Tiger: folds 
Albarab: raises $0.75 to $1
AcedePique: folds 
Dankgrundle: folds 
Texastrolls: calls $1
kelberus: folds 
Alameda22: folds 
*** FLOP *** [7s 4s 7c]
Albarab: bets $1.75
Texastrolls: folds 
Uncalled bet ($1.75) returned to Albarab
Albarab collected $2.25 from pot
Albarab: doesn't show hand 
*** SUMMARY ***
Total pot $2.35 | Rake $0.10 
Board [7s 4s 7c]
Seat 1: Dankgrundle folded before Flop (didn't bet)
Seat 2: Texastrolls (button) folded on the Flop
Seat 3: kelberus (small blind) folded before Flop
Seat 4: Alameda22 (big blind) folded before Flop
Seat 5: wksek folded before Flop (didn't bet)
Seat 6: Mrbe59 folded before Flop (didn't bet)
Seat 7: Dr Red Tiger folded before Flop (didn't bet)
Seat 8: Albarab collected ($2.25)
Seat 9: AcedePique folded before Flop (didn't bet)



PokerStars Game #20102962981:  Hold'em No Limit ($0.10/$0.25) - 2008/09/02 20:34:16 ET
Table 'Oceax' 9-max Seat #3 is the button
Seat 1: Dankgrundle ($26.90 in chips) 
Seat 2: Texastrolls ($25.15 in chips) 
Seat 3: kelberus ($43.55 in chips) 
Seat 4: Alameda22 ($23.45 in chips) 
Seat 5: wksek ($12.20 in chips) 
Seat 6: Mrbe59 ($8.30 in chips) 
Seat 7: Dr Red Tiger ($4.60 in chips) 
Seat 8: Albarab ($26.25 in chips) 
Seat 9: AcedePique ($35.75 in chips) 
Alameda22: posts small blind $0.10
wksek: posts big blind $0.25
*** HOLE CARDS ***
Dealt to Alameda22 [7h 3c]
Mrbe59: calls $0.25
Dr Red Tiger: folds 
Albarab: folds 
AcedePique: raises $1 to $1.25
Dankgrundle: folds 
Texastrolls: calls $1.25
kelberus: calls $1.25
Alameda22: folds 
wksek: folds 
Mrbe59: folds 
*** FLOP *** [Th Js Jd]
AcedePique: checks 
Texastrolls: checks 
kelberus: checks 
*** TURN *** [Th Js Jd] [4c]
AcedePique: checks 
Texastrolls: bets $3.50
kelberus: calls $3.50
AcedePique: folds 
*** RIVER *** [Th Js Jd 4c] [4h]
Texastrolls: checks 
kelberus: bets $6
Texastrolls: folds 
Uncalled bet ($6) returned to kelberus
wksek leaves the table
kelberus collected $10.80 from pot
kelberus: doesn't show hand 
*** SUMMARY ***
Total pot $11.35 | Rake $0.55 
Board [Th Js Jd 4c 4h]
Seat 1: Dankgrundle folded before Flop (didn't bet)
Seat 2: Texastrolls folded on the River
Seat 3: kelberus (button) collected ($10.80)
Seat 4: Alameda22 (small blind) folded before Flop
Seat 5: wksek (big blind) folded before Flop
Seat 6: Mrbe59 folded before Flop
Seat 7: Dr Red Tiger folded before Flop (didn't bet)
Seat 8: Albarab folded before Flop (didn't bet)
Seat 9: AcedePique folded on the Turn



PokerStars Game #20103006379:  Hold'em No Limit ($0.10/$0.25) - 2008/09/02 20:36:10 ET
Table 'Oceax' 9-max Seat #4 is the button
Seat 1: Dankgrundle ($26.90 in chips) 
Seat 2: Texastrolls ($20.40 in chips) 
Seat 3: kelberus ($49.60 in chips) 
Seat 4: Alameda22 ($23.35 in chips) 
Seat 6: Mrbe59 ($8.05 in chips) 
Seat 7: Dr Red Tiger ($4.60 in chips) 
Seat 8: Albarab ($26.25 in chips) 
Seat 9: AcedePique ($34.50 in chips) 
Mrbe59: posts small blind $0.10
Dr Red Tiger: posts big blind $0.25
*** HOLE CARDS ***
Dealt to Alameda22 [Td 8h]
Albarab: folds 
AcedePique: folds 
Dankgrundle: folds 
Texastrolls: folds 
kelberus: folds 
Alameda22: folds 
aintitkewl joins the table at seat #5 
Mrbe59: raises $0.75 to $1
Dr Red Tiger: raises $3.60 to $4.60 and is all-in
Mrbe59: calls $3.60
*** FLOP *** [Js As Ac]
*** TURN *** [Js As Ac] [4s]
*** RIVER *** [Js As Ac 4s] [Qh]
*** SHOW DOWN ***
Mrbe59: shows [7s 7d] (two pair, Aces and Sevens)
Dr Red Tiger: shows [Tc Ad] (three of a kind, Aces)
Dr Red Tiger collected $8.75 from pot
*** SUMMARY ***
Total pot $9.20 | Rake $0.45 
Board [Js As Ac 4s Qh]
Seat 1: Dankgrundle folded before Flop (didn't bet)
Seat 2: Texastrolls folded before Flop (didn't bet)
Seat 3: kelberus folded before Flop (didn't bet)
Seat 4: Alameda22 (button) folded before Flop (didn't bet)
Seat 6: Mrbe59 (small blind) showed [7s 7d] and lost with two pair, Aces and Sevens
Seat 7: Dr Red Tiger (big blind) showed [Tc Ad] and won ($8.75) with three of a kind, Aces
Seat 8: Albarab folded before Flop (didn't bet)
Seat 9: AcedePique folded before Flop (didn't bet)



PokerStars Game #20103026168:  Hold'em No Limit ($0.10/$0.25) - 2008/09/02 20:37:02 ET
Table 'Oceax' 9-max Seat #6 is the button
Seat 1: Dankgrundle ($26.90 in chips) 
Seat 2: Texastrolls ($20.40 in chips) 
Seat 3: kelberus ($49.60 in chips) 
Seat 4: Alameda22 ($23.35 in chips) 
Seat 6: Mrbe59 ($3.45 in chips) 
Seat 7: Dr Red Tiger ($8.75 in chips) 
Seat 8: Albarab ($26.25 in chips) 
Seat 9: AcedePique ($34.50 in chips) 
Dr Red Tiger: posts small blind $0.10
Albarab: posts big blind $0.25
aintitkewl: sits out 
*** HOLE CARDS ***
Dealt to Alameda22 [Ad 4c]
AcedePique: folds 
Dankgrundle: folds 
Texastrolls: folds 
kelberus: folds 
Alameda22: folds 
Mrbe59: calls $0.25
Dr Red Tiger: calls $0.15
Albarab: checks 
*** FLOP *** [Jh 6d 2h]
Dr Red Tiger: checks 
Albarab: checks 
Mrbe59: bets $0.50
Dr Red Tiger: folds 
Albarab: folds 
Uncalled bet ($0.50) returned to Mrbe59
Mrbe59 collected $0.75 from pot
Mrbe59: doesn't show hand 
*** SUMMARY ***
Total pot $0.75 | Rake $0 
Board [Jh 6d 2h]
Seat 1: Dankgrundle folded before Flop (didn't bet)
Seat 2: Texastrolls folded before Flop (didn't bet)
Seat 3: kelberus folded before Flop (didn't bet)
Seat 4: Alameda22 folded before Flop (didn't bet)
Seat 6: Mrbe59 (button) collected ($0.75)
Seat 7: Dr Red Tiger (small blind) folded on the Flop
Seat 8: Albarab (big blind) folded on the Flop
Seat 9: AcedePique folded before Flop (didn't bet)



PokerStars Game #20103045226:  Hold'em No Limit ($0.10/$0.25) - 2008/09/02 20:37:52 ET
Table 'Oceax' 9-max Seat #7 is the button
Seat 1: Dankgrundle ($26.90 in chips) 
Seat 2: Texastrolls ($20.40 in chips) 
Seat 3: kelberus ($49.60 in chips) 
Seat 4: Alameda22 ($23.35 in chips) 
Seat 6: Mrbe59 ($3.95 in chips) 
Seat 7: Dr Red Tiger ($8.50 in chips) 
Seat 8: Albarab ($26 in chips) 
Seat 9: AcedePique ($34.50 in chips) 
Albarab: posts small blind $0.10
AcedePique: posts big blind $0.25
aintitkewl: sits out 
*** HOLE CARDS ***
Dealt to Alameda22 [7s 8d]
Dankgrundle: raises $0.50 to $0.75
Texastrolls: calls $0.75
kelberus: folds 
Alameda22: folds 
Mrbe59: folds 
Dr Red Tiger: folds 
Albarab: folds 
AcedePique: folds 
*** FLOP *** [Ah 2c 3d]
Dankgrundle: bets $1
Texastrolls: folds 
Uncalled bet ($1) returned to Dankgrundle
Dankgrundle collected $1.80 from pot
*** SUMMARY ***
Total pot $1.85 | Rake $0.05 
Board [Ah 2c 3d]
Seat 1: Dankgrundle collected ($1.80)
Seat 2: Texastrolls folded on the Flop
Seat 3: kelberus folded before Flop (didn't bet)
Seat 4: Alameda22 folded before Flop (didn't bet)
Seat 6: Mrbe59 folded before Flop (didn't bet)
Seat 7: Dr Red Tiger (button) folded before Flop (didn't bet)
Seat 8: Albarab (small blind) folded before Flop
Seat 9: AcedePique (big blind) folded before Flop



PokerStars Game #20103064154:  Hold'em No Limit ($0.10/$0.25) - 2008/09/02 20:38:41 ET
Table 'Oceax' 9-max Seat #8 is the button
Seat 1: Dankgrundle ($27.95 in chips) 
Seat 2: Texastrolls ($19.65 in chips) 
Seat 3: kelberus ($49.60 in chips) 
Seat 4: Alameda22 ($23.35 in chips) 
Seat 6: Mrbe59 ($3.95 in chips) 
Seat 7: Dr Red Tiger ($8.50 in chips) 
Seat 8: Albarab ($25.90 in chips) 
Seat 9: AcedePique ($34.25 in chips) 
AcedePique: posts small blind $0.10
Dankgrundle: posts big blind $0.25
aintitkewl: sits out 
*** HOLE CARDS ***
Dealt to Alameda22 [9d 2h]
Texastrolls: calls $0.25
kelberus: folds 
Alameda22: folds 
Mrbe59: calls $0.25
Dr Red Tiger: folds 
Albarab: raises $1.25 to $1.50
AcedePique: folds 
Dankgrundle: folds 
Texastrolls: calls $1.25
Mrbe59: calls $1.25
*** FLOP *** [4d Kh 3c]
Texastrolls: bets $2.25
Mrbe59: folds 
Albarab: folds 
Uncalled bet ($2.25) returned to Texastrolls
Texastrolls collected $4.65 from pot
*** SUMMARY ***
Total pot $4.85 | Rake $0.20 
Board [4d Kh 3c]
Seat 1: Dankgrundle (big blind) folded before Flop
Seat 2: Texastrolls collected ($4.65)
Seat 3: kelberus folded before Flop (didn't bet)
Seat 4: Alameda22 folded before Flop (didn't bet)
Seat 6: Mrbe59 folded on the Flop
Seat 7: Dr Red Tiger folded before Flop (didn't bet)
Seat 8: Albarab (button) folded on the Flop
Seat 9: AcedePique (small blind) folded before Flop



PokerStars Game #20103091153:  Hold'em No Limit ($0.10/$0.25) - 2008/09/02 20:39:51 ET
Table 'Oceax' 9-max Seat #9 is the button
Seat 1: Dankgrundle ($27.70 in chips) 
Seat 2: Texastrolls ($22.80 in chips) 
Seat 3: kelberus ($49.60 in chips) 
Seat 4: Alameda22 ($23.35 in chips) 
Seat 6: Mrbe59 ($2.45 in chips) 
Seat 7: Dr Red Tiger ($8.50 in chips) 
Seat 8: Albarab ($24.40 in chips) 
Seat 9: AcedePique ($34.15 in chips) 
Dankgrundle: posts small blind $0.10
Texastrolls: posts big blind $0.25
aintitkewl: sits out 
*** HOLE CARDS ***
Dealt to Alameda22 [9c 2s]
kelberus: folds 
Alameda22: folds 
Mrbe59: folds 
Dr Red Tiger: folds 
Albarab: folds 
AcedePique: folds 
Dankgrundle: folds 
Uncalled bet ($0.15) returned to Texastrolls
Texastrolls collected $0.20 from pot
*** SUMMARY ***
Total pot $0.20 | Rake $0 
Seat 1: Dankgrundle (small blind) folded before Flop
Seat 2: Texastrolls (big blind) collected ($0.20)
Seat 3: kelberus folded before Flop (didn't bet)
Seat 4: Alameda22 folded before Flop (didn't bet)
Seat 6: Mrbe59 folded before Flop (didn't bet)
Seat 7: Dr Red Tiger folded before Flop (didn't bet)
Seat 8: Albarab folded before Flop (didn't bet)
Seat 9: AcedePique (button) folded before Flop (didn't bet)



PokerStars Game #20103101121:  Hold'em No Limit ($0.10/$0.25) - 2008/09/02 20:40:16 ET
Table 'Oceax' 9-max Seat #1 is the button
Seat 1: Dankgrundle ($27.60 in chips) 
Seat 2: Texastrolls ($22.90 in chips) 
Seat 3: kelberus ($49.60 in chips) 
Seat 4: Alameda22 ($23.35 in chips) 
Seat 6: Mrbe59 ($2.45 in chips) 
Seat 7: Dr Red Tiger ($8.50 in chips) 
Seat 8: Albarab ($24.40 in chips) 
Seat 9: AcedePique ($34.15 in chips) 
Texastrolls: posts small blind $0.10
kelberus: posts big blind $0.25
aintitkewl: sits out 
*** HOLE CARDS ***
Dealt to Alameda22 [3c Kc]
Alameda22: folds 
Mrbe59: folds 
Dr Red Tiger: folds 
Albarab: folds 
AcedePique: folds 
Dankgrundle: raises $0.50 to $0.75
Texastrolls: folds 
kelberus: calls $0.50
*** FLOP *** [3s 9s 3d]
kelberus: checks 
Dankgrundle: bets $1
kelberus: calls $1
*** TURN *** [3s 9s 3d] [Kh]
kelberus: checks 
Dankgrundle: bets $2
kelberus: calls $2
*** RIVER *** [3s 9s 3d Kh] [Tc]
kelberus: checks 
Dankgrundle: bets $5
kelberus: calls $5
*** SHOW DOWN ***
Dankgrundle: shows [Ts Kd] (two pair, Kings and Tens)
kelberus: mucks hand 
Dankgrundle collected $16.75 from pot
*** SUMMARY ***
Total pot $17.60 | Rake $0.85 
Board [3s 9s 3d Kh Tc]
Seat 1: Dankgrundle (button) showed [Ts Kd] and won ($16.75) with two pair, Kings and Tens
Seat 2: Texastrolls (small blind) folded before Flop
Seat 3: kelberus (big blind) mucked [9c 7c]
Seat 4: Alameda22 folded before Flop (didn't bet)
Seat 6: Mrbe59 folded before Flop (didn't bet)
Seat 7: Dr Red Tiger folded before Flop (didn't bet)
Seat 8: Albarab folded before Flop (didn't bet)
Seat 9: AcedePique folded before Flop (didn't bet)



PokerStars Game #20103130387:  Hold'em No Limit ($0.10/$0.25) - 2008/09/02 20:41:32 ET
Table 'Oceax' 9-max Seat #2 is the button
Seat 1: Dankgrundle ($35.60 in chips) 
Seat 2: Texastrolls ($22.80 in chips) 
Seat 3: kelberus ($40.85 in chips) 
Seat 4: Alameda22 ($23.35 in chips) 
Seat 6: Mrbe59 ($2.45 in chips) 
Seat 7: Dr Red Tiger ($8.50 in chips) 
Seat 8: Albarab ($24.40 in chips) 
Seat 9: AcedePique ($34.15 in chips) 
kelberus: posts small blind $0.10
Alameda22: posts big blind $0.25
aintitkewl: sits out 
*** HOLE CARDS ***
Dealt to Alameda22 [Qc 6d]
Mrbe59: calls $0.25
Dr Red Tiger: folds 
Albarab: folds 
AcedePique: folds 
Dankgrundle: folds 
Texastrolls: folds 
kelberus: folds 
Alameda22: checks 
*** FLOP *** [Ah 5s 9d]
Alameda22: checks 
Mrbe59: checks 
*** TURN *** [Ah 5s 9d] [Jc]
Alameda22: checks 
Mrbe59: bets $0.50
Alameda22: folds 
Uncalled bet ($0.50) returned to Mrbe59
Mrbe59 collected $0.60 from pot
Mrbe59: doesn't show hand 
*** SUMMARY ***
Total pot $0.60 | Rake $0 
Board [Ah 5s 9d Jc]
Seat 1: Dankgrundle folded before Flop (didn't bet)
Seat 2: Texastrolls (button) folded before Flop (didn't bet)
Seat 3: kelberus (small blind) folded before Flop
Seat 4: Alameda22 (big blind) folded on the Turn
Seat 6: Mrbe59 collected ($0.60)
Seat 7: Dr Red Tiger folded before Flop (didn't bet)
Seat 8: Albarab folded before Flop (didn't bet)
Seat 9: AcedePique folded before Flop (didn't bet)



PokerStars Game #20103153041:  Hold'em No Limit ($0.10/$0.25) - 2008/09/02 20:42:32 ET
Table 'Oceax' 9-max Seat #3 is the button
Seat 1: Dankgrundle ($35.60 in chips) 
Seat 2: Texastrolls ($22.80 in chips) 
Seat 3: kelberus ($40.75 in chips) 
Seat 4: Alameda22 ($23.10 in chips) 
Seat 5: aintitkewl ($25 in chips) 
Seat 6: Mrbe59 ($2.80 in chips) 
Seat 7: Dr Red Tiger ($8.50 in chips) 
Seat 8: Albarab ($24.40 in chips) 
Seat 9: AcedePique ($34.15 in chips) 
Alameda22: posts small blind $0.10
aintitkewl: posts big blind $0.25
*** HOLE CARDS ***
Dealt to Alameda22 [Ad 9h]
Mrbe59: calls $0.25
Dr Red Tiger: folds 
Albarab: folds 
AcedePique: folds 
Dankgrundle: folds 
Texastrolls: calls $0.25
kelberus: folds 
Alameda22: folds 
aintitkewl: checks 
*** FLOP *** [6d 7h 8c]
aintitkewl: checks 
Mrbe59: checks 
Texastrolls: bets $0.25
aintitkewl: folds 
Mrbe59: folds 
Uncalled bet ($0.25) returned to Texastrolls
Texastrolls collected $0.85 from pot
*** SUMMARY ***
Total pot $0.85 | Rake $0 
Board [6d 7h 8c]
Seat 1: Dankgrundle folded before Flop (didn't bet)
Seat 2: Texastrolls collected ($0.85)
Seat 3: kelberus (button) folded before Flop (didn't bet)
Seat 4: Alameda22 (small blind) folded before Flop
Seat 5: aintitkewl (big blind) folded on the Flop
Seat 6: Mrbe59 folded on the Flop
Seat 7: Dr Red Tiger folded before Flop (didn't bet)
Seat 8: Albarab folded before Flop (didn't bet)
Seat 9: AcedePique folded before Flop (didn't bet)



PokerStars Game #20103187272:  Hold'em No Limit ($0.10/$0.25) - 2008/09/02 20:44:04 ET
Table 'Oceax' 9-max Seat #4 is the button
Seat 1: Dankgrundle ($35.60 in chips) 
Seat 2: Texastrolls ($23.40 in chips) 
Seat 3: kelberus ($40.75 in chips) 
Seat 4: Alameda22 ($23 in chips) 
Seat 5: aintitkewl ($24.75 in chips) 
Seat 6: Mrbe59 ($2.55 in chips) 
Seat 7: Dr Red Tiger ($8.50 in chips) 
Seat 8: Albarab ($24.40 in chips) 
Seat 9: AcedePique ($34.15 in chips) 
aintitkewl: posts small blind $0.10
Mrbe59: posts big blind $0.25
*** HOLE CARDS ***
Dealt to Alameda22 [Ah Ac]
Dr Red Tiger: folds 
Albarab: folds 
AcedePique: folds 
Dankgrundle: folds 
Texastrolls: calls $0.25
kelberus: folds 
Alameda22: raises $1 to $1.25
aintitkewl: folds 
Mrbe59: raises $1.30 to $2.55 and is all-in
Texastrolls: calls $2.30
Alameda22: raises $4.95 to $7.50
Texastrolls: calls $4.95
*** FLOP *** [6c 9h Jc]
Texastrolls: checks 
Alameda22: bets $10
Texastrolls: calls $10
*** TURN *** [6c 9h Jc] [4c]
Texastrolls: bets $5.90 and is all-in
Alameda22: calls $5.50 and is all-in
Uncalled bet ($0.40) returned to Texastrolls
*** RIVER *** [6c 9h Jc 4c] [As]
*** SHOW DOWN ***
Texastrolls: shows [6h Kd] (a pair of Sixes)
Alameda22: shows [Ah Ac] (three of a kind, Aces)
Alameda22 collected $38.95 from side pot
Texastrolls said, "n1"
Mrbe59: mucks hand 
Alameda22 collected $7.40 from main pot
Texastrolls leaves the table
*** SUMMARY ***
Total pot $48.65 Main pot $7.40. Side pot $38.95. | Rake $2.30 
Board [6c 9h Jc 4c As]
Seat 1: Dankgrundle folded before Flop (didn't bet)
Seat 2: Texastrolls showed [6h Kd] and lost with a pair of Sixes
Seat 3: kelberus folded before Flop (didn't bet)
Seat 4: Alameda22 (button) showed [Ah Ac] and won ($46.35) with three of a kind, Aces
Seat 5: aintitkewl (small blind) folded before Flop
Seat 6: Mrbe59 (big blind) mucked [3h 3s]
Seat 7: Dr Red Tiger folded before Flop (didn't bet)
Seat 8: Albarab folded before Flop (didn't bet)
Seat 9: AcedePique folded before Flop (didn't bet)



PokerStars Game #20103219171:  Hold'em No Limit ($0.10/$0.25) - 2008/09/02 20:45:28 ET
Table 'Oceax' 9-max Seat #5 is the button
Seat 1: Dankgrundle ($35.60 in chips) 
Seat 3: kelberus ($40.75 in chips) 
Seat 4: Alameda22 ($46.35 in chips) 
Seat 5: aintitkewl ($24.65 in chips) 
Seat 7: Dr Red Tiger ($8.50 in chips) 
Seat 8: Albarab ($24.40 in chips) 
Seat 9: AcedePique ($34.15 in chips) 
Dr Red Tiger: posts small blind $0.10
Albarab: posts big blind $0.25
*** HOLE CARDS ***
Dealt to Alameda22 [8h 4s]
Mrbe59 leaves the table
AcedePique: folds 
Dankgrundle: folds 
AcedePique leaves the table
kelberus: folds 
Alameda22: folds 
jchan6227 joins the table at seat #6 
aintitkewl: folds 
Dr Red Tiger: folds 
Uncalled bet ($0.15) returned to Albarab
Albarab collected $0.20 from pot
Albarab: doesn't show hand 
*** SUMMARY ***
Total pot $0.20 | Rake $0 
Seat 1: Dankgrundle folded before Flop (didn't bet)
Seat 3: kelberus folded before Flop (didn't bet)
Seat 4: Alameda22 folded before Flop (didn't bet)
Seat 5: aintitkewl (button) folded before Flop (didn't bet)
Seat 7: Dr Red Tiger (small blind) folded before Flop
Seat 8: Albarab (big blind) collected ($0.20)
Seat 9: AcedePique folded before Flop (didn't bet)



PokerStars Game #20103234063:  Hold'em No Limit ($0.10/$0.25) - 2008/09/02 20:46:07 ET
Table 'Oceax' 9-max Seat #7 is the button
Seat 1: Dankgrundle ($35.60 in chips) 
Seat 3: kelberus ($40.75 in chips) 
Seat 4: Alameda22 ($46.35 in chips) 
Seat 5: aintitkewl ($24.65 in chips) 
Seat 6: jchan6227 ($15 in chips) 
Seat 7: Dr Red Tiger ($8.40 in chips) 
Seat 8: Albarab ($24.50 in chips) 
Albarab: posts small blind $0.10
Dankgrundle: posts big blind $0.25
jchan6227: posts big blind $0.25
*** HOLE CARDS ***
Dealt to Alameda22 [Ac 6h]
kelberus: folds 
Alameda22: folds 
aintitkewl: folds 
jchan6227: checks 
Dr Red Tiger: folds 
Albarab: calls $0.15
Dankgrundle: checks 
*** FLOP *** [8c 4h 6d]
Albarab: checks 
Dankgrundle: checks 
jchan6227: checks 
*** TURN *** [8c 4h 6d] [7s]
Albarab: checks 
Dankgrundle: checks 
jchan6227: bets $0.25
Albarab: folds 
Dankgrundle: calls $0.25
*** RIVER *** [8c 4h 6d 7s] [8h]
Dankgrundle: checks 
jchan6227: bets $2
Dankgrundle: folds 
Uncalled bet ($2) returned to jchan6227
jchan6227 collected $1.20 from pot
jchan6227: doesn't show hand 
*** SUMMARY ***
Total pot $1.25 | Rake $0.05 
Board [8c 4h 6d 7s 8h]
Seat 1: Dankgrundle (big blind) folded on the River
Seat 3: kelberus folded before Flop (didn't bet)
Seat 4: Alameda22 folded before Flop (didn't bet)
Seat 5: aintitkewl folded before Flop (didn't bet)
Seat 6: jchan6227 collected ($1.20)
Seat 7: Dr Red Tiger (button) folded before Flop (didn't bet)
Seat 8: Albarab (small blind) folded on the Turn



PokerStars Game #20103266196:  Hold'em No Limit ($0.10/$0.25) - 2008/09/02 20:47:32 ET
Table 'Oceax' 9-max Seat #8 is the button
Seat 1: Dankgrundle ($35.10 in chips) 
Seat 3: kelberus ($40.75 in chips) 
Seat 4: Alameda22 ($46.35 in chips) 
Seat 5: aintitkewl ($24.65 in chips) 
Seat 6: jchan6227 ($15.70 in chips) 
Seat 7: Dr Red Tiger ($8.40 in chips) 
Seat 8: Albarab ($24.25 in chips) 
Dankgrundle: posts small blind $0.10
kelberus: posts big blind $0.25
*** HOLE CARDS ***
Dealt to Alameda22 [4c Qh]
Alameda22: folds 
aintitkewl: folds 
jchan6227: calls $0.25
Dr Red Tiger: folds 
Albarab: calls $0.25
Dankgrundle: folds 
kelberus: checks 
*** FLOP *** [Kd 4d 9s]
kelberus: checks 
jchan6227: checks 
Albarab: checks 
*** TURN *** [Kd 4d 9s] [7d]
kelberus: checks 
jchan6227: bets $0.50
Albarab: folds 
kelberus: folds 
Uncalled bet ($0.50) returned to jchan6227
jchan6227 collected $0.85 from pot
jchan6227: doesn't show hand 
*** SUMMARY ***
Total pot $0.85 | Rake $0 
Board [Kd 4d 9s 7d]
Seat 1: Dankgrundle (small blind) folded before Flop
Seat 3: kelberus (big blind) folded on the Turn
Seat 4: Alameda22 folded before Flop (didn't bet)
Seat 5: aintitkewl folded before Flop (didn't bet)
Seat 6: jchan6227 collected ($0.85)
Seat 7: Dr Red Tiger folded before Flop (didn't bet)
Seat 8: Albarab (button) folded on the Turn



PokerStars Game #20103292212:  Hold'em No Limit ($0.10/$0.25) - 2008/09/02 20:48:42 ET
Table 'Oceax' 9-max Seat #1 is the button
Seat 1: Dankgrundle ($35 in chips) 
Seat 3: kelberus ($40.50 in chips) 
Seat 4: Alameda22 ($46.35 in chips) 
Seat 5: aintitkewl ($24.65 in chips) 
Seat 6: jchan6227 ($16.30 in chips) 
Seat 7: Dr Red Tiger ($8.40 in chips) 
Seat 8: Albarab ($24 in chips) 
kelberus: posts small blind $0.10
Alameda22: posts big blind $0.25
*** HOLE CARDS ***
Dealt to Alameda22 [7c Kh]
aintitkewl: raises $0.75 to $1
jchan6227: folds 
Dr Red Tiger: folds 
Albarab: folds 
Dankgrundle: calls $1
jchan6227 leaves the table
kelberus: folds 
Alameda22: folds 
*** FLOP *** [5s 7h Ah]
aintitkewl: checks 
Dankgrundle: checks 
*** TURN *** [5s 7h Ah] [5c]
AydinChecka joins the table at seat #6 
aintitkewl: bets $1
Dankgrundle: folds 
Uncalled bet ($1) returned to aintitkewl
aintitkewl collected $2.25 from pot
aintitkewl: doesn't show hand 
*** SUMMARY ***
Total pot $2.35 | Rake $0.10 
Board [5s 7h Ah 5c]
Seat 1: Dankgrundle (button) folded on the Turn
Seat 3: kelberus (small blind) folded before Flop
Seat 4: Alameda22 (big blind) folded before Flop
Seat 5: aintitkewl collected ($2.25)
Seat 6: jchan6227 folded before Flop (didn't bet)
Seat 7: Dr Red Tiger folded before Flop (didn't bet)
Seat 8: Albarab folded before Flop (didn't bet)



PokerStars Game #20103313010:  Hold'em No Limit ($0.10/$0.25) - 2008/09/02 20:49:37 ET
Table 'Oceax' 9-max Seat #3 is the button
Seat 1: Dankgrundle ($34 in chips) 
Seat 3: kelberus ($40.40 in chips) 
Seat 4: Alameda22 ($46.10 in chips) 
Seat 5: aintitkewl ($25.90 in chips) 
Seat 6: AydinChecka ($5 in chips) 
Seat 7: Dr Red Tiger ($8.40 in chips) 
Seat 8: Albarab ($24 in chips) 
Alameda22: posts small blind $0.10
aintitkewl: posts big blind $0.25
AydinChecka: posts big blind $0.25
*** HOLE CARDS ***
Dealt to Alameda22 [Ah Th]
AydinChecka: checks 
Dr Red Tiger: folds 
Albarab: folds 
Dankgrundle: folds 
D8400 joins the table at seat #9 
kelberus: raises $1 to $1.25
Alameda22: folds 
aintitkewl: folds 
AydinChecka: calls $1
*** FLOP *** [7c 9s Kh]
AydinChecka: bets $1
kelberus: folds 
Uncalled bet ($1) returned to AydinChecka
rutver joins the table at seat #2 
AydinChecka collected $2.75 from pot
AydinChecka: doesn't show hand 
*** SUMMARY ***
Total pot $2.85 | Rake $0.10 
Board [7c 9s Kh]
Seat 1: Dankgrundle folded before Flop (didn't bet)
Seat 3: kelberus (button) folded on the Flop
Seat 4: Alameda22 (small blind) folded before Flop
Seat 5: aintitkewl (big blind) folded before Flop
Seat 6: AydinChecka collected ($2.75)
Seat 7: Dr Red Tiger folded before Flop (didn't bet)
Seat 8: Albarab folded before Flop (didn't bet)



PokerStars Game #20103333303:  Hold'em No Limit ($0.10/$0.25) - 2008/09/02 20:50:31 ET
Table 'Oceax' 9-max Seat #4 is the button
Seat 1: Dankgrundle ($34 in chips) 
Seat 2: rutver ($19.90 in chips) 
Seat 3: kelberus ($39.15 in chips) 
Seat 4: Alameda22 ($46 in chips) 
Seat 5: aintitkewl ($25.65 in chips) 
Seat 6: AydinChecka ($6.50 in chips) 
Seat 7: Dr Red Tiger ($8.40 in chips) 
Seat 8: Albarab ($24 in chips) 
Seat 9: D8400 ($25 in chips) 
aintitkewl: posts small blind $0.10
AydinChecka: posts big blind $0.25
D8400: posts big blind $0.25
rutver: posts big blind $0.25
*** HOLE CARDS ***
Dealt to Alameda22 [2h Th]
Dr Red Tiger: folds 
Dr Red Tiger is sitting out
Albarab: folds 
Dr Red Tiger leaves the table
D8400: checks 
Dankgrundle: folds 
rutver: checks 
kelberus: folds 
wasserss joins the table at seat #7 
Alameda22: folds 
aintitkewl: calls $0.15
AydinChecka: checks 
*** FLOP *** [7h 5d 4h]
aintitkewl: checks 
AydinChecka: bets $6.25 and is all-in
D8400: folds 
rutver: folds 
aintitkewl: folds 
Uncalled bet ($6.25) returned to AydinChecka
AydinChecka collected $0.95 from pot
AydinChecka: doesn't show hand 
*** SUMMARY ***
Total pot $1 | Rake $0.05 
Board [7h 5d 4h]
Seat 1: Dankgrundle folded before Flop (didn't bet)
Seat 2: rutver folded on the Flop
Seat 3: kelberus folded before Flop (didn't bet)
Seat 4: Alameda22 (button) folded before Flop (didn't bet)
Seat 5: aintitkewl (small blind) folded on the Flop
Seat 6: AydinChecka (big blind) collected ($0.95)
Seat 7: Dr Red Tiger folded before Flop (didn't bet)
Seat 8: Albarab folded before Flop (didn't bet)
Seat 9: D8400 folded on the Flop



PokerStars Game #20103361483:  Hold'em No Limit ($0.10/$0.25) - 2008/09/02 20:51:46 ET
Table 'Oceax' 9-max Seat #5 is the button
Seat 1: Dankgrundle ($34 in chips) 
Seat 2: rutver ($19.65 in chips) 
Seat 3: kelberus ($39.15 in chips) 
Seat 4: Alameda22 ($46 in chips) 
Seat 5: aintitkewl ($25.40 in chips) 
Seat 6: AydinChecka ($7.20 in chips) 
Seat 7: wasserss ($5 in chips) 
Seat 8: Albarab ($24 in chips) 
Seat 9: D8400 ($24.75 in chips) 
AydinChecka: posts small blind $0.10
wasserss: posts big blind $0.25
*** HOLE CARDS ***
Dealt to Alameda22 [Kh 5h]
Albarab: folds 
D8400: calls $0.25
Dankgrundle: folds 
rutver: calls $0.25
kelberus: folds 
Alameda22: folds 
aintitkewl: folds 
AydinChecka: calls $0.15
wasserss: checks 
*** FLOP *** [5c Ks Qh]
AydinChecka: bets $0.50
wasserss: folds 
D8400: folds 
rutver: calls $0.50
*** TURN *** [5c Ks Qh] [6s]
AydinChecka: bets $6.45 and is all-in
rutver: folds 
Uncalled bet ($6.45) returned to AydinChecka
AydinChecka collected $1.95 from pot
AydinChecka: doesn't show hand 
*** SUMMARY ***
Total pot $2 | Rake $0.05 
Board [5c Ks Qh 6s]
Seat 1: Dankgrundle folded before Flop (didn't bet)
Seat 2: rutver folded on the Turn
Seat 3: kelberus folded before Flop (didn't bet)
Seat 4: Alameda22 folded before Flop (didn't bet)
Seat 5: aintitkewl (button) folded before Flop (didn't bet)
Seat 6: AydinChecka (small blind) collected ($1.95)
Seat 7: wasserss (big blind) folded on the Flop
Seat 8: Albarab folded before Flop (didn't bet)
Seat 9: D8400 folded on the Flop



PokerStars Game #20103389103:  Hold'em No Limit ($0.10/$0.25) - 2008/09/02 20:53:00 ET
Table 'Oceax' 9-max Seat #6 is the button
Seat 1: Dankgrundle ($34 in chips) 
Seat 2: rutver ($18.90 in chips) 
Seat 3: kelberus ($39.15 in chips) 
Seat 4: Alameda22 ($46 in chips) 
Seat 5: aintitkewl ($25.40 in chips) 
Seat 6: AydinChecka ($8.40 in chips) 
Seat 7: wasserss ($4.75 in chips) 
Seat 8: Albarab ($24 in chips) 
Seat 9: D8400 ($24.50 in chips) 
wasserss: posts small blind $0.10
Albarab: posts big blind $0.25
*** HOLE CARDS ***
Dealt to Alameda22 [2h Kh]
D8400: folds 
Dankgrundle: folds 
rutver: folds 
kelberus: folds 
Alameda22: folds 
aintitkewl: folds 
AydinChecka: calls $0.25
wasserss: folds 
Albarab: checks 
*** FLOP *** [Qs 8s 8d]
Albarab: checks 
AydinChecka: bets $1
Albarab: folds 
Uncalled bet ($1) returned to AydinChecka
AydinChecka collected $0.60 from pot
AydinChecka: doesn't show hand 
*** SUMMARY ***
Total pot $0.60 | Rake $0 
Board [Qs 8s 8d]
Seat 1: Dankgrundle folded before Flop (didn't bet)
Seat 2: rutver folded before Flop (didn't bet)
Seat 3: kelberus folded before Flop (didn't bet)
Seat 4: Alameda22 folded before Flop (didn't bet)
Seat 5: aintitkewl folded before Flop (didn't bet)
Seat 6: AydinChecka (button) collected ($0.60)
Seat 7: wasserss (small blind) folded before Flop
Seat 8: Albarab (big blind) folded on the Flop
Seat 9: D8400 folded before Flop (didn't bet)



PokerStars Game #20103409217:  Hold'em No Limit ($0.10/$0.25) - 2008/09/02 20:53:54 ET
Table 'Oceax' 9-max Seat #7 is the button
Seat 1: Dankgrundle ($34 in chips) 
Seat 2: rutver ($18.90 in chips) 
Seat 3: kelberus ($39.15 in chips) 
Seat 4: Alameda22 ($46 in chips) 
Seat 5: aintitkewl ($25.40 in chips) 
Seat 6: AydinChecka ($8.75 in chips) 
Seat 7: wasserss ($4.65 in chips) 
Seat 8: Albarab ($23.75 in chips) 
Seat 9: D8400 ($24.50 in chips) 
Albarab: posts small blind $0.10
D8400: posts big blind $0.25
*** HOLE CARDS ***
Dealt to Alameda22 [Ah 2d]
Dankgrundle: folds 
rutver: calls $0.25
kelberus: folds 
Alameda22: folds 
aintitkewl: folds 
AydinChecka: calls $0.25
wasserss: folds 
Albarab: folds 
D8400: checks 
*** FLOP *** [Tc 4h 7c]
D8400: bets $0.75
rutver: calls $0.75
AydinChecka: folds 
*** TURN *** [Tc 4h 7c] [3h]
D8400: bets $1.50
rutver: raises $1.50 to $3
D8400: calls $1.50
*** RIVER *** [Tc 4h 7c 3h] [Td]
D8400: checks 
rutver: checks 
*** SHOW DOWN ***
D8400: shows [Qh Ts] (three of a kind, Tens)
rutver: mucks hand 
D8400 collected $7.95 from pot
*** SUMMARY ***
Total pot $8.35 | Rake $0.40 
Board [Tc 4h 7c 3h Td]
Seat 1: Dankgrundle folded before Flop (didn't bet)
Seat 2: rutver mucked [As Ac]
Seat 3: kelberus folded before Flop (didn't bet)
Seat 4: Alameda22 folded before Flop (didn't bet)
Seat 5: aintitkewl folded before Flop (didn't bet)
Seat 6: AydinChecka folded on the Flop
Seat 7: wasserss (button) folded before Flop (didn't bet)
Seat 8: Albarab (small blind) folded before Flop
Seat 9: D8400 (big blind) showed [Qh Ts] and won ($7.95) with three of a kind, Tens



PokerStars Game #20103431187:  Hold'em No Limit ($0.10/$0.25) - 2008/09/02 20:54:54 ET
Table 'Oceax' 9-max Seat #8 is the button
Seat 1: Dankgrundle ($34 in chips) 
Seat 2: rutver ($14.90 in chips) 
Seat 3: kelberus ($39.15 in chips) 
Seat 4: Alameda22 ($46 in chips) 
Seat 5: aintitkewl ($25.40 in chips) 
Seat 6: AydinChecka ($8.50 in chips) 
Seat 7: wasserss ($4.65 in chips) 
Seat 8: Albarab ($25 in chips) 
Seat 9: D8400 ($28.45 in chips) 
D8400: posts small blind $0.10
Dankgrundle: posts big blind $0.25
*** HOLE CARDS ***
Dealt to Alameda22 [5h 7s]
rutver: folds 
kelberus: folds 
Alameda22: folds 
aintitkewl: folds 
AydinChecka: calls $0.25
wasserss: folds 
Albarab: folds 
D8400: calls $0.15
Dankgrundle: checks 
*** FLOP *** [8s 9h Jh]
D8400: checks 
Dankgrundle: checks 
AydinChecka: checks 
*** TURN *** [8s 9h Jh] [Kd]
D8400: checks 
Dankgrundle: checks 
AydinChecka: checks 
*** RIVER *** [8s 9h Jh Kd] [7c]
D8400: bets $0.50
Dankgrundle: folds 
AydinChecka: folds 
Uncalled bet ($0.50) returned to D8400
D8400 collected $0.75 from pot
D8400: doesn't show hand 
*** SUMMARY ***
Total pot $0.75 | Rake $0 
Board [8s 9h Jh Kd 7c]
Seat 1: Dankgrundle (big blind) folded on the River
Seat 2: rutver folded before Flop (didn't bet)
Seat 3: kelberus folded before Flop (didn't bet)
Seat 4: Alameda22 folded before Flop (didn't bet)
Seat 5: aintitkewl folded before Flop (didn't bet)
Seat 6: AydinChecka folded on the River
Seat 7: wasserss folded before Flop (didn't bet)
Seat 8: Albarab (button) folded before Flop (didn't bet)
Seat 9: D8400 (small blind) collected ($0.75)



PokerStars Game #20103459070:  Hold'em No Limit ($0.10/$0.25) - 2008/09/02 20:56:09 ET
Table 'Oceax' 9-max Seat #9 is the button
Seat 1: Dankgrundle ($33.75 in chips) 
Seat 2: rutver ($14.90 in chips) 
Seat 3: kelberus ($39.15 in chips) 
Seat 4: Alameda22 ($46 in chips) 
Seat 5: aintitkewl ($25.40 in chips) 
Seat 6: AydinChecka ($8.25 in chips) 
Seat 7: wasserss ($4.65 in chips) 
Seat 8: Albarab ($25 in chips) 
Seat 9: D8400 ($28.95 in chips) 
Dankgrundle: posts small blind $0.10
rutver: posts big blind $0.25
*** HOLE CARDS ***
Dealt to Alameda22 [4c 8s]
kelberus: folds 
Alameda22: folds 
aintitkewl: folds 
AydinChecka: calls $0.25
wasserss: raises $1 to $1.25
Albarab: folds 
D8400: folds 
Dankgrundle: folds 
rutver: calls $1
AydinChecka: calls $1
*** FLOP *** [8h 9d Tc]
rutver: checks 
AydinChecka: checks 
wasserss: bets $3.40 and is all-in
rutver: calls $3.40
AydinChecka: calls $3.40
*** TURN *** [8h 9d Tc] [2c]
rutver: bets $4
AydinChecka: folds 
Uncalled bet ($4) returned to rutver
*** RIVER *** [8h 9d Tc 2c] [3s]
*** SHOW DOWN ***
rutver: shows [7c Ac] (high card Ace)
wasserss: shows [Qc Qd] (a pair of Queens)
wasserss collected $13.40 from pot
*** SUMMARY ***
Total pot $14.05 | Rake $0.65 
Board [8h 9d Tc 2c 3s]
Seat 1: Dankgrundle (small blind) folded before Flop
Seat 2: rutver (big blind) showed [7c Ac] and lost with high card Ace
Seat 3: kelberus folded before Flop (didn't bet)
Seat 4: Alameda22 folded before Flop (didn't bet)
Seat 5: aintitkewl folded before Flop (didn't bet)
Seat 6: AydinChecka folded on the Turn
Seat 7: wasserss showed [Qc Qd] and won ($13.40) with a pair of Queens
Seat 8: Albarab folded before Flop (didn't bet)
Seat 9: D8400 (button) folded before Flop (didn't bet)



PokerStars Game #20103491628:  Hold'em No Limit ($0.10/$0.25) - 2008/09/02 20:57:37 ET
Table 'Oceax' 9-max Seat #1 is the button
Seat 1: Dankgrundle ($33.65 in chips) 
Seat 2: rutver ($10.25 in chips) 
Seat 3: kelberus ($39.15 in chips) 
Seat 4: Alameda22 ($46 in chips) 
Seat 5: aintitkewl ($25.40 in chips) 
Seat 6: AydinChecka ($3.60 in chips) 
Seat 7: wasserss ($13.40 in chips) 
Seat 8: Albarab ($25 in chips) 
Seat 9: D8400 ($28.95 in chips) 
rutver: posts small blind $0.10
kelberus: posts big blind $0.25
*** HOLE CARDS ***
Dealt to Alameda22 [Qs 9d]
Alameda22: folds 
aintitkewl: calls $0.25
AydinChecka: calls $0.25
wasserss: folds 
Albarab: folds 
D8400: folds 
Dankgrundle: folds 
rutver: calls $0.15
kelberus: checks 
*** FLOP *** [6h Ts Ad]
rutver: checks 
kelberus: checks 
aintitkewl: checks 
AydinChecka: bets $3.35 and is all-in
rutver: folds 
kelberus: folds 
aintitkewl: folds 
Uncalled bet ($3.35) returned to AydinChecka
AydinChecka collected $0.95 from pot
AydinChecka: doesn't show hand 
*** SUMMARY ***
Total pot $1 | Rake $0.05 
Board [6h Ts Ad]
Seat 1: Dankgrundle (button) folded before Flop (didn't bet)
Seat 2: rutver (small blind) folded on the Flop
Seat 3: kelberus (big blind) folded on the Flop
Seat 4: Alameda22 folded before Flop (didn't bet)
Seat 5: aintitkewl folded on the Flop
Seat 6: AydinChecka collected ($0.95)
Seat 7: wasserss folded before Flop (didn't bet)
Seat 8: Albarab folded before Flop (didn't bet)
Seat 9: D8400 folded before Flop (didn't bet)



PokerStars Game #20103512228:  Hold'em No Limit ($0.10/$0.25) - 2008/09/02 20:58:33 ET
Table 'Oceax' 9-max Seat #2 is the button
Seat 1: Dankgrundle ($33.65 in chips) 
Seat 2: rutver ($10 in chips) 
Seat 3: kelberus ($38.90 in chips) 
Seat 4: Alameda22 ($46 in chips) 
Seat 5: aintitkewl ($25.15 in chips) 
Seat 6: AydinChecka ($4.30 in chips) 
Seat 7: wasserss ($13.40 in chips) 
Seat 8: Albarab ($25 in chips) 
Seat 9: D8400 ($28.95 in chips) 
kelberus: posts small blind $0.10
Alameda22: posts big blind $0.25
*** HOLE CARDS ***
Dealt to Alameda22 [3s Ac]
aintitkewl: folds 
AydinChecka: calls $0.25
wasserss: folds 
Albarab: folds 
D8400: folds 
Dankgrundle: folds 
rutver: calls $0.25
kelberus: folds 
Alameda22: checks 
*** FLOP *** [Ts Ah 3h]
Alameda22: bets $0.50
AydinChecka: folds 
rutver: folds 
Uncalled bet ($0.50) returned to Alameda22
Alameda22 collected $0.85 from pot
Alameda22: doesn't show hand 
*** SUMMARY ***
Total pot $0.85 | Rake $0 
Board [Ts Ah 3h]
Seat 1: Dankgrundle folded before Flop (didn't bet)
Seat 2: rutver (button) folded on the Flop
Seat 3: kelberus (small blind) folded before Flop
Seat 4: Alameda22 (big blind) collected ($0.85)
Seat 5: aintitkewl folded before Flop (didn't bet)
Seat 6: AydinChecka folded on the Flop
Seat 7: wasserss folded before Flop (didn't bet)
Seat 8: Albarab folded before Flop (didn't bet)
Seat 9: D8400 folded before Flop (didn't bet)



PokerStars Game #20103531089:  Hold'em No Limit ($0.10/$0.25) - 2008/09/02 20:59:24 ET
Table 'Oceax' 9-max Seat #3 is the button
Seat 1: Dankgrundle ($33.65 in chips) 
Seat 2: rutver ($9.75 in chips) 
Seat 3: kelberus ($38.80 in chips) 
Seat 4: Alameda22 ($46.60 in chips) 
Seat 5: aintitkewl ($25.15 in chips) 
Seat 6: AydinChecka ($4.05 in chips) 
Seat 7: wasserss ($13.40 in chips) 
Seat 8: Albarab ($25 in chips) 
Seat 9: D8400 ($28.95 in chips) 
Alameda22: posts small blind $0.10
aintitkewl: posts big blind $0.25
*** HOLE CARDS ***
Dealt to Alameda22 [3d Ah]
AydinChecka: calls $0.25
wasserss: folds 
Albarab: folds 
D8400: folds 
Dankgrundle: folds 
rutver: folds 
kelberus: folds 
kelberus leaves the table
Alameda22: folds 
aintitkewl: checks 
*** FLOP *** [7c 3h 6h]
aintitkewl: checks 
AydinChecka: checks 
*** TURN *** [7c 3h 6h] [2c]
aintitkewl: checks 
AydinChecka: bets $3.80 and is all-in
aintitkewl: folds 
Uncalled bet ($3.80) returned to AydinChecka
AydinChecka collected $0.60 from pot
AydinChecka: doesn't show hand 
*** SUMMARY ***
Total pot $0.60 | Rake $0 
Board [7c 3h 6h 2c]
Seat 1: Dankgrundle folded before Flop (didn't bet)
Seat 2: rutver folded before Flop (didn't bet)
Seat 3: kelberus (button) folded before Flop (didn't bet)
Seat 4: Alameda22 (small blind) folded before Flop
Seat 5: aintitkewl (big blind) folded on the Turn
Seat 6: AydinChecka collected ($0.60)
Seat 7: wasserss folded before Flop (didn't bet)
Seat 8: Albarab folded before Flop (didn't bet)
Seat 9: D8400 folded before Flop (didn't bet)



PokerStars Game #20103555752:  Hold'em No Limit ($0.10/$0.25) - 2008/09/02 21:00:30 ET
Table 'Oceax' 9-max Seat #4 is the button
Seat 1: Dankgrundle ($33.65 in chips) 
Seat 2: rutver ($9.75 in chips) 
Seat 4: Alameda22 ($46.50 in chips) 
Seat 5: aintitkewl ($24.90 in chips) 
Seat 6: AydinChecka ($4.40 in chips) 
Seat 7: wasserss ($13.40 in chips) 
Seat 8: Albarab ($25 in chips) 
Seat 9: D8400 ($28.95 in chips) 
aintitkewl: posts small blind $0.10
AydinChecka: posts big blind $0.25
*** HOLE CARDS ***
Dealt to Alameda22 [7d 8c]
wasserss: folds 
Albarab: folds 
D8400: folds 
Dankgrundle: folds 
rutver: folds 
Alameda22: folds 
tskarzyn joins the table at seat #3 
aintitkewl: folds 
Uncalled bet ($0.15) returned to AydinChecka
AydinChecka collected $0.20 from pot
AydinChecka: doesn't show hand 
*** SUMMARY ***
Total pot $0.20 | Rake $0 
Seat 1: Dankgrundle folded before Flop (didn't bet)
Seat 2: rutver folded before Flop (didn't bet)
Seat 4: Alameda22 (button) folded before Flop (didn't bet)
Seat 5: aintitkewl (small blind) folded before Flop
Seat 6: AydinChecka (big blind) collected ($0.20)
Seat 7: wasserss folded before Flop (didn't bet)
Seat 8: Albarab folded before Flop (didn't bet)
Seat 9: D8400 folded before Flop (didn't bet)



PokerStars Game #20103569667:  Hold'em No Limit ($0.10/$0.25) - 2008/09/02 21:01:09 ET
Table 'Oceax' 9-max Seat #5 is the button
Seat 1: Dankgrundle ($33.65 in chips) 
Seat 2: rutver ($9.75 in chips) 
Seat 3: tskarzyn ($20 in chips) 
Seat 4: Alameda22 ($46.50 in chips) 
Seat 5: aintitkewl ($24.80 in chips) 
Seat 6: AydinChecka ($4.50 in chips) 
Seat 8: Albarab ($25 in chips) 
Seat 9: D8400 ($28.95 in chips) 
AydinChecka: posts small blind $0.10
wasserss: is sitting out 
wasserss leaves the table
Albarab: posts big blind $0.25
tskarzyn: posts big blind $0.25
*** HOLE CARDS ***
Dealt to Alameda22 [8h 4c]
D8400: folds 
Dankgrundle: folds 
rutver: calls $0.25
tskarzyn: checks 
Alameda22: folds 
aintitkewl: calls $0.25
AydinChecka: calls $0.15
Albarab: checks 
*** FLOP *** [5d 6d Jd]
AydinChecka: checks 
Albarab: checks 
rutver: checks 
wasserss joins the table at seat #7 
tskarzyn: checks 
wasserss leaves the table
aintitkewl: checks 
*** TURN *** [5d 6d Jd] [Ah]
AydinChecka: bets $1
Albarab: folds 
rutver: calls $1
tskarzyn: folds 
aintitkewl: folds 
*** RIVER *** [5d 6d Jd Ah] [3s]
AydinChecka: bets $3.25 and is all-in
rutver: folds 
Uncalled bet ($3.25) returned to AydinChecka
AydinChecka collected $3.10 from pot
AydinChecka: doesn't show hand 
*** SUMMARY ***
Total pot $3.25 | Rake $0.15 
Board [5d 6d Jd Ah 3s]
Seat 1: Dankgrundle folded before Flop (didn't bet)
Seat 2: rutver folded on the River
Seat 3: tskarzyn folded on the Turn
Seat 4: Alameda22 folded before Flop (didn't bet)
Seat 5: aintitkewl (button) folded on the Turn
Seat 6: AydinChecka (small blind) collected ($3.10)
Seat 8: Albarab (big blind) folded on the Turn
Seat 9: D8400 folded before Flop (didn't bet)



PokerStars Game #20103595754:  Hold'em No Limit ($0.10/$0.25) - 2008/09/02 21:02:20 ET
Table 'Oceax' 9-max Seat #6 is the button
Seat 1: Dankgrundle ($33.65 in chips) 
Seat 2: rutver ($8.50 in chips) 
Seat 3: tskarzyn ($19.75 in chips) 
Seat 4: Alameda22 ($46.50 in chips) 
Seat 5: aintitkewl ($24.55 in chips) 
Seat 6: AydinChecka ($6.35 in chips) 
Seat 8: Albarab ($24.75 in chips) 
Seat 9: D8400 ($28.95 in chips) 
Albarab: posts small blind $0.10
D8400: posts big blind $0.25
*** HOLE CARDS ***
Dealt to Alameda22 [Td 6c]
Dankgrundle: folds 
rutver: folds 
tskarzyn: folds 
bevo54 joins the table at seat #7 
Alameda22: folds 
aintitkewl: folds 
AydinChecka: calls $0.25
Albarab: folds 
D8400: checks 
*** FLOP *** [7s 4h 3c]
D8400: checks 
AydinChecka: bets $6.10 and is all-in
D8400: folds 
Uncalled bet ($6.10) returned to AydinChecka
AydinChecka collected $0.60 from pot
AydinChecka: doesn't show hand 
*** SUMMARY ***
Total pot $0.60 | Rake $0 
Board [7s 4h 3c]
Seat 1: Dankgrundle folded before Flop (didn't bet)
Seat 2: rutver folded before Flop (didn't bet)
Seat 3: tskarzyn folded before Flop (didn't bet)
Seat 4: Alameda22 folded before Flop (didn't bet)
Seat 5: aintitkewl folded before Flop (didn't bet)
Seat 6: AydinChecka (button) collected ($0.60)
Seat 8: Albarab (small blind) folded before Flop
Seat 9: D8400 (big blind) folded on the Flop



PokerStars Game #20103610181:  Hold'em No Limit ($0.10/$0.25) - 2008/09/02 21:03:00 ET
Table 'Oceax' 9-max Seat #8 is the button
Seat 1: Dankgrundle ($33.65 in chips) 
Seat 2: rutver ($8.50 in chips) 
Seat 3: tskarzyn ($25 in chips) 
Seat 4: Alameda22 ($46.50 in chips) 
Seat 5: aintitkewl ($24.55 in chips) 
Seat 6: AydinChecka ($6.70 in chips) 
Seat 8: Albarab ($24.65 in chips) 
Seat 9: D8400 ($28.70 in chips) 
D8400: posts small blind $0.10
Dankgrundle: posts big blind $0.25
bevo54: sits out 
*** HOLE CARDS ***
Dealt to Alameda22 [6d Kh]
rutver: raises $0.25 to $0.50
tskarzyn: folds 
Alameda22: folds 
aintitkewl: folds 
AydinChecka: calls $0.50
Albarab: folds 
D8400: folds 
Dankgrundle: folds 
*** FLOP *** [9d Kd Ad]
rutver: bets $1
AydinChecka: raises $5.20 to $6.20 and is all-in
rutver: calls $5.20
*** TURN *** [9d Kd Ad] [Ah]
*** RIVER *** [9d Kd Ad Ah] [Js]
*** SHOW DOWN ***
rutver: shows [8d 7d] (a flush, Ace high)
AydinChecka: shows [Ac As] (four of a kind, Aces)
AydinChecka collected $13.10 from pot
*** SUMMARY ***
Total pot $13.75 | Rake $0.65 
Board [9d Kd Ad Ah Js]
Seat 1: Dankgrundle (big blind) folded before Flop
Seat 2: rutver showed [8d 7d] and lost with a flush, Ace high
Seat 3: tskarzyn folded before Flop (didn't bet)
Seat 4: Alameda22 folded before Flop (didn't bet)
Seat 5: aintitkewl folded before Flop (didn't bet)
Seat 6: AydinChecka showed [Ac As] and won ($13.10) with four of a kind, Aces
Seat 8: Albarab (button) folded before Flop (didn't bet)
Seat 9: D8400 (small blind) folded before Flop



PokerStars Game #20103633212:  Hold'em No Limit ($0.10/$0.25) - 2008/09/02 21:04:02 ET
Table 'Oceax' 9-max Seat #9 is the button
Seat 1: Dankgrundle ($33.40 in chips) 
Seat 2: rutver ($1.80 in chips) 
Seat 3: tskarzyn ($25 in chips) 
Seat 4: Alameda22 ($46.50 in chips) 
Seat 5: aintitkewl ($24.55 in chips) 
Seat 6: AydinChecka ($13.10 in chips) 
Seat 8: Albarab ($24.65 in chips) 
Seat 9: D8400 ($28.60 in chips) 
Dankgrundle: posts small blind $0.10
rutver said, "what"
rutver: posts big blind $0.25
bevo54: sits out 
*** HOLE CARDS ***
Dealt to Alameda22 [Kd 3c]
tskarzyn: folds 
tskarzyn said, "vnh"
Alameda22: folds 
aintitkewl: folds 
AydinChecka: raises $0.25 to $0.50
Albarab: folds 
D8400: folds 
D8400 leaves the table
rutver said, "by"
Dankgrundle: folds 
rutver: raises $1.30 to $1.80 and is all-in
AydinChecka: calls $1.30
*** FLOP *** [Ad Kc Qs]
*** TURN *** [Ad Kc Qs] [Ah]
*** RIVER *** [Ad Kc Qs Ah] [Kh]
*** SHOW DOWN ***
rutver: shows [2s Qh] (two pair, Aces and Kings)
AydinChecka: shows [As Qd] (a full house, Aces full of Kings)
AydinChecka collected $3.55 from pot
rutver said, "gha"
*** SUMMARY ***
Total pot $3.70 | Rake $0.15 
Board [Ad Kc Qs Ah Kh]
Seat 1: Dankgrundle (small blind) folded before Flop
Seat 2: rutver (big blind) showed [2s Qh] and lost with two pair, Aces and Kings
Seat 3: tskarzyn folded before Flop (didn't bet)
Seat 4: Alameda22 folded before Flop (didn't bet)
Seat 5: aintitkewl folded before Flop (didn't bet)
Seat 6: AydinChecka showed [As Qd] and won ($3.55) with a full house, Aces full of Kings
Seat 8: Albarab folded before Flop (didn't bet)
Seat 9: D8400 (button) folded before Flop (didn't bet)



PokerStars Game #20103652834:  Hold'em No Limit ($0.10/$0.25) - 2008/09/02 21:04:56 ET
Table 'Oceax' 9-max Seat #1 is the button
Seat 1: Dankgrundle ($33.30 in chips) 
Seat 3: tskarzyn ($25 in chips) 
Seat 4: Alameda22 ($46.50 in chips) 
Seat 5: aintitkewl ($24.55 in chips) 
Seat 6: AydinChecka ($14.85 in chips) 
Seat 8: Albarab ($24.65 in chips) 
tskarzyn: posts small blind $0.10
Alameda22: posts big blind $0.25
bevo54: sits out 
*** HOLE CARDS ***
Dealt to Alameda22 [6s 8h]
aintitkewl: folds 
AydinChecka: calls $0.25
Albarab: folds 
Dankgrundle: folds 
tskarzyn: calls $0.15
rutver leaves the table
Alameda22: checks 
*** FLOP *** [6h Qs 9s]
tskarzyn: checks 
Alameda22: checks 
AydinChecka: checks 
*** TURN *** [6h Qs 9s] [4c]
tskarzyn: bets $0.50
Alameda22: folds 
AydinChecka: calls $0.50
*** RIVER *** [6h Qs 9s 4c] [6d]
tskarzyn: bets $1.25
AydinChecka: calls $1.25
*** SHOW DOWN ***
tskarzyn: shows [5h 7d] (a pair of Sixes)
AydinChecka: shows [9h 8c] (two pair, Nines and Sixes)
AydinChecka collected $4.05 from pot
*** SUMMARY ***
Total pot $4.25 | Rake $0.20 
Board [6h Qs 9s 4c 6d]
Seat 1: Dankgrundle (button) folded before Flop (didn't bet)
Seat 3: tskarzyn (small blind) showed [5h 7d] and lost with a pair of Sixes
Seat 4: Alameda22 (big blind) folded on the Turn
Seat 5: aintitkewl folded before Flop (didn't bet)
Seat 6: AydinChecka showed [9h 8c] and won ($4.05) with two pair, Nines and Sixes
Seat 8: Albarab folded before Flop (didn't bet)



PokerStars Game #20103684395:  Hold'em No Limit ($0.10/$0.25) - 2008/09/02 21:06:22 ET
Table 'Oceax' 9-max Seat #3 is the button
Seat 1: Dankgrundle ($33.30 in chips) 
Seat 3: tskarzyn ($23 in chips) 
Seat 4: Alameda22 ($46.25 in chips) 
Seat 5: aintitkewl ($24.55 in chips) 
Seat 6: AydinChecka ($16.90 in chips) 
Seat 8: Albarab ($24.65 in chips) 
Alameda22: posts small blind $0.10
aintitkewl: posts big blind $0.25
bevo54: sits out 
*** HOLE CARDS ***
Dealt to Alameda22 [8d 4s]
AydinChecka: raises $0.25 to $0.50
Albarab: folds 
Dankgrundle: folds 
tskarzyn: folds 
Alameda22: folds 
aintitkewl: folds 
Uncalled bet ($0.25) returned to AydinChecka
AydinChecka collected $0.60 from pot
AydinChecka: doesn't show hand 
JCFreak1223 joins the table at seat #2 
*** SUMMARY ***
Total pot $0.60 | Rake $0 
Seat 1: Dankgrundle folded before Flop (didn't bet)
Seat 3: tskarzyn (button) folded before Flop (didn't bet)
Seat 4: Alameda22 (small blind) folded before Flop
Seat 5: aintitkewl (big blind) folded before Flop
Seat 6: AydinChecka collected ($0.60)
Seat 8: Albarab folded before Flop (didn't bet)



PokerStars Game #20103694604:  Hold'em No Limit ($0.10/$0.25) - 2008/09/02 21:06:50 ET
Table 'Oceax' 9-max Seat #4 is the button
Seat 1: Dankgrundle ($33.30 in chips) 
Seat 2: JCFreak1223 ($5 in chips) 
Seat 3: tskarzyn ($23 in chips) 
Seat 4: Alameda22 ($46.15 in chips) 
Seat 5: aintitkewl ($24.30 in chips) 
Seat 6: AydinChecka ($17.25 in chips) 
Seat 8: Albarab ($24.65 in chips) 
aintitkewl: posts small blind $0.10
AydinChecka: posts big blind $0.25
bevo54: sits out 
JCFreak1223: posts big blind $0.25
*** HOLE CARDS ***
Dealt to Alameda22 [As 2h]
Albarab: folds 
Dankgrundle: folds 
JCFreak1223: checks 
tskarzyn: folds 
Alameda22: folds 
aintitkewl: calls $0.15
AydinChecka: checks 
*** FLOP *** [3d 4h 6d]
aintitkewl: checks 
AydinChecka: bets $0.50
JCFreak1223: calls $0.50
aintitkewl: folds 
*** TURN *** [3d 4h 6d] [5d]
AydinChecka: checks 
JCFreak1223: bets $1
AydinChecka: raises $2 to $3
JCFreak1223: calls $2
*** RIVER *** [3d 4h 6d 5d] [2d]
AydinChecka: bets $1.50
JCFreak1223: folds 
Uncalled bet ($1.50) returned to AydinChecka
AydinChecka collected $7.40 from pot
AydinChecka: doesn't show hand 
AydinChecka leaves the table
*** SUMMARY ***
Total pot $7.75 | Rake $0.35 
Board [3d 4h 6d 5d 2d]
Seat 1: Dankgrundle folded before Flop (didn't bet)
Seat 2: JCFreak1223 folded on the River
Seat 3: tskarzyn folded before Flop (didn't bet)
Seat 4: Alameda22 (button) folded before Flop (didn't bet)
Seat 5: aintitkewl (small blind) folded on the Flop
Seat 6: AydinChecka (big blind) collected ($7.40)
Seat 8: Albarab folded before Flop (didn't bet)



PokerStars Game #20103720253:  Hold'em No Limit ($0.10/$0.25) - 2008/09/02 21:08:00 ET
Table 'Oceax' 9-max Seat #5 is the button
Seat 1: Dankgrundle ($33.30 in chips) 
Seat 2: JCFreak1223 ($1.25 in chips) 
Seat 3: tskarzyn ($23 in chips) 
Seat 4: Alameda22 ($46.15 in chips) 
Seat 5: aintitkewl ($24.05 in chips) 
Seat 8: Albarab ($24.65 in chips) 
bevo54 will be allowed to play after the button
Albarab: posts small blind $0.10
Dankgrundle: posts big blind $0.25
*** HOLE CARDS ***
Dealt to Alameda22 [2h Qd]
JCFreak1223: folds 
tskarzyn: calls $0.25
Alameda22: folds 
tadpole40 joins the table at seat #6 
aintitkewl: folds 
Albarab: folds 
Dankgrundle: checks 
*** FLOP *** [Qs Jc Ad]
buxton16 joins the table at seat #9 
Dankgrundle: checks 
tskarzyn: bets $0.75
Dankgrundle: folds 
Uncalled bet ($0.75) returned to tskarzyn
tskarzyn collected $0.60 from pot
*** SUMMARY ***
Total pot $0.60 | Rake $0 
Board [Qs Jc Ad]
Seat 1: Dankgrundle (big blind) folded on the Flop
Seat 2: JCFreak1223 folded before Flop (didn't bet)
Seat 3: tskarzyn collected ($0.60)
Seat 4: Alameda22 folded before Flop (didn't bet)
Seat 5: aintitkewl (button) folded before Flop (didn't bet)
Seat 8: Albarab (small blind) folded before Flop



PokerStars Game #20103734550:  Hold'em No Limit ($0.10/$0.25) - 2008/09/02 21:08:41 ET
Table 'Oceax' 9-max Seat #8 is the button
Seat 1: Dankgrundle ($33.05 in chips) 
Seat 2: JCFreak1223 ($1.25 in chips) 
Seat 3: tskarzyn ($23.35 in chips) 
Seat 4: Alameda22 ($46.15 in chips) 
Seat 5: aintitkewl ($24.05 in chips) 
Seat 6: tadpole40 ($15 in chips) 
Seat 8: Albarab ($24.55 in chips) 
buxton16 will be allowed to play after the button
Dankgrundle: posts small blind $0.10
JCFreak1223: posts big blind $0.25
tadpole40: posts big blind $0.25
bevo54: sits out 
*** HOLE CARDS ***
Dealt to Alameda22 [9h Kc]
tskarzyn: folds 
Alameda22: folds 
aintitkewl: folds 
tadpole40: checks 
Albarab: folds 
Dankgrundle: folds 
JCFreak1223: checks 
*** FLOP *** [Js Ah 9s]
JCFreak1223: checks 
tadpole40: checks 
*** TURN *** [Js Ah 9s] [6c]
JCFreak1223: checks 
tadpole40: checks 
*** RIVER *** [Js Ah 9s 6c] [Qh]
JCFreak1223: checks 
tadpole40: checks 
*** SHOW DOWN ***
JCFreak1223: shows [5d 9d] (a pair of Nines)
tadpole40: mucks hand 
JCFreak1223 collected $0.60 from pot
*** SUMMARY ***
Total pot $0.60 | Rake $0 
Board [Js Ah 9s 6c Qh]
Seat 1: Dankgrundle (small blind) folded before Flop
Seat 2: JCFreak1223 (big blind) showed [5d 9d] and won ($0.60) with a pair of Nines
Seat 3: tskarzyn folded before Flop (didn't bet)
Seat 4: Alameda22 folded before Flop (didn't bet)
Seat 5: aintitkewl folded before Flop (didn't bet)
Seat 6: tadpole40 mucked [8d 3s]
Seat 8: Albarab (button) folded before Flop (didn't bet)



PokerStars Game #20103758700:  Hold'em No Limit ($0.10/$0.25) - 2008/09/02 21:09:45 ET
Table 'Oceax' 9-max Seat #1 is the button
Seat 1: Dankgrundle ($32.95 in chips) 
Seat 2: JCFreak1223 ($1.60 in chips) 
Seat 3: tskarzyn ($23.35 in chips) 
Seat 4: Alameda22 ($46.15 in chips) 
Seat 5: aintitkewl ($24.05 in chips) 
Seat 6: tadpole40 ($14.75 in chips) 
Seat 8: Albarab ($24.55 in chips) 
Seat 9: buxton16 ($15 in chips) 
JCFreak1223: posts small blind $0.10
tskarzyn: posts big blind $0.25
bevo54: sits out 
buxton16: posts big blind $0.25
*** HOLE CARDS ***
Dealt to Alameda22 [3h 2d]
Alameda22: folds 
aintitkewl: folds 
tadpole40: raises $0.50 to $0.75
Albarab: folds 
buxton16: folds 
Dankgrundle: raises $2 to $2.75
JCFreak1223: folds 
tskarzyn: folds 
tadpole40: calls $2
*** FLOP *** [Qs 4s 2s]
tadpole40: checks 
Dankgrundle: bets $5
tadpole40: raises $7 to $12 and is all-in
Dankgrundle: calls $7
*** TURN *** [Qs 4s 2s] [Ac]
*** RIVER *** [Qs 4s 2s Ac] [8s]
*** SHOW DOWN ***
tadpole40: shows [As Qh] (a flush, Ace high)
Dankgrundle: shows [Kc Kh] (a pair of Kings)
tadpole40 collected $28.65 from pot
*** SUMMARY ***
Total pot $30.10 | Rake $1.45 
Board [Qs 4s 2s Ac 8s]
Seat 1: Dankgrundle (button) showed [Kc Kh] and lost with a pair of Kings
Seat 2: JCFreak1223 (small blind) folded before Flop
Seat 3: tskarzyn (big blind) folded before Flop
Seat 4: Alameda22 folded before Flop (didn't bet)
Seat 5: aintitkewl folded before Flop (didn't bet)
Seat 6: tadpole40 showed [As Qh] and won ($28.65) with a flush, Ace high
Seat 8: Albarab folded before Flop (didn't bet)
Seat 9: buxton16 folded before Flop



PokerStars Game #20103789140:  Hold'em No Limit ($0.10/$0.25) - 2008/09/02 21:11:08 ET
Table 'Oceax' 9-max Seat #2 is the button
Seat 1: Dankgrundle ($18.20 in chips) 
Seat 2: JCFreak1223 ($1.50 in chips) 
Seat 3: tskarzyn ($23.10 in chips) 
Seat 4: Alameda22 ($46.15 in chips) 
Seat 5: aintitkewl ($24.05 in chips) 
Seat 6: tadpole40 ($28.65 in chips) 
Seat 8: Albarab ($24.55 in chips) 
Seat 9: buxton16 ($14.75 in chips) 
tskarzyn: posts small blind $0.10
Alameda22: posts big blind $0.25
bevo54: sits out 
*** HOLE CARDS ***
Dealt to Alameda22 [Kh 5s]
aintitkewl: folds 
aintitkewl is sitting out
tadpole40: folds 
Albarab: folds 
buxton16: folds 
Dankgrundle: folds 
JCFreak1223: calls $0.25
tskarzyn: calls $0.15
Alameda22: checks 
*** FLOP *** [2h 6h 8s]
tadpole40 leaves the table
tskarzyn: checks 
Dankgrundle said, "nice 2 catches"
Alameda22: checks 
JCFreak1223: checks 
*** TURN *** [2h 6h 8s] [3h]
Dankgrundle said, "and hes gone"
tskarzyn: bets $0.75
Alameda22: folds 
JCFreak1223: folds 
Uncalled bet ($0.75) returned to tskarzyn
tskarzyn collected $0.75 from pot
*** SUMMARY ***
Total pot $0.75 | Rake $0 
Board [2h 6h 8s 3h]
Seat 1: Dankgrundle folded before Flop (didn't bet)
Seat 2: JCFreak1223 (button) folded on the Turn
Seat 3: tskarzyn (small blind) collected ($0.75)
Seat 4: Alameda22 (big blind) folded on the Turn
Seat 5: aintitkewl folded before Flop (didn't bet)
Seat 6: tadpole40 folded before Flop (didn't bet)
Seat 8: Albarab folded before Flop (didn't bet)
Seat 9: buxton16 folded before Flop (didn't bet)



PokerStars Game #20103811945:  Hold'em No Limit ($0.10/$0.25) - 2008/09/02 21:12:09 ET
Table 'Oceax' 9-max Seat #3 is the button
Seat 1: Dankgrundle ($25 in chips) 
Seat 2: JCFreak1223 ($1.25 in chips) 
Seat 3: tskarzyn ($23.60 in chips) 
Seat 4: Alameda22 ($45.90 in chips) 
Seat 7: bevo54 ($25 in chips) 
Seat 8: Albarab ($24.55 in chips) 
Seat 9: buxton16 ($14.75 in chips) 
Alameda22: posts small blind $0.10
bevo54: posts big blind $0.25
*** HOLE CARDS ***
Dealt to Alameda22 [8h Js]
Albarab: folds 
buxton16: calls $0.25
bigkawik joins the table at seat #6 
Dankgrundle: raises $1 to $1.25
JCFreak1223: folds 
tskarzyn: folds 
Alameda22: folds 
bevo54: folds 
buxton16: calls $1
*** FLOP *** [6s 5h 6d]
buxton16: checks 
Dankgrundle: bets $2
buxton16: folds 
Uncalled bet ($2) returned to Dankgrundle
Dankgrundle collected $2.75 from pot
*** SUMMARY ***
Total pot $2.85 | Rake $0.10 
Board [6s 5h 6d]
Seat 1: Dankgrundle collected ($2.75)
Seat 2: JCFreak1223 folded before Flop (didn't bet)
Seat 3: tskarzyn (button) folded before Flop (didn't bet)
Seat 4: Alameda22 (small blind) folded before Flop
Seat 7: bevo54 (big blind) folded before Flop
Seat 8: Albarab folded before Flop (didn't bet)
Seat 9: buxton16 folded on the Flop



PokerStars Game #20103830129:  Hold'em No Limit ($0.10/$0.25) - 2008/09/02 21:12:58 ET
Table 'Oceax' 9-max Seat #4 is the button
Seat 1: Dankgrundle ($26.50 in chips) 
Seat 2: JCFreak1223 ($1.25 in chips) 
Seat 3: tskarzyn ($23.60 in chips) 
Seat 4: Alameda22 ($45.80 in chips) 
Seat 7: bevo54 ($24.75 in chips) 
Seat 8: Albarab ($24.55 in chips) 
Seat 9: buxton16 ($13.50 in chips) 
bigkawik will be allowed to play after the button
bevo54: posts small blind $0.10
Albarab: posts big blind $0.25
*** HOLE CARDS ***
Dealt to Alameda22 [2d 9c]
buxton16: folds 
Dankgrundle: folds 
JCFreak1223: calls $0.25
tskarzyn: folds 
Alameda22: folds 
bevo54: folds 
Albarab: checks 
*** FLOP *** [7d 5c Th]
Albarab: checks 
JCFreak1223: checks 
*** TURN *** [7d 5c Th] [4d]
Albarab: checks 
JCFreak1223: bets $0.25
Albarab: folds 
Uncalled bet ($0.25) returned to JCFreak1223
JCFreak1223 collected $0.60 from pot
JCFreak1223: doesn't show hand 
*** SUMMARY ***
Total pot $0.60 | Rake $0 
Board [7d 5c Th 4d]
Seat 1: Dankgrundle folded before Flop (didn't bet)
Seat 2: JCFreak1223 collected ($0.60)
Seat 3: tskarzyn folded before Flop (didn't bet)
Seat 4: Alameda22 (button) folded before Flop (didn't bet)
Seat 7: bevo54 (small blind) folded before Flop
Seat 8: Albarab (big blind) folded on the Turn
Seat 9: buxton16 folded before Flop (didn't bet)



PokerStars Game #20103847363:  Hold'em No Limit ($0.10/$0.25) - 2008/09/02 21:13:45 ET
Table 'Oceax' 9-max Seat #7 is the button
Seat 1: Dankgrundle ($26.50 in chips) 
Seat 2: JCFreak1223 ($1.60 in chips) 
Seat 3: tskarzyn ($23.60 in chips) 
Seat 4: Alameda22 ($45.80 in chips) 
Seat 7: bevo54 ($24.65 in chips) 
Seat 8: Albarab ($24.30 in chips) 
Seat 9: buxton16 ($13.50 in chips) 
Albarab: posts small blind $0.10
buxton16: posts big blind $0.25
bigkawik: sits out 
*** HOLE CARDS ***
Dealt to Alameda22 [6s 4h]
Dankgrundle: folds 
JCFreak1223: calls $0.25
tskarzyn: folds 
Alameda22: folds 
bevo54: folds 
Albarab: folds 
buxton16: checks 
*** FLOP *** [7c Ks 2d]
buxton16: checks 
JCFreak1223: checks 
*** TURN *** [7c Ks 2d] [9d]
buxton16: checks 
JCFreak1223: bets $0.25
buxton16: calls $0.25
*** RIVER *** [7c Ks 2d 9d] [7h]
buxton16: checks 
JCFreak1223: checks 
*** SHOW DOWN ***
buxton16: shows [9s Jc] (two pair, Nines and Sevens)
JCFreak1223: shows [Qs Qd] (two pair, Queens and Sevens)
JCFreak1223 collected $1.05 from pot
*** SUMMARY ***
Total pot $1.10 | Rake $0.05 
Board [7c Ks 2d 9d 7h]
Seat 1: Dankgrundle folded before Flop (didn't bet)
Seat 2: JCFreak1223 showed [Qs Qd] and won ($1.05) with two pair, Queens and Sevens
Seat 3: tskarzyn folded before Flop (didn't bet)
Seat 4: Alameda22 folded before Flop (didn't bet)
Seat 7: bevo54 (button) folded before Flop (didn't bet)
Seat 8: Albarab (small blind) folded before Flop
Seat 9: buxton16 (big blind) showed [9s Jc] and lost with two pair, Nines and Sevens



PokerStars Game #20103868176:  Hold'em No Limit ($0.10/$0.25) - 2008/09/02 21:14:42 ET
Table 'Oceax' 9-max Seat #8 is the button
Seat 1: Dankgrundle ($26.50 in chips) 
Seat 2: JCFreak1223 ($2.15 in chips) 
Seat 3: tskarzyn ($23.60 in chips) 
Seat 4: Alameda22 ($45.80 in chips) 
Seat 7: bevo54 ($24.65 in chips) 
Seat 8: Albarab ($24.20 in chips) 
Seat 9: buxton16 ($13 in chips) 
buxton16: posts small blind $0.10
Dankgrundle: posts big blind $0.25
bigkawik: sits out 
*** HOLE CARDS ***
Dealt to Alameda22 [6c 9h]
JCFreak1223: calls $0.25
tskarzyn: calls $0.25
Alameda22: folds 
bevo54: folds 
Albarab: calls $0.25
buxton16: calls $0.15
Dankgrundle: checks 
*** FLOP *** [2s 9s Jh]
buxton16: checks 
Dankgrundle: bets $0.75
aintitkewl has returned
JCFreak1223: folds 
tskarzyn: folds 
Albarab: folds 
buxton16: folds 
Uncalled bet ($0.75) returned to Dankgrundle
Dankgrundle collected $1.20 from pot
*** SUMMARY ***
Total pot $1.25 | Rake $0.05 
Board [2s 9s Jh]
Seat 1: Dankgrundle (big blind) collected ($1.20)
Seat 2: JCFreak1223 folded on the Flop
Seat 3: tskarzyn folded on the Flop
Seat 4: Alameda22 folded before Flop (didn't bet)
Seat 7: bevo54 folded before Flop (didn't bet)
Seat 8: Albarab (button) folded on the Flop
Seat 9: buxton16 (small blind) folded on the Flop



PokerStars Game #20103884061:  Hold'em No Limit ($0.10/$0.25) - 2008/09/02 21:15:24 ET
Table 'Oceax' 9-max Seat #9 is the button
Seat 1: Dankgrundle ($27.45 in chips) 
Seat 2: JCFreak1223 ($1.90 in chips) 
Seat 3: tskarzyn ($23.35 in chips) 
Seat 4: Alameda22 ($45.80 in chips) 
Seat 7: bevo54 ($24.65 in chips) 
Seat 8: Albarab ($23.95 in chips) 
Seat 9: buxton16 ($12.75 in chips) 
Dankgrundle: posts small blind $0.10
JCFreak1223: posts big blind $0.25
aintitkewl: sits out 
bigkawik: sits out 
*** HOLE CARDS ***
Dealt to Alameda22 [Ah 3s]
tskarzyn: folds 
Alameda22: folds 
bevo54: folds 
Albarab: folds 
buxton16: folds 
Dankgrundle: folds 
Uncalled bet ($0.15) returned to JCFreak1223
JCFreak1223 collected $0.20 from pot
JCFreak1223: doesn't show hand 
*** SUMMARY ***
Total pot $0.20 | Rake $0 
Seat 1: Dankgrundle (small blind) folded before Flop
Seat 2: JCFreak1223 (big blind) collected ($0.20)
Seat 3: tskarzyn folded before Flop (didn't bet)
Seat 4: Alameda22 folded before Flop (didn't bet)
Seat 7: bevo54 folded before Flop (didn't bet)
Seat 8: Albarab folded before Flop (didn't bet)
Seat 9: buxton16 (button) folded before Flop (didn't bet)



PokerStars Game #20103894687:  Hold'em No Limit ($0.10/$0.25) - 2008/09/02 21:15:52 ET
Table 'Oceax' 9-max Seat #1 is the button
Seat 1: Dankgrundle ($27.35 in chips) 
Seat 2: JCFreak1223 ($2 in chips) 
Seat 3: tskarzyn ($23.35 in chips) 
Seat 4: Alameda22 ($45.80 in chips) 
Seat 7: bevo54 ($24.65 in chips) 
Seat 8: Albarab ($23.95 in chips) 
Seat 9: buxton16 ($12.75 in chips) 
JCFreak1223: posts small blind $0.10
tskarzyn: posts big blind $0.25
aintitkewl: sits out 
bigkawik: sits out 
*** HOLE CARDS ***
Dealt to Alameda22 [9s 5d]
Alameda22: folds 
bevo54: raises $0.50 to $0.75
Albarab: folds 
buxton16: folds 
Dankgrundle: calls $0.75
JCFreak1223: calls $0.65
tskarzyn: folds 
*** FLOP *** [7c 8s 8d]
JCFreak1223: checks 
bevo54: checks 
Dankgrundle: checks 
*** TURN *** [7c 8s 8d] [2s]
JCFreak1223: bets $0.25
bevo54: folds 
Dankgrundle: calls $0.25
*** RIVER *** [7c 8s 8d 2s] [Th]
JCFreak1223: checks 
Dankgrundle: checks 
*** SHOW DOWN ***
JCFreak1223: shows [Js 7s] (two pair, Eights and Sevens)
Dankgrundle: mucks hand 
JCFreak1223 collected $2.90 from pot
*** SUMMARY ***
Total pot $3 | Rake $0.10 
Board [7c 8s 8d 2s Th]
Seat 1: Dankgrundle (button) mucked [4c 4h]
Seat 2: JCFreak1223 (small blind) showed [Js 7s] and won ($2.90) with two pair, Eights and Sevens
Seat 3: tskarzyn (big blind) folded before Flop
Seat 4: Alameda22 folded before Flop (didn't bet)
Seat 7: bevo54 folded on the Turn
Seat 8: Albarab folded before Flop (didn't bet)
Seat 9: buxton16 folded before Flop (didn't bet)



PokerStars Game #20103921505:  Hold'em No Limit ($0.10/$0.25) - 2008/09/02 21:17:03 ET
Table 'Oceax' 9-max Seat #2 is the button
Seat 1: Dankgrundle ($26.35 in chips) 
Seat 2: JCFreak1223 ($3.90 in chips) 
Seat 3: tskarzyn ($23.10 in chips) 
Seat 4: Alameda22 ($45.80 in chips) 
Seat 7: bevo54 ($23.90 in chips) 
Seat 8: Albarab ($23.95 in chips) 
Seat 9: buxton16 ($12.75 in chips) 
tskarzyn: posts small blind $0.10
Alameda22: posts big blind $0.25
aintitkewl: sits out 
bigkawik: sits out 
*** HOLE CARDS ***
Dealt to Alameda22 [5s Qd]
bevo54: folds 
Albarab: folds 
buxton16: folds 
Dankgrundle: folds 
JCFreak1223: calls $0.25
tskarzyn: calls $0.15
Alameda22: checks 
*** FLOP *** [Jc Tc Qh]
tskarzyn: bets $0.75
Alameda22: folds 
JCFreak1223: raises $0.75 to $1.50
tskarzyn: raises $21.35 to $22.85 and is all-in
JCFreak1223: folds 
Uncalled bet ($21.35) returned to tskarzyn
tskarzyn collected $3.60 from pot
*** SUMMARY ***
Total pot $3.75 | Rake $0.15 
Board [Jc Tc Qh]
Seat 1: Dankgrundle folded before Flop (didn't bet)
Seat 2: JCFreak1223 (button) folded on the Flop
Seat 3: tskarzyn (small blind) collected ($3.60)
Seat 4: Alameda22 (big blind) folded on the Flop
Seat 7: bevo54 folded before Flop (didn't bet)
Seat 8: Albarab folded before Flop (didn't bet)
Seat 9: buxton16 folded before Flop (didn't bet)



PokerStars Game #20103948652:  Hold'em No Limit ($0.10/$0.25) - 2008/09/02 21:18:14 ET
Table 'Oceax' 9-max Seat #3 is the button
Seat 1: Dankgrundle ($26.35 in chips) 
Seat 2: JCFreak1223 ($2.15 in chips) 
Seat 3: tskarzyn ($24.95 in chips) 
Seat 4: Alameda22 ($45.55 in chips) 
Seat 5: aintitkewl ($24.05 in chips) 
Seat 7: bevo54 ($23.90 in chips) 
Seat 8: Albarab ($23.95 in chips) 
Seat 9: buxton16 ($12.75 in chips) 
Alameda22: posts small blind $0.10
aintitkewl: posts big blind $0.25
bigkawik: sits out 
*** HOLE CARDS ***
Dealt to Alameda22 [Ah 3s]
bevo54: folds 
Albarab: raises $0.75 to $1
buxton16: calls $1
Dankgrundle: folds 
JCFreak1223: folds 
tskarzyn: folds 
Alameda22: folds 
aintitkewl: folds 
*** FLOP *** [3c 5c 2s]
Albarab: bets $1.75
buxton16: folds 
Uncalled bet ($1.75) returned to Albarab
Albarab collected $2.25 from pot
Albarab: doesn't show hand 
*** SUMMARY ***
Total pot $2.35 | Rake $0.10 
Board [3c 5c 2s]
Seat 1: Dankgrundle folded before Flop (didn't bet)
Seat 2: JCFreak1223 folded before Flop (didn't bet)
Seat 3: tskarzyn (button) folded before Flop (didn't bet)
Seat 4: Alameda22 (small blind) folded before Flop
Seat 5: aintitkewl (big blind) folded before Flop
Seat 7: bevo54 folded before Flop (didn't bet)
Seat 8: Albarab collected ($2.25)
Seat 9: buxton16 folded on the Flop



PokerStars Game #20103965945:  Hold'em No Limit ($0.10/$0.25) - 2008/09/02 21:19:00 ET
Table 'Oceax' 9-max Seat #4 is the button
Seat 1: Dankgrundle ($26.35 in chips) 
Seat 2: JCFreak1223 ($2.15 in chips) 
Seat 3: tskarzyn ($24.95 in chips) 
Seat 4: Alameda22 ($45.45 in chips) 
Seat 5: aintitkewl ($23.80 in chips) 
Seat 6: bigkawik ($5 in chips) 
Seat 7: bevo54 ($23.90 in chips) 
Seat 8: Albarab ($25.20 in chips) 
Seat 9: buxton16 ($11.75 in chips) 
aintitkewl: posts small blind $0.10
bigkawik: posts big blind $0.25
*** HOLE CARDS ***
Dealt to Alameda22 [7c Kh]
bevo54: folds 
Albarab: folds 
buxton16: calls $0.25
Dankgrundle: folds 
JCFreak1223: calls $0.25
tskarzyn: folds 
Alameda22: folds 
aintitkewl: calls $0.15
bigkawik: checks 
*** FLOP *** [Qs 2h Ts]
aintitkewl: checks 
bigkawik: checks 
buxton16: checks 
JCFreak1223: checks 
*** TURN *** [Qs 2h Ts] [As]
aintitkewl: checks 
bigkawik: checks 
buxton16: checks 
JCFreak1223: checks 
*** RIVER *** [Qs 2h Ts As] [5c]
aintitkewl: checks 
bigkawik: checks 
buxton16: checks 
JCFreak1223: checks 
*** SHOW DOWN ***
aintitkewl: shows [3d 4h] (a straight, Ace to Five)
bigkawik: mucks hand 
buxton16: mucks hand 
JCFreak1223: mucks hand 
aintitkewl collected $0.95 from pot
*** SUMMARY ***
Total pot $1 | Rake $0.05 
Board [Qs 2h Ts As 5c]
Seat 1: Dankgrundle folded before Flop (didn't bet)
Seat 2: JCFreak1223 mucked [Th 7d]
Seat 3: tskarzyn folded before Flop (didn't bet)
Seat 4: Alameda22 (button) folded before Flop (didn't bet)
Seat 5: aintitkewl (small blind) showed [3d 4h] and won ($0.95) with a straight, Ace to Five
Seat 6: bigkawik (big blind) mucked [Ah 8d]
Seat 7: bevo54 folded before Flop (didn't bet)
Seat 8: Albarab folded before Flop (didn't bet)
Seat 9: buxton16 mucked [Qh Kc]



PokerStars Game #20104020646:  Hold'em No Limit ($0.10/$0.25) - 2008/09/02 21:21:25 ET
Table 'Oceax' 9-max Seat #5 is the button
Seat 1: Dankgrundle ($26.35 in chips) 
Seat 2: JCFreak1223 ($1.90 in chips) 
Seat 3: tskarzyn ($24.95 in chips) 
Seat 4: Alameda22 ($45.45 in chips) 
Seat 5: aintitkewl ($25 in chips) 
Seat 6: bigkawik ($4.75 in chips) 
Seat 7: bevo54 ($23.90 in chips) 
Seat 8: Albarab ($25.20 in chips) 
Seat 9: buxton16 ($11.50 in chips) 
bigkawik: posts small blind $0.10
bevo54: posts big blind $0.25
*** HOLE CARDS ***
Dealt to Alameda22 [Ks Jc]
Albarab: folds 
buxton16: calls $0.25
Dankgrundle: calls $0.25
JCFreak1223: folds 
tskarzyn: calls $0.25
Alameda22: folds 
aintitkewl: calls $0.25
bigkawik: calls $0.15
bevo54: checks 
*** FLOP *** [9s Ah Td]
bigkawik: checks 
bevo54: bets $1
buxton16: calls $1
Dankgrundle: folds 
tskarzyn: folds 
aintitkewl: folds 
bigkawik: folds 
*** TURN *** [9s Ah Td] [5s]
bevo54: bets $1.25
buxton16: folds 
Uncalled bet ($1.25) returned to bevo54
bevo54 collected $3.35 from pot
bevo54: doesn't show hand 
*** SUMMARY ***
Total pot $3.50 | Rake $0.15 
Board [9s Ah Td 5s]
Seat 1: Dankgrundle folded on the Flop
Seat 2: JCFreak1223 folded before Flop (didn't bet)
Seat 3: tskarzyn folded on the Flop
Seat 4: Alameda22 folded before Flop (didn't bet)
Seat 5: aintitkewl (button) folded on the Flop
Seat 6: bigkawik (small blind) folded on the Flop
Seat 7: bevo54 (big blind) collected ($3.35)
Seat 8: Albarab folded before Flop (didn't bet)
Seat 9: buxton16 folded on the Turn



PokerStars Game #20104054087:  Hold'em No Limit ($0.10/$0.25) - 2008/09/02 21:22:54 ET
Table 'Oceax' 9-max Seat #6 is the button
Seat 1: Dankgrundle ($26.10 in chips) 
Seat 2: JCFreak1223 ($1.90 in chips) 
Seat 3: tskarzyn ($24.70 in chips) 
Seat 4: Alameda22 ($45.45 in chips) 
Seat 5: aintitkewl ($24.75 in chips) 
Seat 6: bigkawik ($4.50 in chips) 
Seat 7: bevo54 ($26 in chips) 
Seat 8: Albarab ($25.20 in chips) 
Seat 9: buxton16 ($10.25 in chips) 
bevo54: posts small blind $0.10
Albarab: posts big blind $0.25
*** HOLE CARDS ***
Dealt to Alameda22 [9c 9d]
buxton16: folds 
Dankgrundle: folds 
JCFreak1223: folds 
tskarzyn: folds 
Alameda22: calls $0.25
aintitkewl: folds 
bigkawik: folds 
bevo54: calls $0.15
Albarab: checks 
*** FLOP *** [Jc 5s 6d]
bevo54: checks 
Albarab: checks 
Alameda22: bets $0.50
bevo54: folds 
Albarab: folds 
Uncalled bet ($0.50) returned to Alameda22
Alameda22 collected $0.75 from pot
Alameda22: doesn't show hand 
*** SUMMARY ***
Total pot $0.75 | Rake $0 
Board [Jc 5s 6d]
Seat 1: Dankgrundle folded before Flop (didn't bet)
Seat 2: JCFreak1223 folded before Flop (didn't bet)
Seat 3: tskarzyn folded before Flop (didn't bet)
Seat 4: Alameda22 collected ($0.75)
Seat 5: aintitkewl folded before Flop (didn't bet)
Seat 6: bigkawik (button) folded before Flop (didn't bet)
Seat 7: bevo54 (small blind) folded on the Flop
Seat 8: Albarab (big blind) folded on the Flop
Seat 9: buxton16 folded before Flop (didn't bet)



PokerStars Game #20104078527:  Hold'em No Limit ($0.10/$0.25) - 2008/09/02 21:23:59 ET
Table 'Oceax' 9-max Seat #7 is the button
Seat 1: Dankgrundle ($26.10 in chips) 
Seat 2: JCFreak1223 ($1.90 in chips) 
Seat 3: tskarzyn ($24.70 in chips) 
Seat 4: Alameda22 ($45.95 in chips) 
Seat 5: aintitkewl ($24.75 in chips) 
Seat 6: bigkawik ($4.50 in chips) 
Seat 7: bevo54 ($25.75 in chips) 
Seat 8: Albarab ($24.95 in chips) 
Seat 9: buxton16 ($10.25 in chips) 
Albarab: posts small blind $0.10
buxton16: posts big blind $0.25
*** HOLE CARDS ***
Dealt to Alameda22 [Qs 3s]
Dankgrundle: folds 
JCFreak1223: calls $0.25
tskarzyn: folds 
Alameda22: folds 
aintitkewl: folds 
bigkawik: folds 
bevo54: folds 
Albarab: folds 
buxton16: checks 
*** FLOP *** [6d 5c 7h]
buxton16: checks 
JCFreak1223: checks 
*** TURN *** [6d 5c 7h] [3d]
buxton16: checks 
JCFreak1223: checks 
*** RIVER *** [6d 5c 7h 3d] [3h]
buxton16: checks 
JCFreak1223: checks 
*** SHOW DOWN ***
buxton16: shows [Ah Js] (a pair of Threes)
JCFreak1223: shows [6c Jc] (two pair, Sixes and Threes)
JCFreak1223 collected $0.60 from pot
*** SUMMARY ***
Total pot $0.60 | Rake $0 
Board [6d 5c 7h 3d 3h]
Seat 1: Dankgrundle folded before Flop (didn't bet)
Seat 2: JCFreak1223 showed [6c Jc] and won ($0.60) with two pair, Sixes and Threes
Seat 3: tskarzyn folded before Flop (didn't bet)
Seat 4: Alameda22 folded before Flop (didn't bet)
Seat 5: aintitkewl folded before Flop (didn't bet)
Seat 6: bigkawik folded before Flop (didn't bet)
Seat 7: bevo54 (button) folded before Flop (didn't bet)
Seat 8: Albarab (small blind) folded before Flop
Seat 9: buxton16 (big blind) showed [Ah Js] and lost with a pair of Threes



PokerStars Game #20104109594:  Hold'em No Limit ($0.10/$0.25) - 2008/09/02 21:25:22 ET
Table 'Oceax' 9-max Seat #8 is the button
Seat 1: Dankgrundle ($26.10 in chips) 
Seat 2: JCFreak1223 ($2.25 in chips) 
Seat 3: tskarzyn ($24.70 in chips) 
Seat 4: Alameda22 ($45.95 in chips) 
Seat 5: aintitkewl ($24.75 in chips) 
Seat 6: bigkawik ($4.50 in chips) 
Seat 7: bevo54 ($25.75 in chips) 
Seat 8: Albarab ($24.85 in chips) 
Seat 9: buxton16 ($10 in chips) 
buxton16: posts small blind $0.10
Dankgrundle: posts big blind $0.25
*** HOLE CARDS ***
Dealt to Alameda22 [7h Tc]
JCFreak1223: folds 
tskarzyn: folds 
Alameda22: folds 
aintitkewl: folds 
bigkawik: folds 
bevo54: folds 
Albarab: folds 
buxton16: calls $0.15
Dankgrundle: checks 
*** FLOP *** [Ts 6d 6c]
buxton16: checks 
Dankgrundle: checks 
*** TURN *** [Ts 6d 6c] [5h]
buxton16: bets $0.75
Dankgrundle: folds 
Uncalled bet ($0.75) returned to buxton16
buxton16 collected $0.50 from pot
buxton16: doesn't show hand 
*** SUMMARY ***
Total pot $0.50 | Rake $0 
Board [Ts 6d 6c 5h]
Seat 1: Dankgrundle (big blind) folded on the Turn
Seat 2: JCFreak1223 folded before Flop (didn't bet)
Seat 3: tskarzyn folded before Flop (didn't bet)
Seat 4: Alameda22 folded before Flop (didn't bet)
Seat 5: aintitkewl folded before Flop (didn't bet)
Seat 6: bigkawik folded before Flop (didn't bet)
Seat 7: bevo54 folded before Flop (didn't bet)
Seat 8: Albarab (button) folded before Flop (didn't bet)
Seat 9: buxton16 (small blind) collected ($0.50)



PokerStars Game #20104128156:  Hold'em No Limit ($0.10/$0.25) - 2008/09/02 21:26:11 ET
Table 'Oceax' 9-max Seat #9 is the button
Seat 1: Dankgrundle ($25.85 in chips) 
Seat 2: JCFreak1223 ($2.25 in chips) 
Seat 3: tskarzyn ($24.70 in chips) 
Seat 4: Alameda22 ($45.95 in chips) 
Seat 5: aintitkewl ($24.75 in chips) 
Seat 6: bigkawik ($4.50 in chips) 
Seat 7: bevo54 ($25.75 in chips) 
Seat 8: Albarab ($24.85 in chips) 
Seat 9: buxton16 ($10.25 in chips) 
Dankgrundle: posts small blind $0.10
JCFreak1223: posts big blind $0.25
*** HOLE CARDS ***
Dealt to Alameda22 [7s Ac]
tskarzyn: folds 
Alameda22: folds 
aintitkewl: folds 
bigkawik: folds 
bevo54: folds 
Albarab: calls $0.25
buxton16: folds 
Dankgrundle: calls $0.15
JCFreak1223: checks 
*** FLOP *** [3h 6h 9h]
Dankgrundle: checks 
JCFreak1223: checks 
bevo54 is sitting out
Albarab: checks 
*** TURN *** [3h 6h 9h] [Kd]
Dankgrundle: checks 
JCFreak1223: checks 
Albarab: checks 
*** RIVER *** [3h 6h 9h Kd] [9d]
Dankgrundle: checks 
JCFreak1223: checks 
Albarab: checks 
*** SHOW DOWN ***
Dankgrundle: shows [Ts 8s] (a pair of Nines)
JCFreak1223: mucks hand 
Albarab: shows [2c 2h] (two pair, Nines and Deuces)
Albarab collected $0.75 from pot
*** SUMMARY ***
Total pot $0.75 | Rake $0 
Board [3h 6h 9h Kd 9d]
Seat 1: Dankgrundle (small blind) showed [Ts 8s] and lost with a pair of Nines
Seat 2: JCFreak1223 (big blind) mucked [Tc 4s]
Seat 3: tskarzyn folded before Flop (didn't bet)
Seat 4: Alameda22 folded before Flop (didn't bet)
Seat 5: aintitkewl folded before Flop (didn't bet)
Seat 6: bigkawik folded before Flop (didn't bet)
Seat 7: bevo54 folded before Flop (didn't bet)
Seat 8: Albarab showed [2c 2h] and won ($0.75) with two pair, Nines and Deuces
Seat 9: buxton16 (button) folded before Flop (didn't bet)



PokerStars Game #20104155679:  Hold'em No Limit ($0.10/$0.25) - 2008/09/02 21:27:25 ET
Table 'Oceax' 9-max Seat #1 is the button
Seat 1: Dankgrundle ($25.60 in chips) 
Seat 2: JCFreak1223 ($2 in chips) 
Seat 3: tskarzyn ($24.70 in chips) 
Seat 4: Alameda22 ($45.95 in chips) 
Seat 5: aintitkewl ($24.75 in chips) 
Seat 6: bigkawik ($4.50 in chips) 
Seat 8: Albarab ($25.35 in chips) 
Seat 9: buxton16 ($10.25 in chips) 
JCFreak1223: posts small blind $0.10
tskarzyn: posts big blind $0.25
*** HOLE CARDS ***
Dealt to Alameda22 [3h Kd]
Alameda22: folds 
aintitkewl: calls $0.25
bigkawik: folds 
Albarab: folds 
buxton16: folds 
Dankgrundle: folds 
JCFreak1223: calls $0.15
tskarzyn: checks 
*** FLOP *** [As 4c 6s]
JCFreak1223: bets $0.25
tskarzyn: calls $0.25
aintitkewl: calls $0.25
*** TURN *** [As 4c 6s] [9s]
JCFreak1223: checks 
tskarzyn: checks 
aintitkewl: checks 
*** RIVER *** [As 4c 6s 9s] [Qh]
JCFreak1223: checks 
tskarzyn: checks 
aintitkewl: bets $1
JCFreak1223: folds 
tskarzyn: folds 
Uncalled bet ($1) returned to aintitkewl
aintitkewl collected $1.45 from pot
aintitkewl: doesn't show hand 
*** SUMMARY ***
Total pot $1.50 | Rake $0.05 
Board [As 4c 6s 9s Qh]
Seat 1: Dankgrundle (button) folded before Flop (didn't bet)
Seat 2: JCFreak1223 (small blind) folded on the River
Seat 3: tskarzyn (big blind) folded on the River
Seat 4: Alameda22 folded before Flop (didn't bet)
Seat 5: aintitkewl collected ($1.45)
Seat 6: bigkawik folded before Flop (didn't bet)
Seat 8: Albarab folded before Flop (didn't bet)
Seat 9: buxton16 folded before Flop (didn't bet)



PokerStars Game #20104189504:  Hold'em No Limit ($0.10/$0.25) - 2008/09/02 21:28:55 ET
Table 'Oceax' 9-max Seat #2 is the button
Seat 1: Dankgrundle ($25.60 in chips) 
Seat 2: JCFreak1223 ($1.50 in chips) 
Seat 3: tskarzyn ($24.20 in chips) 
Seat 4: Alameda22 ($45.95 in chips) 
Seat 5: aintitkewl ($25.70 in chips) 
Seat 6: bigkawik ($4.50 in chips) 
Seat 8: Albarab ($25.35 in chips) 
Seat 9: buxton16 ($10.25 in chips) 
tskarzyn: posts small blind $0.10
Alameda22: posts big blind $0.25
*** HOLE CARDS ***
Dealt to Alameda22 [Ac 9h]
aintitkewl: folds 
bigkawik: folds 
Albarab: folds 
buxton16: folds 
Dankgrundle: folds 
JCFreak1223: calls $0.25
tskarzyn: calls $0.15
Alameda22: checks 
*** FLOP *** [Qs Td 2c]
tskarzyn: checks 
Alameda22: checks 
JCFreak1223: checks 
*** TURN *** [Qs Td 2c] [7h]
tskarzyn: checks 
Alameda22: checks 
JCFreak1223: bets $0.50
tskarzyn: folds 
Alameda22: folds 
Uncalled bet ($0.50) returned to JCFreak1223
JCFreak1223 collected $0.75 from pot
*** SUMMARY ***
Total pot $0.75 | Rake $0 
Board [Qs Td 2c 7h]
Seat 1: Dankgrundle folded before Flop (didn't bet)
Seat 2: JCFreak1223 (button) collected ($0.75)
Seat 3: tskarzyn (small blind) folded on the Turn
Seat 4: Alameda22 (big blind) folded on the Turn
Seat 5: aintitkewl folded before Flop (didn't bet)
Seat 6: bigkawik folded before Flop (didn't bet)
Seat 8: Albarab folded before Flop (didn't bet)
Seat 9: buxton16 folded before Flop (didn't bet)



PokerStars Game #20104228619:  Hold'em No Limit ($0.10/$0.25) - 2008/09/02 21:30:40 ET
Table 'Oceax' 9-max Seat #3 is the button
Seat 1: Dankgrundle ($25.60 in chips) 
Seat 2: JCFreak1223 ($2 in chips) 
Seat 3: tskarzyn ($23.95 in chips) 
Seat 4: Alameda22 ($45.70 in chips) 
Seat 5: aintitkewl ($25.70 in chips) 
Seat 6: bigkawik ($4.50 in chips) 
Seat 8: Albarab ($25.35 in chips) 
Seat 9: buxton16 ($10.25 in chips) 
Alameda22: posts small blind $0.10
aintitkewl: posts big blind $0.25
*** HOLE CARDS ***
Dealt to Alameda22 [9h 2c]
bigkawik: folds 
Albarab: folds 
buxton16: calls $0.25
Dankgrundle: folds 
JCFreak1223: calls $0.25
tskarzyn: calls $0.25
Alameda22: folds 
aintitkewl: checks 
*** FLOP *** [6c 4d 3s]
aintitkewl: checks 
buxton16: checks 
bevo54 has returned
JCFreak1223: checks 
tskarzyn: checks 
*** TURN *** [6c 4d 3s] [2s]
aintitkewl: checks 
buxton16: checks 
JCFreak1223: checks 
tskarzyn: bets $1
aintitkewl: folds 
buxton16: folds 
JCFreak1223: folds 
Uncalled bet ($1) returned to tskarzyn
tskarzyn collected $1.05 from pot
*** SUMMARY ***
Total pot $1.10 | Rake $0.05 
Board [6c 4d 3s 2s]
Seat 1: Dankgrundle folded before Flop (didn't bet)
Seat 2: JCFreak1223 folded on the Turn
Seat 3: tskarzyn (button) collected ($1.05)
Seat 4: Alameda22 (small blind) folded before Flop
Seat 5: aintitkewl (big blind) folded on the Turn
Seat 6: bigkawik folded before Flop (didn't bet)
Seat 8: Albarab folded before Flop (didn't bet)
Seat 9: buxton16 folded on the Turn



PokerStars Game #20104262794:  Hold'em No Limit ($0.10/$0.25) - 2008/09/02 21:32:12 ET
Table 'Oceax' 9-max Seat #4 is the button
Seat 1: Dankgrundle ($25.60 in chips) 
Seat 2: JCFreak1223 ($1.75 in chips) 
Seat 3: tskarzyn ($24.75 in chips) 
Seat 4: Alameda22 ($45.60 in chips) 
Seat 5: aintitkewl ($25.45 in chips) 
Seat 6: bigkawik ($4.50 in chips) 
Seat 7: bevo54 ($25.75 in chips) 
Seat 8: Albarab ($25.35 in chips) 
Seat 9: buxton16 ($10 in chips) 
aintitkewl: posts small blind $0.10
bigkawik: posts big blind $0.25
*** HOLE CARDS ***
Dealt to Alameda22 [Qh 8h]
bevo54: folds 
Albarab: folds 
buxton16: folds 
Dankgrundle: folds 
JCFreak1223: calls $0.25
tskarzyn: folds 
Alameda22: folds 
aintitkewl: folds 
bigkawik: checks 
*** FLOP *** [Kc Kh 3c]
bigkawik: checks 
JCFreak1223: bets $0.50
bigkawik: folds 
Uncalled bet ($0.50) returned to JCFreak1223
JCFreak1223 collected $0.60 from pot
*** SUMMARY ***
Total pot $0.60 | Rake $0 
Board [Kc Kh 3c]
Seat 1: Dankgrundle folded before Flop (didn't bet)
Seat 2: JCFreak1223 collected ($0.60)
Seat 3: tskarzyn folded before Flop (didn't bet)
Seat 4: Alameda22 (button) folded before Flop (didn't bet)
Seat 5: aintitkewl (small blind) folded before Flop
Seat 6: bigkawik (big blind) folded on the Flop
Seat 7: bevo54 folded before Flop (didn't bet)
Seat 8: Albarab folded before Flop (didn't bet)
Seat 9: buxton16 folded before Flop (didn't bet)



PokerStars Game #20104284640:  Hold'em No Limit ($0.10/$0.25) - 2008/09/02 21:33:11 ET
Table 'Oceax' 9-max Seat #5 is the button
Seat 1: Dankgrundle ($25.60 in chips) 
Seat 2: JCFreak1223 ($2.10 in chips) 
Seat 3: tskarzyn ($24.75 in chips) 
Seat 4: Alameda22 ($45.60 in chips) 
Seat 5: aintitkewl ($25.35 in chips) 
Seat 6: bigkawik ($4.25 in chips) 
Seat 7: bevo54 ($25.75 in chips) 
Seat 8: Albarab ($25.35 in chips) 
Seat 9: buxton16 ($10 in chips) 
bigkawik: posts small blind $0.10
bevo54: posts big blind $0.25
*** HOLE CARDS ***
Dealt to Alameda22 [Jc 8d]
Albarab: raises $0.75 to $1
buxton16: folds 
Dankgrundle: folds 
JCFreak1223: folds 
tskarzyn: folds 
Alameda22: folds 
aintitkewl: folds 
bigkawik: folds 
bevo54: folds 
Uncalled bet ($0.75) returned to Albarab
Albarab collected $0.60 from pot
Albarab: doesn't show hand 
*** SUMMARY ***
Total pot $0.60 | Rake $0 
Seat 1: Dankgrundle folded before Flop (didn't bet)
Seat 2: JCFreak1223 folded before Flop (didn't bet)
Seat 3: tskarzyn folded before Flop (didn't bet)
Seat 4: Alameda22 folded before Flop (didn't bet)
Seat 5: aintitkewl (button) folded before Flop (didn't bet)
Seat 6: bigkawik (small blind) folded before Flop
Seat 7: bevo54 (big blind) folded before Flop
Seat 8: Albarab collected ($0.60)
Seat 9: buxton16 folded before Flop (didn't bet)



PokerStars Game #20104304226:  Hold'em No Limit ($0.10/$0.25) - 2008/09/02 21:34:04 ET
Table 'Oceax' 9-max Seat #6 is the button
Seat 1: Dankgrundle ($25.60 in chips) 
Seat 2: JCFreak1223 ($2.10 in chips) 
Seat 3: tskarzyn ($24.75 in chips) 
Seat 4: Alameda22 ($45.60 in chips) 
Seat 5: aintitkewl ($25.35 in chips) 
Seat 6: bigkawik ($4.15 in chips) 
Seat 7: bevo54 ($25.50 in chips) 
Seat 8: Albarab ($25.70 in chips) 
Seat 9: buxton16 ($10 in chips) 
bevo54: posts small blind $0.10
Albarab: posts big blind $0.25
*** HOLE CARDS ***
Dealt to Alameda22 [Jd Kd]
buxton16: calls $0.25
Dankgrundle: folds 
JCFreak1223: calls $0.25
tskarzyn: folds 
Alameda22: folds 
aintitkewl: folds 
bigkawik: folds 
bevo54: calls $0.15
Albarab: checks 
*** FLOP *** [2s Kh 8c]
bevo54: checks 
Albarab: checks 
buxton16: checks 
JCFreak1223: checks 
*** TURN *** [2s Kh 8c] [As]
bevo54: checks 
Albarab: checks 
buxton16: checks 
JCFreak1223: checks 
*** RIVER *** [2s Kh 8c As] [Qd]
bevo54: checks 
Albarab: checks 
buxton16: bets $0.50
JCFreak1223: folds 
bevo54: calls $0.50
Albarab: folds 
*** SHOW DOWN ***
buxton16: shows [Ac 4c] (a pair of Aces)
bevo54: shows [Ad 5d] (a pair of Aces)
bevo54 collected $1 from pot
buxton16 collected $0.95 from pot
*** SUMMARY ***
Total pot $2 | Rake $0.05 
Board [2s Kh 8c As Qd]
Seat 1: Dankgrundle folded before Flop (didn't bet)
Seat 2: JCFreak1223 folded on the River
Seat 3: tskarzyn folded before Flop (didn't bet)
Seat 4: Alameda22 folded before Flop (didn't bet)
Seat 5: aintitkewl folded before Flop (didn't bet)
Seat 6: bigkawik (button) folded before Flop (didn't bet)
Seat 7: bevo54 (small blind) showed [Ad 5d] and won ($1) with a pair of Aces
Seat 8: Albarab (big blind) folded on the River
Seat 9: buxton16 showed [Ac 4c] and won ($0.95) with a pair of Aces



PokerStars Game #20104336803:  Hold'em No Limit ($0.10/$0.25) - 2008/09/02 21:35:32 ET
Table 'Oceax' 9-max Seat #7 is the button
Seat 1: Dankgrundle ($25.60 in chips) 
Seat 2: JCFreak1223 ($1.85 in chips) 
Seat 3: tskarzyn ($24.75 in chips) 
Seat 4: Alameda22 ($45.60 in chips) 
Seat 5: aintitkewl ($25.35 in chips) 
Seat 6: bigkawik ($4.15 in chips) 
Seat 7: bevo54 ($25.75 in chips) 
Seat 8: Albarab ($25.45 in chips) 
Seat 9: buxton16 ($10.20 in chips) 
Albarab: posts small blind $0.10
buxton16: posts big blind $0.25
*** HOLE CARDS ***
Dealt to Alameda22 [2d Td]
Dankgrundle: folds 
JCFreak1223: calls $0.25
tskarzyn: folds 
Dankgrundle leaves the table
Alameda22: folds 
aintitkewl: calls $0.25
bigkawik: folds 
bevo54: calls $0.25
Albarab: folds 
buxton16: checks 
*** FLOP *** [Qc 6d Jh]
buxton16: checks 
JCFreak1223: bets $0.25
aintitkewl: folds 
bevo54: folds 
buxton16: folds 
Uncalled bet ($0.25) returned to JCFreak1223
JCFreak1223 collected $1.05 from pot
*** SUMMARY ***
Total pot $1.10 | Rake $0.05 
Board [Qc 6d Jh]
Seat 1: Dankgrundle folded before Flop (didn't bet)
Seat 2: JCFreak1223 collected ($1.05)
Seat 3: tskarzyn folded before Flop (didn't bet)
Seat 4: Alameda22 folded before Flop (didn't bet)
Seat 5: aintitkewl folded on the Flop
Seat 6: bigkawik folded before Flop (didn't bet)
Seat 7: bevo54 (button) folded on the Flop
Seat 8: Albarab (small blind) folded before Flop
Seat 9: buxton16 (big blind) folded on the Flop



PokerStars Game #20104366108:  Hold'em No Limit ($0.10/$0.25) - 2008/09/02 21:36:51 ET
Table 'Oceax' 9-max Seat #8 is the button
Seat 2: JCFreak1223 ($2.65 in chips) 
Seat 3: tskarzyn ($24.75 in chips) 
Seat 4: Alameda22 ($45.60 in chips) 
Seat 5: aintitkewl ($25.10 in chips) 
Seat 6: bigkawik ($4.15 in chips) 
Seat 7: bevo54 ($25.50 in chips) 
Seat 8: Albarab ($25.35 in chips) 
Seat 9: buxton16 ($9.95 in chips) 
buxton16: posts small blind $0.10
JCFreak1223: posts big blind $0.25
*** HOLE CARDS ***
Dealt to Alameda22 [8s 6s]
tskarzyn: folds 
Alameda22: folds 
aintitkewl: folds 
bigkawik: folds 
bevo54: folds 
Albarab: folds 
buxton16: calls $0.15
JCFreak1223: checks 
*** FLOP *** [Tc 9d Qh]
buxton16: checks 
JCFreak1223: checks 
*** TURN *** [Tc 9d Qh] [3s]
buxton16: checks 
JCFreak1223: bets $0.25
buxton16: calls $0.25
*** RIVER *** [Tc 9d Qh 3s] [6d]
buxton16: checks 
JCFreak1223: checks 
*** SHOW DOWN ***
buxton16: shows [3d 5c] (a pair of Threes)
JCFreak1223: shows [3h 4h] (a pair of Threes)
buxton16 collected $0.50 from pot
JCFreak1223 collected $0.45 from pot
*** SUMMARY ***
Total pot $1 | Rake $0.05 
Board [Tc 9d Qh 3s 6d]
Seat 2: JCFreak1223 (big blind) showed [3h 4h] and won ($0.45) with a pair of Threes
Seat 3: tskarzyn folded before Flop (didn't bet)
Seat 4: Alameda22 folded before Flop (didn't bet)
Seat 5: aintitkewl folded before Flop (didn't bet)
Seat 6: bigkawik folded before Flop (didn't bet)
Seat 7: bevo54 folded before Flop (didn't bet)
Seat 8: Albarab (button) folded before Flop (didn't bet)
Seat 9: buxton16 (small blind) showed [3d 5c] and won ($0.50) with a pair of Threes



PokerStars Game #20104393019:  Hold'em No Limit ($0.10/$0.25) - 2008/09/02 21:38:04 ET
Table 'Oceax' 9-max Seat #9 is the button
Seat 2: JCFreak1223 ($2.60 in chips) 
Seat 3: tskarzyn ($24.75 in chips) 
Seat 4: Alameda22 ($45.60 in chips) 
Seat 5: aintitkewl ($25.10 in chips) 
Seat 6: bigkawik ($4.15 in chips) 
Seat 7: bevo54 ($25.50 in chips) 
Seat 8: Albarab ($25.35 in chips) 
Seat 9: buxton16 ($9.95 in chips) 
JCFreak1223: posts small blind $0.10
tskarzyn: posts big blind $0.25
*** HOLE CARDS ***
Dealt to Alameda22 [9d Ac]
Alameda22: folds 
aintitkewl: raises $0.75 to $1
bigkawik: folds 
bevo54: folds 
Albarab: folds 
buxton16: calls $1
JCFreak1223: folds 
tskarzyn: folds 
*** FLOP *** [4h 2s Kd]
aintitkewl: bets $1
buxton16: calls $1
*** TURN *** [4h 2s Kd] [Ts]
aintitkewl: bets $2.25
buxton16: folds 
Uncalled bet ($2.25) returned to aintitkewl
aintitkewl collected $4.15 from pot
aintitkewl: doesn't show hand 
*** SUMMARY ***
Total pot $4.35 | Rake $0.20 
Board [4h 2s Kd Ts]
Seat 2: JCFreak1223 (small blind) folded before Flop
Seat 3: tskarzyn (big blind) folded before Flop
Seat 4: Alameda22 folded before Flop (didn't bet)
Seat 5: aintitkewl collected ($4.15)
Seat 6: bigkawik folded before Flop (didn't bet)
Seat 7: bevo54 folded before Flop (didn't bet)
Seat 8: Albarab folded before Flop (didn't bet)
Seat 9: buxton16 (button) folded on the Turn



PokerStars Game #20104415898:  Hold'em No Limit ($0.10/$0.25) - 2008/09/02 21:39:05 ET
Table 'Oceax' 9-max Seat #2 is the button
Seat 2: JCFreak1223 ($2.50 in chips) 
Seat 3: tskarzyn ($24.50 in chips) 
Seat 4: Alameda22 ($45.60 in chips) 
Seat 5: aintitkewl ($27.25 in chips) 
Seat 6: bigkawik ($4.15 in chips) 
Seat 7: bevo54 ($25.50 in chips) 
Seat 8: Albarab ($25.35 in chips) 
Seat 9: buxton16 ($7.95 in chips) 
tskarzyn: posts small blind $0.10
Alameda22: posts big blind $0.25
*** HOLE CARDS ***
Dealt to Alameda22 [Qh 3s]
aintitkewl: folds 
bigkawik: folds 
bevo54: folds 
Albarab: folds 
buxton16: folds 
JCFreak1223: calls $0.25
tskarzyn: calls $0.15
Alameda22: checks 
*** FLOP *** [Js 8s Jc]
tskarzyn: checks 
Alameda22: checks 
JCFreak1223: checks 
*** TURN *** [Js 8s Jc] [8h]
tskarzyn: bets $0.75
Alameda22: folds 
JCFreak1223: folds 
Uncalled bet ($0.75) returned to tskarzyn
tskarzyn collected $0.75 from pot
*** SUMMARY ***
Total pot $0.75 | Rake $0 
Board [Js 8s Jc 8h]
Seat 2: JCFreak1223 (button) folded on the Turn
Seat 3: tskarzyn (small blind) collected ($0.75)
Seat 4: Alameda22 (big blind) folded on the Turn
Seat 5: aintitkewl folded before Flop (didn't bet)
Seat 6: bigkawik folded before Flop (didn't bet)
Seat 7: bevo54 folded before Flop (didn't bet)
Seat 8: Albarab folded before Flop (didn't bet)
Seat 9: buxton16 folded before Flop (didn't bet)



PokerStars Game #20104438176:  Hold'em No Limit ($0.10/$0.25) - 2008/09/02 21:40:05 ET
Table 'Oceax' 9-max Seat #3 is the button
Seat 2: JCFreak1223 ($2.25 in chips) 
Seat 3: tskarzyn ($25 in chips) 
Seat 4: Alameda22 ($45.35 in chips) 
Seat 5: aintitkewl ($27.25 in chips) 
Seat 6: bigkawik ($4.15 in chips) 
Seat 7: bevo54 ($25.50 in chips) 
Seat 8: Albarab ($25.35 in chips) 
Seat 9: buxton16 ($7.95 in chips) 
Alameda22: posts small blind $0.10
aintitkewl: posts big blind $0.25
*** HOLE CARDS ***
Dealt to Alameda22 [Qc 7c]
bigkawik: folds 
VGP Man 60 joins the table at seat #1 
bevo54: folds 
Albarab: raises $0.75 to $1
buxton16: folds 
JCFreak1223: folds 
tskarzyn: folds 
tskarzyn leaves the table
Alameda22: folds 
aintitkewl: folds 
Uncalled bet ($0.75) returned to Albarab
Albarab collected $0.60 from pot
Albarab: doesn't show hand 
*** SUMMARY ***
Total pot $0.60 | Rake $0 
Seat 2: JCFreak1223 folded before Flop (didn't bet)
Seat 3: tskarzyn (button) folded before Flop (didn't bet)
Seat 4: Alameda22 (small blind) folded before Flop
Seat 5: aintitkewl (big blind) folded before Flop
Seat 6: bigkawik folded before Flop (didn't bet)
Seat 7: bevo54 folded before Flop (didn't bet)
Seat 8: Albarab collected ($0.60)
Seat 9: buxton16 folded before Flop (didn't bet)



PokerStars Game #20104451341:  Hold'em No Limit ($0.10/$0.25) - 2008/09/02 21:40:41 ET
Table 'Oceax' 9-max Seat #4 is the button
Seat 1: VGP Man 60 ($25 in chips) 
Seat 2: JCFreak1223 ($2.25 in chips) 
Seat 4: Alameda22 ($45.25 in chips) 
Seat 5: aintitkewl ($27 in chips) 
Seat 6: bigkawik ($4.15 in chips) 
Seat 7: bevo54 ($25.50 in chips) 
Seat 8: Albarab ($25.70 in chips) 
Seat 9: buxton16 ($7.95 in chips) 
aintitkewl: posts small blind $0.10
bigkawik: posts big blind $0.25
VGP Man 60: posts big blind $0.25
*** HOLE CARDS ***
Dealt to Alameda22 [6c 3s]
bevo54: raises $0.50 to $0.75
Albarab: folds 
buxton16: folds 
VGP Man 60: folds 
JCFreak1223: raises $0.50 to $1.25
Alameda22: folds 
aintitkewl: folds 
bigkawik: folds 
bevo54: raises $5.50 to $6.75
JCFreak1223: calls $1 and is all-in
Uncalled bet ($4.50) returned to bevo54
*** FLOP *** [6h Jd 5s]
*** TURN *** [6h Jd 5s] [3c]
*** RIVER *** [6h Jd 5s 3c] [Td]
*** SHOW DOWN ***
bevo54: shows [As Ac] (a pair of Aces)
JCFreak1223: mucks hand 
bevo54 collected $4.85 from pot
*** SUMMARY ***
Total pot $5.10 | Rake $0.25 
Board [6h Jd 5s 3c Td]
Seat 1: VGP Man 60 folded before Flop
Seat 2: JCFreak1223 mucked [Ks Kd]
Seat 4: Alameda22 (button) folded before Flop (didn't bet)
Seat 5: aintitkewl (small blind) folded before Flop
Seat 6: bigkawik (big blind) folded before Flop
Seat 7: bevo54 showed [As Ac] and won ($4.85) with a pair of Aces
Seat 8: Albarab folded before Flop (didn't bet)
Seat 9: buxton16 folded before Flop (didn't bet)



PokerStars Game #20104475548:  Hold'em No Limit ($0.10/$0.25) - 2008/09/02 21:41:46 ET
Table 'Oceax' 9-max Seat #5 is the button
Seat 1: VGP Man 60 ($24.75 in chips) 
Seat 4: Alameda22 ($45.25 in chips) 
Seat 5: aintitkewl ($26.90 in chips) 
Seat 6: bigkawik ($3.90 in chips) 
Seat 7: bevo54 ($28.10 in chips) 
Seat 8: Albarab ($25.70 in chips) 
Seat 9: buxton16 ($7.95 in chips) 
bigkawik: posts small blind $0.10
bevo54: posts big blind $0.25
*** HOLE CARDS ***
Dealt to Alameda22 [8s Tc]
Albarab: folds 
buxton16: folds 
VGP Man 60: raises $0.25 to $0.50
Alameda22: folds 
aintitkewl: folds 
JCFreak1223 leaves the table
bigkawik: folds 
bevo54: calls $0.25
*** FLOP *** [3c 7h 4s]
bevo54: checks 
VGP Man 60: bets $0.50
bevo54: calls $0.50
*** TURN *** [3c 7h 4s] [9d]
bevo54: checks 
VGP Man 60: checks 
*** RIVER *** [3c 7h 4s 9d] [Jc]
bevo54: bets $0.50
VGP Man 60: calls $0.50
*** SHOW DOWN ***
bevo54: shows [5s 9s] (a pair of Nines)
VGP Man 60: shows [Js As] (a pair of Jacks)
VGP Man 60 collected $2.95 from pot
*** SUMMARY ***
Total pot $3.10 | Rake $0.15 
Board [3c 7h 4s 9d Jc]
Seat 1: VGP Man 60 showed [Js As] and won ($2.95) with a pair of Jacks
Seat 4: Alameda22 folded before Flop (didn't bet)
Seat 5: aintitkewl (button) folded before Flop (didn't bet)
Seat 6: bigkawik (small blind) folded before Flop
Seat 7: bevo54 (big blind) showed [5s 9s] and lost with a pair of Nines
Seat 8: Albarab folded before Flop (didn't bet)
Seat 9: buxton16 folded before Flop (didn't bet)



PokerStars Game #20104502038:  Hold'em No Limit ($0.10/$0.25) - 2008/09/02 21:42:59 ET
Table 'Oceax' 9-max Seat #6 is the button
Seat 1: VGP Man 60 ($26.20 in chips) 
Seat 4: Alameda22 ($45.25 in chips) 
Seat 5: aintitkewl ($26.90 in chips) 
Seat 6: bigkawik ($3.80 in chips) 
Seat 7: bevo54 ($26.60 in chips) 
Seat 8: Albarab ($25.70 in chips) 
Seat 9: buxton16 ($7.95 in chips) 
bevo54: posts small blind $0.10
Albarab: posts big blind $0.25
*** HOLE CARDS ***
Dealt to Alameda22 [3c 5h]
buxton16: folds 
VGP Man 60: calls $0.25
Alameda22: folds 
aintitkewl: folds 
bigkawik: folds 
bevo54: folds 
Albarab: checks 
*** FLOP *** [Jh 9h 8h]
Albarab: bets $0.50
VGP Man 60: raises $0.50 to $1
Albarab: calls $0.50
*** TURN *** [Jh 9h 8h] [As]
Albarab: checks 
VGP Man 60: bets $0.75
Albarab: raises $1.75 to $2.50
VGP Man 60: calls $1.75
*** RIVER *** [Jh 9h 8h As] [3d]
Albarab: checks 
VGP Man 60: bets $2
Albarab: calls $2
*** SHOW DOWN ***
VGP Man 60: shows [Td Qs] (a straight, Eight to Queen)
Albarab: mucks hand 
VGP Man 60 collected $11.05 from pot
*** SUMMARY ***
Total pot $11.60 | Rake $0.55 
Board [Jh 9h 8h As 3d]
Seat 1: VGP Man 60 showed [Td Qs] and won ($11.05) with a straight, Eight to Queen
Seat 4: Alameda22 folded before Flop (didn't bet)
Seat 5: aintitkewl folded before Flop (didn't bet)
Seat 6: bigkawik (button) folded before Flop (didn't bet)
Seat 7: bevo54 (small blind) folded before Flop
Seat 8: Albarab (big blind) mucked [Ts Ah]
Seat 9: buxton16 folded before Flop (didn't bet)



PokerStars Game #20104527327:  Hold'em No Limit ($0.10/$0.25) - 2008/09/02 21:44:09 ET
Table 'Oceax' 9-max Seat #7 is the button
Seat 1: VGP Man 60 ($31.50 in chips) 
Seat 4: Alameda22 ($45.25 in chips) 
Seat 5: aintitkewl ($26.90 in chips) 
Seat 6: bigkawik ($5 in chips) 
Seat 7: bevo54 ($26.50 in chips) 
Seat 8: Albarab ($25 in chips) 
Seat 9: buxton16 ($7.95 in chips) 
Albarab: posts small blind $0.10
buxton16: posts big blind $0.25
*** HOLE CARDS ***
Dealt to Alameda22 [2c 6c]
VGP Man 60: folds 
Alameda22: folds 
aintitkewl: folds 
bigkawik: raises $0.75 to $1
bevo54: folds 
Albarab: folds 
buxton16: folds 
Uncalled bet ($0.75) returned to bigkawik
bigkawik collected $0.60 from pot
bigkawik: doesn't show hand 
*** SUMMARY ***
Total pot $0.60 | Rake $0 
Seat 1: VGP Man 60 folded before Flop (didn't bet)
Seat 4: Alameda22 folded before Flop (didn't bet)
Seat 5: aintitkewl folded before Flop (didn't bet)
Seat 6: bigkawik collected ($0.60)
Seat 7: bevo54 (button) folded before Flop (didn't bet)
Seat 8: Albarab (small blind) folded before Flop
Seat 9: buxton16 (big blind) folded before Flop



PokerStars Game #20104546487:  Hold'em No Limit ($0.10/$0.25) - 2008/09/02 21:45:00 ET
Table 'Oceax' 9-max Seat #8 is the button
Seat 1: VGP Man 60 ($31.50 in chips) 
Seat 4: Alameda22 ($45.25 in chips) 
Seat 5: aintitkewl ($26.90 in chips) 
Seat 6: bigkawik ($5.35 in chips) 
Seat 7: bevo54 ($26.50 in chips) 
Seat 8: Albarab ($24.90 in chips) 
Seat 9: buxton16 ($7.70 in chips) 
buxton16: posts small blind $0.10
VGP Man 60: posts big blind $0.25
*** HOLE CARDS ***
Dealt to Alameda22 [Jh 4d]
Alameda22: folds 
aintitkewl: folds 
bigkawik: folds 
davehsu84 joins the table at seat #3 
deekay6 joins the table at seat #2 
davehsu84 leaves the table
bevo54: folds 
Albarab: raises $0.75 to $1
buxton16: calls $0.90
VGP Man 60: raises $0.75 to $1.75
Albarab: calls $0.75
buxton16: calls $0.75
*** FLOP *** [9h 8c Ah]
buxton16: checks 
VGP Man 60: bets $1.25
Albarab: folds 
buxton16: folds 
Uncalled bet ($1.25) returned to VGP Man 60
VGP Man 60 collected $5 from pot
VGP Man 60: doesn't show hand 
*** SUMMARY ***
Total pot $5.25 | Rake $0.25 
Board [9h 8c Ah]
Seat 1: VGP Man 60 (big blind) collected ($5)
Seat 4: Alameda22 folded before Flop (didn't bet)
Seat 5: aintitkewl folded before Flop (didn't bet)
Seat 6: bigkawik folded before Flop (didn't bet)
Seat 7: bevo54 folded before Flop (didn't bet)
Seat 8: Albarab (button) folded on the Flop
Seat 9: buxton16 (small blind) folded on the Flop



PokerStars Game #20104588187:  Hold'em No Limit ($0.10/$0.25) - 2008/09/02 21:46:52 ET
Table 'Oceax' 9-max Seat #9 is the button
Seat 1: VGP Man 60 ($34.75 in chips) 
Seat 2: deekay6 ($25 in chips) 
Seat 4: Alameda22 ($45.25 in chips) 
Seat 5: aintitkewl ($26.90 in chips) 
Seat 6: bigkawik ($5.35 in chips) 
Seat 7: bevo54 ($26.50 in chips) 
Seat 8: Albarab ($25 in chips) 
Seat 9: buxton16 ($5.95 in chips) 
VGP Man 60: posts small blind $0.10
deekay6: posts big blind $0.25
*** HOLE CARDS ***
Dealt to Alameda22 [7h Tc]
Alameda22: folds 
aintitkewl: folds 
bigkawik: folds 
bevo54: folds 
Albarab: folds 
buxton16: raises $0.25 to $0.50
VGP Man 60: folds 
deekay6: calls $0.25
*** FLOP *** [6s 7c Qs]
deekay6: checks 
buxton16: checks 
*** TURN *** [6s 7c Qs] [5s]
deekay6: bets $0.75
buxton16: calls $0.75
*** RIVER *** [6s 7c Qs 5s] [9h]
deekay6: checks 
buxton16: bets $1
deekay6: folds 
Uncalled bet ($1) returned to buxton16
buxton16 collected $2.50 from pot
*** SUMMARY ***
Total pot $2.60 | Rake $0.10 
Board [6s 7c Qs 5s 9h]
Seat 1: VGP Man 60 (small blind) folded before Flop
Seat 2: deekay6 (big blind) folded on the River
Seat 4: Alameda22 folded before Flop (didn't bet)
Seat 5: aintitkewl folded before Flop (didn't bet)
Seat 6: bigkawik folded before Flop (didn't bet)
Seat 7: bevo54 folded before Flop (didn't bet)
Seat 8: Albarab folded before Flop (didn't bet)
Seat 9: buxton16 (button) collected ($2.50)



PokerStars Game #20104616109:  Hold'em No Limit ($0.10/$0.25) - 2008/09/02 21:48:06 ET
Table 'Oceax' 9-max Seat #1 is the button
Seat 1: VGP Man 60 ($34.65 in chips) 
Seat 2: deekay6 ($23.75 in chips) 
Seat 4: Alameda22 ($45.25 in chips) 
Seat 5: aintitkewl ($26.90 in chips) 
Seat 6: bigkawik ($5.35 in chips) 
Seat 7: bevo54 ($26.50 in chips) 
Seat 8: Albarab ($25 in chips) 
Seat 9: buxton16 ($7.20 in chips) 
deekay6: posts small blind $0.10
Alameda22: posts big blind $0.25
*** HOLE CARDS ***
Dealt to Alameda22 [5d 9c]
aintitkewl: folds 
bigkawik: folds 
bevo54: raises $0.50 to $0.75
Albarab: folds 
buxton16: folds 
VGP Man 60: calls $0.75
deekay6: folds 
Alameda22: folds 
*** FLOP *** [Kc Tc Td]
bevo54: bets $0.75
VGP Man 60: calls $0.75
*** TURN *** [Kc Tc Td] [7h]
bevo54: checks 
VGP Man 60: checks 
*** RIVER *** [Kc Tc Td 7h] [6h]
bevo54: checks 
VGP Man 60: checks 
*** SHOW DOWN ***
bevo54: shows [Qs Qd] (two pair, Queens and Tens)
DaGeeeMen joins the table at seat #3 
VGP Man 60: mucks hand 
bevo54 collected $3.20 from pot
*** SUMMARY ***
Total pot $3.35 | Rake $0.15 
Board [Kc Tc Td 7h 6h]
Seat 1: VGP Man 60 (button) mucked [7c Ac]
Seat 2: deekay6 (small blind) folded before Flop
Seat 4: Alameda22 (big blind) folded before Flop
Seat 5: aintitkewl folded before Flop (didn't bet)
Seat 6: bigkawik folded before Flop (didn't bet)
Seat 7: bevo54 showed [Qs Qd] and won ($3.20) with two pair, Queens and Tens
Seat 8: Albarab folded before Flop (didn't bet)
Seat 9: buxton16 folded before Flop (didn't bet)



PokerStars Game #20104641240:  Hold'em No Limit ($0.10/$0.25) - 2008/09/02 21:49:13 ET
Table 'Oceax' 9-max Seat #2 is the button
Seat 1: VGP Man 60 ($33.15 in chips) 
Seat 2: deekay6 ($23.65 in chips) 
Seat 4: Alameda22 ($45 in chips) 
Seat 5: aintitkewl ($26.90 in chips) 
Seat 6: bigkawik ($5.35 in chips) 
Seat 7: bevo54 ($28.20 in chips) 
Seat 8: Albarab ($25 in chips) 
Seat 9: buxton16 ($7.20 in chips) 
DaGeeeMen will be allowed to play after the button
Alameda22: posts small blind $0.10
aintitkewl: posts big blind $0.25
*** HOLE CARDS ***
Dealt to Alameda22 [4d 3c]
bigkawik: folds 
bevo54: folds 
Albarab: folds 
buxton16: folds 
VGP Man 60: folds 
deekay6: raises $0.75 to $1
Alameda22: folds 
aintitkewl: folds 
Uncalled bet ($0.75) returned to deekay6
deekay6 collected $0.60 from pot
deekay6: doesn't show hand 
*** SUMMARY ***
Total pot $0.60 | Rake $0 
Seat 1: VGP Man 60 folded before Flop (didn't bet)
Seat 2: deekay6 (button) collected ($0.60)
Seat 4: Alameda22 (small blind) folded before Flop
Seat 5: aintitkewl (big blind) folded before Flop
Seat 6: bigkawik folded before Flop (didn't bet)
Seat 7: bevo54 folded before Flop (didn't bet)
Seat 8: Albarab folded before Flop (didn't bet)
Seat 9: buxton16 folded before Flop (didn't bet)



PokerStars Game #20104656048:  Hold'em No Limit ($0.10/$0.25) - 2008/09/02 21:49:52 ET
Table 'Oceax' 9-max Seat #4 is the button
Seat 1: VGP Man 60 ($33.15 in chips) 
Seat 2: deekay6 ($24 in chips) 
Seat 3: DaGeeeMen ($6.35 in chips) 
Seat 4: Alameda22 ($44.90 in chips) 
Seat 5: aintitkewl ($26.65 in chips) 
Seat 6: bigkawik ($5.35 in chips) 
Seat 7: bevo54 ($28.20 in chips) 
Seat 8: Albarab ($25 in chips) 
Seat 9: buxton16 ($7.20 in chips) 
aintitkewl: posts small blind $0.10
bigkawik: posts big blind $0.25
DaGeeeMen: posts big blind $0.25
*** HOLE CARDS ***
Dealt to Alameda22 [Ks 4c]
bevo54: folds 
Albarab: folds 
buxton16: folds 
VGP Man 60: folds 
deekay6: calls $0.25
DaGeeeMen: checks 
Alameda22: folds 
aintitkewl: calls $0.15
bigkawik: checks 
*** FLOP *** [5h 6h Jh]
aintitkewl: checks 
bigkawik: bets $0.75
deekay6: calls $0.75
DaGeeeMen: folds 
aintitkewl: folds 
*** TURN *** [5h 6h Jh] [Qh]
bigkawik: checks 
deekay6: checks 
*** RIVER *** [5h 6h Jh Qh] [7d]
bigkawik: checks 
deekay6: checks 
DaGeeeMen leaves the table
*** SHOW DOWN ***
bigkawik: shows [Jc Kd] (a pair of Jacks)
deekay6: mucks hand 
bigkawik collected $2.40 from pot
*** SUMMARY ***
Total pot $2.50 | Rake $0.10 
Board [5h 6h Jh Qh 7d]
Seat 1: VGP Man 60 folded before Flop (didn't bet)
Seat 2: deekay6 mucked [Tc Jd]
Seat 3: DaGeeeMen folded on the Flop
Seat 4: Alameda22 (button) folded before Flop (didn't bet)
Seat 5: aintitkewl (small blind) folded on the Flop
Seat 6: bigkawik (big blind) showed [Jc Kd] and won ($2.40) with a pair of Jacks
Seat 7: bevo54 folded before Flop (didn't bet)
Seat 8: Albarab folded before Flop (didn't bet)
Seat 9: buxton16 folded before Flop (didn't bet)



PokerStars Game #20104685026:  Hold'em No Limit ($0.10/$0.25) - 2008/09/02 21:51:11 ET
Table 'Oceax' 9-max Seat #5 is the button
Seat 1: VGP Man 60 ($33.15 in chips) 
Seat 2: deekay6 ($23 in chips) 
Seat 4: Alameda22 ($44.90 in chips) 
Seat 5: aintitkewl ($26.40 in chips) 
Seat 7: bevo54 ($28.20 in chips) 
Seat 8: Albarab ($25 in chips) 
Seat 9: buxton16 ($7.20 in chips) 
bigkawik: is sitting out 
bigkawik leaves the table
bevo54: posts small blind $0.10
Albarab: posts big blind $0.25
*** HOLE CARDS ***
Dealt to Alameda22 [4d 7c]
buxton16: calls $0.25
VGP Man 60: folds 
deekay6: folds 
Alameda22: folds 
VGP Man 60 is sitting out
aintitkewl: folds 
bevo54: folds 
Albarab: checks 
*** FLOP *** [Ac Td 5c]
Albarab: checks 
buxton16: checks 
*** TURN *** [Ac Td 5c] [Ad]
Albarab: bets $0.50
buxton16: calls $0.50
*** RIVER *** [Ac Td 5c Ad] [7h]
Albarab: bets $1
buxton16: folds 
Uncalled bet ($1) returned to Albarab
Albarab collected $1.55 from pot
Albarab: doesn't show hand 
*** SUMMARY ***
Total pot $1.60 | Rake $0.05 
Board [Ac Td 5c Ad 7h]
Seat 1: VGP Man 60 folded before Flop (didn't bet)
Seat 2: deekay6 folded before Flop (didn't bet)
Seat 4: Alameda22 folded before Flop (didn't bet)
Seat 5: aintitkewl (button) folded before Flop (didn't bet)
Seat 7: bevo54 (small blind) folded before Flop
Seat 8: Albarab (big blind) collected ($1.55)
Seat 9: buxton16 folded on the River



PokerStars Game #20104712805:  Hold'em No Limit ($0.10/$0.25) - 2008/09/02 21:52:25 ET
Table 'Oceax' 9-max Seat #7 is the button
Seat 2: deekay6 ($23 in chips) 
Seat 4: Alameda22 ($44.90 in chips) 
Seat 5: aintitkewl ($26.40 in chips) 
Seat 7: bevo54 ($28.10 in chips) 
Seat 8: Albarab ($25.80 in chips) 
Seat 9: buxton16 ($6.45 in chips) 
Albarab: posts small blind $0.10
buxton16: posts big blind $0.25
*** HOLE CARDS ***
Dealt to Alameda22 [5d Js]
deekay6 is connected 
deekay6: folds 
Alameda22: folds 
aintitkewl: folds 
bevo54: folds 
Albarab: folds 
Uncalled bet ($0.15) returned to buxton16
buxton16 collected $0.20 from pot
buxton16: doesn't show hand 
*** SUMMARY ***
Total pot $0.20 | Rake $0 
Seat 2: deekay6 folded before Flop (didn't bet)
Seat 4: Alameda22 folded before Flop (didn't bet)
Seat 5: aintitkewl folded before Flop (didn't bet)
Seat 7: bevo54 (button) folded before Flop (didn't bet)
Seat 8: Albarab (small blind) folded before Flop
Seat 9: buxton16 (big blind) collected ($0.20)



PokerStars Game #20104722799:  Hold'em No Limit ($0.10/$0.25) - 2008/09/02 21:52:52 ET
Table 'Oceax' 9-max Seat #8 is the button
Seat 2: deekay6 ($23 in chips) 
Seat 4: Alameda22 ($44.90 in chips) 
Seat 5: aintitkewl ($26.40 in chips) 
Seat 7: bevo54 ($28.10 in chips) 
Seat 8: Albarab ($25.70 in chips) 
Seat 9: buxton16 ($6.55 in chips) 
buxton16: posts small blind $0.10
deekay6: posts big blind $0.25
*** HOLE CARDS ***
Dealt to Alameda22 [8c 7c]
Alameda22: folds 
aintitkewl: folds 
bevo54: folds 
Albarab: folds 
buxton16: raises $0.50 to $0.75
deekay6: folds 
Uncalled bet ($0.50) returned to buxton16
buxton16 collected $0.50 from pot
buxton16: doesn't show hand 
*** SUMMARY ***
Total pot $0.50 | Rake $0 
Seat 2: deekay6 (big blind) folded before Flop
Seat 4: Alameda22 folded before Flop (didn't bet)
Seat 5: aintitkewl folded before Flop (didn't bet)
Seat 7: bevo54 folded before Flop (didn't bet)
Seat 8: Albarab (button) folded before Flop (didn't bet)
Seat 9: buxton16 (small blind) collected ($0.50)



PokerStars Game #20104735203:  Hold'em No Limit ($0.10/$0.25) - 2008/09/02 21:53:25 ET
Table 'Oceax' 9-max Seat #9 is the button
Seat 2: deekay6 ($22.75 in chips) 
Seat 4: Alameda22 ($44.90 in chips) 
Seat 5: aintitkewl ($26.40 in chips) 
Seat 7: bevo54 ($28.10 in chips) 
Seat 8: Albarab ($25.70 in chips) 
Seat 9: buxton16 ($6.80 in chips) 
deekay6: posts small blind $0.10
Alameda22: posts big blind $0.25
*** HOLE CARDS ***
Dealt to Alameda22 [Jc Jh]
VGP Man 60 has returned
aintitkewl: folds 
bevo54: folds 
Albarab: folds 
buxton16: folds 
deekay6: calls $0.15
Alameda22: raises $1 to $1.25
deekay6: folds 
Uncalled bet ($1) returned to Alameda22
Alameda22 collected $0.50 from pot
Alameda22: doesn't show hand 
*** SUMMARY ***
Total pot $0.50 | Rake $0 
Seat 2: deekay6 (small blind) folded before Flop
Seat 4: Alameda22 (big blind) collected ($0.50)
Seat 5: aintitkewl folded before Flop (didn't bet)
Seat 7: bevo54 folded before Flop (didn't bet)
Seat 8: Albarab folded before Flop (didn't bet)
Seat 9: buxton16 (button) folded before Flop (didn't bet)



PokerStars Game #20104744472:  Hold'em No Limit ($0.10/$0.25) - 2008/09/02 21:53:50 ET
Table 'Oceax' 9-max Seat #2 is the button
Seat 2: deekay6 ($22.50 in chips) 
Seat 4: Alameda22 ($45.15 in chips) 
Seat 5: aintitkewl ($26.40 in chips) 
Seat 7: bevo54 ($28.10 in chips) 
Seat 8: Albarab ($25.70 in chips) 
Seat 9: buxton16 ($6.80 in chips) 
Alameda22: posts small blind $0.10
aintitkewl: posts big blind $0.25
VGP Man 60: is sitting out 
*** HOLE CARDS ***
Dealt to Alameda22 [Qc 4c]
VGP Man 60 has returned
bevo54: folds 
bevo54 leaves the table
Albarab: folds 
buxton16: calls $0.25
deekay6: calls $0.25
VGP Man 60 leaves the table
Alameda22: folds 
aintitkewl: checks 
*** FLOP *** [8d Kc 3h]
aintitkewl: checks 
buxton16: checks 
deekay6: checks 
*** TURN *** [8d Kc 3h] [8s]
aintitkewl: checks 
buxton16: checks 
deekay6: checks 
*** RIVER *** [8d Kc 3h 8s] [7h]
aintitkewl: checks 
buxton16: checks 
deekay6: checks 
*** SHOW DOWN ***
aintitkewl: shows [Jc Jh] (two pair, Jacks and Eights)
buxton16: mucks hand 
deekay6 said, "yatzee!"
deekay6: mucks hand 
aintitkewl collected $0.85 from pot
aintitkewl is sitting out
*** SUMMARY ***
Total pot $0.85 | Rake $0 
Board [8d Kc 3h 8s 7h]
Seat 2: deekay6 (button) mucked [9s Jd]
Seat 4: Alameda22 (small blind) folded before Flop
Seat 5: aintitkewl (big blind) showed [Jc Jh] and won ($0.85) with two pair, Jacks and Eights
Seat 7: bevo54 folded before Flop (didn't bet)
Seat 8: Albarab folded before Flop (didn't bet)
Seat 9: buxton16 mucked [Qs Td]



PokerStars Game #20104785481:  Hold'em No Limit ($0.10/$0.25) - 2008/09/02 21:55:42 ET
Table 'Oceax' 9-max Seat #4 is the button
Seat 2: deekay6 ($22.25 in chips) 
Seat 4: Alameda22 ($45.05 in chips) 
Seat 9: buxton16 ($6.55 in chips) 
aintitkewl leaves the table
Albarab: is sitting out 
buxton16: posts small blind $0.10
Albarab leaves the table
deekay6: posts big blind $0.25
*** HOLE CARDS ***
Dealt to Alameda22 [Td 6c]
Alameda22: folds 
buxton16: calls $0.15
deekay6: checks 
*** FLOP *** [3c 3h Tc]
buxton16: bets $0.50
deekay6: folds 
Uncalled bet ($0.50) returned to buxton16
deekay6 is sitting out
buxton16 collected $0.50 from pot
buxton16: doesn't show hand 
*** SUMMARY ***
Total pot $0.50 | Rake $0 
Board [3c 3h Tc]
Seat 2: deekay6 (big blind) folded on the Flop
Seat 4: Alameda22 (button) folded before Flop (didn't bet)
Seat 9: buxton16 (small blind) collected ($0.50)



PokerStars Game #20104804344:  Hold'em No Limit ($0.10/$0.25) - 2008/09/02 21:56:34 ET
Table 'Oceax' 9-max Seat #9 is the button
Seat 4: Alameda22 ($45.05 in chips) 
Seat 9: buxton16 ($6.80 in chips) 
buxton16: posts small blind $0.10
Alameda22: posts big blind $0.25
*** HOLE CARDS ***
Dealt to Alameda22 [7s Jh]
buxton16: calls $0.15
Alameda22: checks 
*** FLOP *** [8c As Js]
Alameda22: checks 
buxton16: checks 
*** TURN *** [8c As Js] [Kh]
Alameda22: checks 
buxton16: checks 
*** RIVER *** [8c As Js Kh] [6c]
Alameda22: bets $0.25
buxton16: calls $0.25
deekay6 leaves the table
*** SHOW DOWN ***
Alameda22: shows [7s Jh] (a pair of Jacks)
buxton16: mucks hand 
Alameda22 collected $0.95 from pot
*** SUMMARY ***
Total pot $1 | Rake $0.05 
Board [8c As Js Kh 6c]
Seat 4: Alameda22 (big blind) showed [7s Jh] and won ($0.95) with a pair of Jacks
Seat 9: buxton16 (button) (small blind) mucked [8d Td]



