PokerStars Game #19903092662:  Hold'em No Limit ($0.10/$0.25) - 2008/08/25 - 23:24:05 (ET)
Table 'Lucretia II' 9-max Seat #1 is the button
Seat 1: Jayraffer321 ($33.70 in chips) 
Seat 2: howlkal ($22.55 in chips) 
Seat 3: mhw080669 ($24.65 in chips) 
Seat 4: KIDNIC ($14.50 in chips) 
Seat 5: thenizuts ($17.25 in chips) 
Seat 6: bleuvie ($12.05 in chips) 
Seat 7: TAG_it_BAMA ($29.80 in chips) 
Seat 8: SpielerABC ($44.35 in chips) 
Seat 9: Alameda22 ($25 in chips) 
howlkal: posts small blind $0.10
mhw080669: posts big blind $0.25
Alameda22: posts big blind $0.25
*** HOLE CARDS ***
Dealt to Alameda22 [5s 2s]
KIDNIC: folds 
thenizuts: folds 
bleuvie: folds 
TAG_it_BAMA: raises $0.25 to $0.50
SpielerABC: folds 
Alameda22: folds 
Jayraffer321: folds 
howlkal: folds 
mhw080669: folds 
Uncalled bet ($0.25) returned to TAG_it_BAMA
TAG_it_BAMA collected $0.85 from pot
TAG_it_BAMA: doesn't show hand 
*** SUMMARY ***
Total pot $0.85 | Rake $0 
Seat 1: Jayraffer321 (button) folded before Flop (didn't bet)
Seat 2: howlkal (small blind) folded before Flop
Seat 3: mhw080669 (big blind) folded before Flop
Seat 4: KIDNIC folded before Flop (didn't bet)
Seat 5: thenizuts folded before Flop (didn't bet)
Seat 6: bleuvie folded before Flop (didn't bet)
Seat 7: TAG_it_BAMA collected ($0.85)
Seat 8: SpielerABC folded before Flop (didn't bet)
Seat 9: Alameda22 folded before Flop



PokerStars Game #19903106016:  Hold'em No Limit ($0.10/$0.25) - 2008/08/25 - 23:24:45 (ET)
Table 'Lucretia II' 9-max Seat #2 is the button
Seat 1: Jayraffer321 ($33.70 in chips) 
Seat 2: howlkal ($22.45 in chips) 
Seat 3: mhw080669 ($24.40 in chips) 
Seat 4: KIDNIC ($14.50 in chips) 
Seat 5: thenizuts ($17.25 in chips) 
Seat 6: bleuvie ($12.05 in chips) 
Seat 7: TAG_it_BAMA ($30.40 in chips) 
Seat 8: SpielerABC ($44.35 in chips) 
Seat 9: Alameda22 ($24.75 in chips) 
mhw080669: posts small blind $0.10
KIDNIC: posts big blind $0.25
*** HOLE CARDS ***
Dealt to Alameda22 [Tc Kd]
thenizuts: folds 
bleuvie: folds 
thenizuts leaves the table
TAG_it_BAMA: folds 
SpielerABC: folds 
Alameda22: folds 
Jayraffer321: folds 
howlkal: folds 
mhw080669: folds 
Uncalled bet ($0.15) returned to KIDNIC
KIDNIC collected $0.20 from pot
KIDNIC: shows [Ks 9c] (high card King)
*** SUMMARY ***
Total pot $0.20 | Rake $0 
Seat 1: Jayraffer321 folded before Flop (didn't bet)
Seat 2: howlkal (button) folded before Flop (didn't bet)
Seat 3: mhw080669 (small blind) folded before Flop
Seat 4: KIDNIC (big blind) collected ($0.20)
Seat 5: thenizuts folded before Flop (didn't bet)
Seat 6: bleuvie folded before Flop (didn't bet)
Seat 7: TAG_it_BAMA folded before Flop (didn't bet)
Seat 8: SpielerABC folded before Flop (didn't bet)
Seat 9: Alameda22 folded before Flop (didn't bet)



PokerStars Game #19903129208:  Hold'em No Limit ($0.10/$0.25) - 2008/08/25 - 23:25:54 (ET)
Table 'Lucretia II' 9-max Seat #3 is the button
Seat 1: Jayraffer321 ($33.70 in chips) 
Seat 2: howlkal ($22.45 in chips) 
Seat 3: mhw080669 ($24.30 in chips) 
Seat 4: KIDNIC ($14.60 in chips) 
Seat 6: bleuvie ($12.05 in chips) 
Seat 7: TAG_it_BAMA ($30.40 in chips) 
Seat 8: SpielerABC ($44.35 in chips) 
Seat 9: Alameda22 ($24.75 in chips) 
KIDNIC: posts small blind $0.10
bleuvie: posts big blind $0.25
*** HOLE CARDS ***
Dealt to Alameda22 [4d Js]
TAG_it_BAMA: folds 
SpielerABC: raises $0.50 to $0.75
Alameda22: folds 
Jayraffer321: folds 
howlkal: folds 
mhw080669: folds 
KIDNIC: calls $0.65
bleuvie: folds 
*** FLOP *** [4s 6h Jd]
KIDNIC: checks 
ThannTheOne joins the table at seat #5 
SpielerABC: bets $1
KIDNIC: folds 
Uncalled bet ($1) returned to SpielerABC
SpielerABC collected $1.70 from pot
SpielerABC: doesn't show hand 
*** SUMMARY ***
Total pot $1.75 | Rake $0.05 
Board [4s 6h Jd]
Seat 1: Jayraffer321 folded before Flop (didn't bet)
Seat 2: howlkal folded before Flop (didn't bet)
Seat 3: mhw080669 (button) folded before Flop (didn't bet)
Seat 4: KIDNIC (small blind) folded on the Flop
Seat 6: bleuvie (big blind) folded before Flop
Seat 7: TAG_it_BAMA folded before Flop (didn't bet)
Seat 8: SpielerABC collected ($1.70)
Seat 9: Alameda22 folded before Flop (didn't bet)



PokerStars Game #19903146144:  Hold'em No Limit ($0.10/$0.25) - 2008/08/25 - 23:26:44 (ET)
Table 'Lucretia II' 9-max Seat #4 is the button
Seat 1: Jayraffer321 ($33.70 in chips) 
Seat 2: howlkal ($22.45 in chips) 
Seat 3: mhw080669 ($24.30 in chips) 
Seat 4: KIDNIC ($13.85 in chips) 
Seat 6: bleuvie ($11.80 in chips) 
Seat 7: TAG_it_BAMA ($30.40 in chips) 
Seat 8: SpielerABC ($45.30 in chips) 
Seat 9: Alameda22 ($24.75 in chips) 
ThannTheOne will be allowed to play after the button
bleuvie: posts small blind $0.10
TAG_it_BAMA: posts big blind $0.25
*** HOLE CARDS ***
Dealt to Alameda22 [Qs Jh]
SpielerABC: folds 
Alameda22: folds 
Jayraffer321: folds 
howlkal: folds 
mhw080669: folds 
KIDNIC: folds 
bleuvie: calls $0.15
TAG_it_BAMA: checks 
*** FLOP *** [7d Ac Kh]
bleuvie: bets $0.25
TAG_it_BAMA: folds 
Uncalled bet ($0.25) returned to bleuvie
bleuvie collected $0.50 from pot
*** SUMMARY ***
Total pot $0.50 | Rake $0 
Board [7d Ac Kh]
Seat 1: Jayraffer321 folded before Flop (didn't bet)
Seat 2: howlkal folded before Flop (didn't bet)
Seat 3: mhw080669 folded before Flop (didn't bet)
Seat 4: KIDNIC (button) folded before Flop (didn't bet)
Seat 6: bleuvie (small blind) collected ($0.50)
Seat 7: TAG_it_BAMA (big blind) folded on the Flop
Seat 8: SpielerABC folded before Flop (didn't bet)
Seat 9: Alameda22 folded before Flop (didn't bet)



PokerStars Game #19903160863:  Hold'em No Limit ($0.10/$0.25) - 2008/08/25 - 23:27:28 (ET)
Table 'Lucretia II' 9-max Seat #6 is the button
Seat 1: Jayraffer321 ($33.70 in chips) 
Seat 2: howlkal ($22.45 in chips) 
Seat 3: mhw080669 ($24.30 in chips) 
Seat 4: KIDNIC ($13.85 in chips) 
Seat 6: bleuvie ($12.05 in chips) 
Seat 7: TAG_it_BAMA ($30.15 in chips) 
Seat 8: SpielerABC ($45.30 in chips) 
Seat 9: Alameda22 ($24.75 in chips) 
TAG_it_BAMA: posts small blind $0.10
SpielerABC: posts big blind $0.25
ThannTheOne: sits out 
*** HOLE CARDS ***
Dealt to Alameda22 [8s 7h]
Alameda22: folds 
Jayraffer321: folds 
howlkal: folds 
mhw080669: folds 
KIDNIC: calls $0.25
bleuvie: folds 
TAG_it_BAMA: raises $1 to $1.25
SpielerABC: folds 
KIDNIC: folds 
Uncalled bet ($1) returned to TAG_it_BAMA
TAG_it_BAMA collected $0.75 from pot
*** SUMMARY ***
Total pot $0.75 | Rake $0 
Seat 1: Jayraffer321 folded before Flop (didn't bet)
Seat 2: howlkal folded before Flop (didn't bet)
Seat 3: mhw080669 folded before Flop (didn't bet)
Seat 4: KIDNIC folded before Flop
Seat 6: bleuvie (button) folded before Flop (didn't bet)
Seat 7: TAG_it_BAMA (small blind) collected ($0.75)
Seat 8: SpielerABC (big blind) folded before Flop
Seat 9: Alameda22 folded before Flop (didn't bet)



PokerStars Game #19903178284:  Hold'em No Limit ($0.10/$0.25) - 2008/08/25 - 23:28:20 (ET)
Table 'Lucretia II' 9-max Seat #7 is the button
Seat 1: Jayraffer321 ($33.70 in chips) 
Seat 2: howlkal ($22.45 in chips) 
Seat 3: mhw080669 ($24.30 in chips) 
Seat 4: KIDNIC ($13.60 in chips) 
Seat 6: bleuvie ($12.05 in chips) 
Seat 7: TAG_it_BAMA ($30.65 in chips) 
Seat 8: SpielerABC ($45.05 in chips) 
Seat 9: Alameda22 ($24.75 in chips) 
SpielerABC: posts small blind $0.10
Alameda22: posts big blind $0.25
ThannTheOne: sits out 
*** HOLE CARDS ***
Dealt to Alameda22 [Ah 8d]
Jayraffer321: folds 
howlkal: folds 
mhw080669: calls $0.25
KIDNIC: folds 
bleuvie: folds 
TAG_it_BAMA: raises $0.75 to $1
SpielerABC: folds 
Alameda22: folds 
mhw080669: calls $0.75
*** FLOP *** [8c 4h 6h]
mhw080669: checks 
TAG_it_BAMA: bets $1
mhw080669: calls $1
*** TURN *** [8c 4h 6h] [Td]
mhw080669: checks 
TAG_it_BAMA: bets $2
mhw080669: calls $2
*** RIVER *** [8c 4h 6h Td] [Jd]
mhw080669: checks 
TAG_it_BAMA: checks 
*** SHOW DOWN ***
mhw080669: shows [9d 9s] (a pair of Nines)
TAG_it_BAMA: mucks hand 
mhw080669 collected $7.95 from pot
*** SUMMARY ***
Total pot $8.35 | Rake $0.40 
Board [8c 4h 6h Td Jd]
Seat 1: Jayraffer321 folded before Flop (didn't bet)
Seat 2: howlkal folded before Flop (didn't bet)
Seat 3: mhw080669 showed [9d 9s] and won ($7.95) with a pair of Nines
Seat 4: KIDNIC folded before Flop (didn't bet)
Seat 6: bleuvie folded before Flop (didn't bet)
Seat 7: TAG_it_BAMA (button) mucked [Kc Qh]
Seat 8: SpielerABC (small blind) folded before Flop
Seat 9: Alameda22 (big blind) folded before Flop



PokerStars Game #19903205537:  Hold'em No Limit ($0.10/$0.25) - 2008/08/25 - 23:29:41 (ET)
Table 'Lucretia II' 9-max Seat #8 is the button
Seat 1: Jayraffer321 ($33.70 in chips) 
Seat 2: howlkal ($22.45 in chips) 
Seat 3: mhw080669 ($28.25 in chips) 
Seat 4: KIDNIC ($13.60 in chips) 
Seat 6: bleuvie ($12.05 in chips) 
Seat 7: TAG_it_BAMA ($26.65 in chips) 
Seat 8: SpielerABC ($44.95 in chips) 
Seat 9: Alameda22 ($24.50 in chips) 
Alameda22: posts small blind $0.10
Jayraffer321: posts big blind $0.25
ThannTheOne: sits out 
*** HOLE CARDS ***
Dealt to Alameda22 [4c Jh]
howlkal: folds 
mhw080669: folds 
KIDNIC: folds 
bleuvie: calls $0.25
TAG_it_BAMA: folds 
SpielerABC: raises $0.75 to $1
Alameda22: folds 
Jayraffer321: folds 
bleuvie: folds 
Uncalled bet ($0.75) returned to SpielerABC
SpielerABC collected $0.85 from pot
SpielerABC: doesn't show hand 
*** SUMMARY ***
Total pot $0.85 | Rake $0 
Seat 1: Jayraffer321 (big blind) folded before Flop
Seat 2: howlkal folded before Flop (didn't bet)
Seat 3: mhw080669 folded before Flop (didn't bet)
Seat 4: KIDNIC folded before Flop (didn't bet)
Seat 6: bleuvie folded before Flop
Seat 7: TAG_it_BAMA folded before Flop (didn't bet)
Seat 8: SpielerABC (button) collected ($0.85)
Seat 9: Alameda22 (small blind) folded before Flop



PokerStars Game #19903219731:  Hold'em No Limit ($0.10/$0.25) - 2008/08/25 - 23:30:24 (ET)
Table 'Lucretia II' 9-max Seat #9 is the button
Seat 1: Jayraffer321 ($33.45 in chips) 
Seat 2: howlkal ($22.45 in chips) 
Seat 3: mhw080669 ($28.25 in chips) 
Seat 4: KIDNIC ($13.60 in chips) 
Seat 6: bleuvie ($11.80 in chips) 
Seat 7: TAG_it_BAMA ($26.65 in chips) 
Seat 8: SpielerABC ($45.55 in chips) 
Seat 9: Alameda22 ($24.40 in chips) 
Jayraffer321: posts small blind $0.10
howlkal: posts big blind $0.25
ThannTheOne: sits out 
*** HOLE CARDS ***
Dealt to Alameda22 [Qs 2s]
mhw080669: folds 
KIDNIC: folds 
bleuvie: raises $0.50 to $0.75
TAG_it_BAMA: folds 
SpielerABC: folds 
Alameda22: folds 
Jayraffer321: calls $0.65
howlkal: calls $0.50
*** FLOP *** [2c Jh 7d]
Jayraffer321: checks 
howlkal: checks 
bleuvie: checks 
*** TURN *** [2c Jh 7d] [Ts]
Jayraffer321: checks 
howlkal: checks 
bleuvie: bets $1.25
Jayraffer321: folds 
howlkal: calls $1.25
*** RIVER *** [2c Jh 7d Ts] [5d]
howlkal: checks 
bleuvie: bets $4
howlkal: folds 
Uncalled bet ($4) returned to bleuvie
bleuvie collected $4.55 from pot
*** SUMMARY ***
Total pot $4.75 | Rake $0.20 
Board [2c Jh 7d Ts 5d]
Seat 1: Jayraffer321 (small blind) folded on the Turn
Seat 2: howlkal (big blind) folded on the River
Seat 3: mhw080669 folded before Flop (didn't bet)
Seat 4: KIDNIC folded before Flop (didn't bet)
Seat 6: bleuvie collected ($4.55)
Seat 7: TAG_it_BAMA folded before Flop (didn't bet)
Seat 8: SpielerABC folded before Flop (didn't bet)
Seat 9: Alameda22 (button) folded before Flop (didn't bet)



PokerStars Game #19903244177:  Hold'em No Limit ($0.10/$0.25) - 2008/08/25 - 23:31:35 (ET)
Table 'Lucretia II' 9-max Seat #1 is the button
Seat 1: Jayraffer321 ($32.70 in chips) 
Seat 2: howlkal ($20.45 in chips) 
Seat 3: mhw080669 ($28.25 in chips) 
Seat 4: KIDNIC ($13.60 in chips) 
Seat 6: bleuvie ($14.35 in chips) 
Seat 7: TAG_it_BAMA ($26.65 in chips) 
Seat 8: SpielerABC ($45.55 in chips) 
Seat 9: Alameda22 ($24.40 in chips) 
howlkal: posts small blind $0.10
mhw080669: posts big blind $0.25
ThannTheOne: sits out 
*** HOLE CARDS ***
Dealt to Alameda22 [4s 2s]
KIDNIC: calls $0.25
bleuvie: folds 
TAG_it_BAMA: folds 
SpielerABC: calls $0.25
Alameda22: folds 
Jayraffer321: folds 
howlkal: folds 
mhw080669: checks 
*** FLOP *** [9h Ad 7h]
mhw080669: checks 
KIDNIC: bets $0.75
SpielerABC: folds 
mhw080669: folds 
Uncalled bet ($0.75) returned to KIDNIC
KIDNIC collected $0.85 from pot
*** SUMMARY ***
Total pot $0.85 | Rake $0 
Board [9h Ad 7h]
Seat 1: Jayraffer321 (button) folded before Flop (didn't bet)
Seat 2: howlkal (small blind) folded before Flop
Seat 3: mhw080669 (big blind) folded on the Flop
Seat 4: KIDNIC collected ($0.85)
Seat 6: bleuvie folded before Flop (didn't bet)
Seat 7: TAG_it_BAMA folded before Flop (didn't bet)
Seat 8: SpielerABC folded on the Flop
Seat 9: Alameda22 folded before Flop (didn't bet)



PokerStars Game #19903266211:  Hold'em No Limit ($0.10/$0.25) - 2008/08/25 - 23:32:41 (ET)
Table 'Lucretia II' 9-max Seat #2 is the button
Seat 1: Jayraffer321 ($32.70 in chips) 
Seat 2: howlkal ($20.35 in chips) 
Seat 3: mhw080669 ($28 in chips) 
Seat 4: KIDNIC ($14.20 in chips) 
Seat 6: bleuvie ($14.35 in chips) 
Seat 7: TAG_it_BAMA ($26.65 in chips) 
Seat 8: SpielerABC ($45.30 in chips) 
Seat 9: Alameda22 ($24.40 in chips) 
mhw080669: posts small blind $0.10
KIDNIC: posts big blind $0.25
ThannTheOne: sits out 
*** HOLE CARDS ***
Dealt to Alameda22 [8c 9h]
bleuvie: folds 
TAG_it_BAMA: folds 
SpielerABC: folds 
Alameda22: folds 
Jayraffer321: raises $0.25 to $0.50
howlkal: folds 
mhw080669: folds 
KIDNIC: folds 
Uncalled bet ($0.25) returned to Jayraffer321
Jayraffer321 collected $0.60 from pot
Jayraffer321: doesn't show hand 
*** SUMMARY ***
Total pot $0.60 | Rake $0 
Seat 1: Jayraffer321 collected ($0.60)
Seat 2: howlkal (button) folded before Flop (didn't bet)
Seat 3: mhw080669 (small blind) folded before Flop
Seat 4: KIDNIC (big blind) folded before Flop
Seat 6: bleuvie folded before Flop (didn't bet)
Seat 7: TAG_it_BAMA folded before Flop (didn't bet)
Seat 8: SpielerABC folded before Flop (didn't bet)
Seat 9: Alameda22 folded before Flop (didn't bet)



PokerStars Game #19903282850:  Hold'em No Limit ($0.10/$0.25) - 2008/08/25 - 23:33:29 (ET)
Table 'Lucretia II' 9-max Seat #3 is the button
Seat 1: Jayraffer321 ($33.05 in chips) 
Seat 2: howlkal ($20.35 in chips) 
Seat 3: mhw080669 ($27.90 in chips) 
Seat 4: KIDNIC ($13.95 in chips) 
Seat 5: ThannTheOne ($5 in chips) 
Seat 6: bleuvie ($14.35 in chips) 
Seat 7: TAG_it_BAMA ($26.65 in chips) 
Seat 8: SpielerABC ($45.30 in chips) 
Seat 9: Alameda22 ($24.40 in chips) 
KIDNIC: posts small blind $0.10
ThannTheOne: posts big blind $0.25
*** HOLE CARDS ***
Dealt to Alameda22 [6d Th]
bleuvie: folds 
TAG_it_BAMA: raises $0.25 to $0.50
SpielerABC: folds 
Alameda22: folds 
Jayraffer321: folds 
howlkal: folds 
mhw080669: folds 
KIDNIC: folds 
ThannTheOne: raises $0.75 to $1.25
TAG_it_BAMA: calls $0.75
*** FLOP *** [7c 6s Jd]
ThannTheOne: bets $1.65
TAG_it_BAMA: raises $23.75 to $25.40 and is all-in
ThannTheOne: calls $2.10 and is all-in
Uncalled bet ($21.65) returned to TAG_it_BAMA
*** TURN *** [7c 6s Jd] [Qs]
*** RIVER *** [7c 6s Jd Qs] [2d]
*** SHOW DOWN ***
ThannTheOne: shows [Qd Kd] (a pair of Queens)
TAG_it_BAMA: mucks hand 
ThannTheOne collected $9.60 from pot
*** SUMMARY ***
Total pot $10.10 | Rake $0.50 
Board [7c 6s Jd Qs 2d]
Seat 1: Jayraffer321 folded before Flop (didn't bet)
Seat 2: howlkal folded before Flop (didn't bet)
Seat 3: mhw080669 (button) folded before Flop (didn't bet)
Seat 4: KIDNIC (small blind) folded before Flop
Seat 5: ThannTheOne (big blind) showed [Qd Kd] and won ($9.60) with a pair of Queens
Seat 6: bleuvie folded before Flop (didn't bet)
Seat 7: TAG_it_BAMA mucked [Jh Kh]
Seat 8: SpielerABC folded before Flop (didn't bet)
Seat 9: Alameda22 folded before Flop (didn't bet)



PokerStars Game #19903309663:  Hold'em No Limit ($0.10/$0.25) - 2008/08/25 - 23:34:49 (ET)
Table 'Lucretia II' 9-max Seat #4 is the button
Seat 1: Jayraffer321 ($33.05 in chips) 
Seat 2: howlkal ($20.35 in chips) 
Seat 3: mhw080669 ($27.90 in chips) 
Seat 4: KIDNIC ($13.85 in chips) 
Seat 5: ThannTheOne ($9.60 in chips) 
Seat 6: bleuvie ($14.35 in chips) 
Seat 7: TAG_it_BAMA ($21.65 in chips) 
Seat 8: SpielerABC ($45.30 in chips) 
Seat 9: Alameda22 ($24.40 in chips) 
ThannTheOne: posts small blind $0.10
bleuvie: posts big blind $0.25
*** HOLE CARDS ***
Dealt to Alameda22 [4d Jc]
TAG_it_BAMA: folds 
SpielerABC: folds 
Alameda22: folds 
Jayraffer321: calls $0.25
howlkal: folds 
mhw080669: folds 
KIDNIC: folds 
ThannTheOne: folds 
bleuvie: checks 
*** FLOP *** [8h 9h Qs]
bleuvie: checks 
Jayraffer321: checks 
*** TURN *** [8h 9h Qs] [Ks]
bleuvie: bets $0.50
Jayraffer321: calls $0.50
*** RIVER *** [8h 9h Qs Ks] [5s]
bleuvie: bets $1
Jayraffer321: raises $2.25 to $3.25
bleuvie: folds 
Uncalled bet ($2.25) returned to Jayraffer321
Jayraffer321 collected $3.45 from pot
Jayraffer321: doesn't show hand 
*** SUMMARY ***
Total pot $3.60 | Rake $0.15 
Board [8h 9h Qs Ks 5s]
Seat 1: Jayraffer321 collected ($3.45)
Seat 2: howlkal folded before Flop (didn't bet)
Seat 3: mhw080669 folded before Flop (didn't bet)
Seat 4: KIDNIC (button) folded before Flop (didn't bet)
Seat 5: ThannTheOne (small blind) folded before Flop
Seat 6: bleuvie (big blind) folded on the River
Seat 7: TAG_it_BAMA folded before Flop (didn't bet)
Seat 8: SpielerABC folded before Flop (didn't bet)
Seat 9: Alameda22 folded before Flop (didn't bet)



PokerStars Game #19903338609:  Hold'em No Limit ($0.10/$0.25) - 2008/08/25 - 23:36:15 (ET)
Table 'Lucretia II' 9-max Seat #5 is the button
Seat 1: Jayraffer321 ($34.75 in chips) 
Seat 2: howlkal ($20.35 in chips) 
Seat 3: mhw080669 ($27.90 in chips) 
Seat 4: KIDNIC ($13.85 in chips) 
Seat 5: ThannTheOne ($9.50 in chips) 
Seat 6: bleuvie ($12.60 in chips) 
Seat 7: TAG_it_BAMA ($21.65 in chips) 
Seat 8: SpielerABC ($45.30 in chips) 
Seat 9: Alameda22 ($24.40 in chips) 
bleuvie: posts small blind $0.10
TAG_it_BAMA: posts big blind $0.25
*** HOLE CARDS ***
Dealt to Alameda22 [Ad 9h]
SpielerABC: folds 
Alameda22: folds 
Jayraffer321: folds 
howlkal: folds 
mhw080669: folds 
KIDNIC: folds 
ThannTheOne: folds 
bleuvie: calls $0.15
TAG_it_BAMA: checks 
*** FLOP *** [Jc 7h 4h]
bleuvie: checks 
TAG_it_BAMA: checks 
*** TURN *** [Jc 7h 4h] [9d]
bleuvie: bets $0.50
TAG_it_BAMA: folds 
Uncalled bet ($0.50) returned to bleuvie
bleuvie collected $0.50 from pot
*** SUMMARY ***
Total pot $0.50 | Rake $0 
Board [Jc 7h 4h 9d]
Seat 1: Jayraffer321 folded before Flop (didn't bet)
Seat 2: howlkal folded before Flop (didn't bet)
Seat 3: mhw080669 folded before Flop (didn't bet)
Seat 4: KIDNIC folded before Flop (didn't bet)
Seat 5: ThannTheOne (button) folded before Flop (didn't bet)
Seat 6: bleuvie (small blind) collected ($0.50)
Seat 7: TAG_it_BAMA (big blind) folded on the Turn
Seat 8: SpielerABC folded before Flop (didn't bet)
Seat 9: Alameda22 folded before Flop (didn't bet)



PokerStars Game #19903350636:  Hold'em No Limit ($0.10/$0.25) - 2008/08/25 - 23:36:52 (ET)
Table 'Lucretia II' 9-max Seat #6 is the button
Seat 1: Jayraffer321 ($34.75 in chips) 
Seat 2: howlkal ($20.35 in chips) 
Seat 3: mhw080669 ($27.90 in chips) 
Seat 4: KIDNIC ($13.85 in chips) 
Seat 5: ThannTheOne ($9.50 in chips) 
Seat 6: bleuvie ($12.85 in chips) 
Seat 7: TAG_it_BAMA ($21.40 in chips) 
Seat 8: SpielerABC ($45.30 in chips) 
Seat 9: Alameda22 ($24.40 in chips) 
TAG_it_BAMA: posts small blind $0.10
SpielerABC: posts big blind $0.25
*** HOLE CARDS ***
Dealt to Alameda22 [6c 4h]
Alameda22: folds 
Jayraffer321: folds 
howlkal: folds 
mhw080669: folds 
KIDNIC: folds 
ThannTheOne: folds 
bleuvie: raises $0.50 to $0.75
TAG_it_BAMA: folds 
SpielerABC: folds 
Uncalled bet ($0.50) returned to bleuvie
bleuvie collected $0.60 from pot
*** SUMMARY ***
Total pot $0.60 | Rake $0 
Seat 1: Jayraffer321 folded before Flop (didn't bet)
Seat 2: howlkal folded before Flop (didn't bet)
Seat 3: mhw080669 folded before Flop (didn't bet)
Seat 4: KIDNIC folded before Flop (didn't bet)
Seat 5: ThannTheOne folded before Flop (didn't bet)
Seat 6: bleuvie (button) collected ($0.60)
Seat 7: TAG_it_BAMA (small blind) folded before Flop
Seat 8: SpielerABC (big blind) folded before Flop
Seat 9: Alameda22 folded before Flop (didn't bet)



PokerStars Game #19903371857:  Hold'em No Limit ($0.10/$0.25) - 2008/08/25 - 23:37:56 (ET)
Table 'Lucretia II' 9-max Seat #7 is the button
Seat 1: Jayraffer321 ($34.75 in chips) 
Seat 2: howlkal ($20.35 in chips) 
Seat 3: mhw080669 ($27.90 in chips) 
Seat 4: KIDNIC ($13.85 in chips) 
Seat 5: ThannTheOne ($9.50 in chips) 
Seat 6: bleuvie ($13.20 in chips) 
Seat 7: TAG_it_BAMA ($21.30 in chips) 
Seat 8: SpielerABC ($45.05 in chips) 
Seat 9: Alameda22 ($24.40 in chips) 
SpielerABC: posts small blind $0.10
Alameda22: posts big blind $0.25
*** HOLE CARDS ***
Dealt to Alameda22 [2s 7s]
Jayraffer321: calls $0.25
howlkal: calls $0.25
mhw080669: folds 
KIDNIC: folds 
ThannTheOne: raises $1.25 to $1.50
bleuvie is disconnected 
bleuvie has timed out while disconnected
bleuvie: folds 
bleuvie is sitting out
TAG_it_BAMA: folds 
SpielerABC: folds 
Alameda22: folds 
Jayraffer321: folds 
howlkal: folds 
Uncalled bet ($1.25) returned to ThannTheOne
ThannTheOne collected $1.10 from pot
ThannTheOne: doesn't show hand 
*** SUMMARY ***
Total pot $1.10 | Rake $0 
Seat 1: Jayraffer321 folded before Flop
Seat 2: howlkal folded before Flop
Seat 3: mhw080669 folded before Flop (didn't bet)
Seat 4: KIDNIC folded before Flop (didn't bet)
Seat 5: ThannTheOne collected ($1.10)
Seat 6: bleuvie folded before Flop (didn't bet)
Seat 7: TAG_it_BAMA (button) folded before Flop (didn't bet)
Seat 8: SpielerABC (small blind) folded before Flop
Seat 9: Alameda22 (big blind) folded before Flop



PokerStars Game #19903403993:  Hold'em No Limit ($0.10/$0.25) - 2008/08/25 - 23:39:33 (ET)
Table 'Lucretia II' 9-max Seat #8 is the button
Seat 1: Jayraffer321 ($34.50 in chips) 
Seat 2: howlkal ($20.10 in chips) 
Seat 3: mhw080669 ($27.90 in chips) 
Seat 4: KIDNIC ($13.85 in chips) 
Seat 5: ThannTheOne ($10.35 in chips) 
Seat 7: TAG_it_BAMA ($21.30 in chips) 
Seat 8: SpielerABC ($44.95 in chips) 
Seat 9: Alameda22 ($24.15 in chips) 
Alameda22: posts small blind $0.10
Jayraffer321: posts big blind $0.25
*** HOLE CARDS ***
Dealt to Alameda22 [Ac 9h]
howlkal: folds 
mhw080669: folds 
KIDNIC: calls $0.25
ThannTheOne: folds 
TAG_it_BAMA: folds 
SpielerABC: folds 
Alameda22: folds 
Jayraffer321: checks 
*** FLOP *** [6d 3s Ts]
Jayraffer321: checks 
KIDNIC: checks 
*** TURN *** [6d 3s Ts] [2s]
Jayraffer321: bets $0.25
KIDNIC: calls $0.25
*** RIVER *** [6d 3s Ts 2s] [5c]
Jayraffer321: bets $0.75
KIDNIC: folds 
Uncalled bet ($0.75) returned to Jayraffer321
Jayraffer321 collected $1.05 from pot
Jayraffer321: doesn't show hand 
*** SUMMARY ***
Total pot $1.10 | Rake $0.05 
Board [6d 3s Ts 2s 5c]
Seat 1: Jayraffer321 (big blind) collected ($1.05)
Seat 2: howlkal folded before Flop (didn't bet)
Seat 3: mhw080669 folded before Flop (didn't bet)
Seat 4: KIDNIC folded on the River
Seat 5: ThannTheOne folded before Flop (didn't bet)
Seat 7: TAG_it_BAMA folded before Flop (didn't bet)
Seat 8: SpielerABC (button) folded before Flop (didn't bet)
Seat 9: Alameda22 (small blind) folded before Flop



PokerStars Game #19903425569:  Hold'em No Limit ($0.10/$0.25) - 2008/08/25 - 23:40:38 (ET)
Table 'Lucretia II' 9-max Seat #9 is the button
Seat 1: Jayraffer321 ($35.05 in chips) 
Seat 2: howlkal ($20.10 in chips) 
Seat 3: mhw080669 ($27.90 in chips) 
Seat 4: KIDNIC ($13.35 in chips) 
Seat 5: ThannTheOne ($10.35 in chips) 
Seat 7: TAG_it_BAMA ($21.30 in chips) 
Seat 8: SpielerABC ($44.95 in chips) 
Seat 9: Alameda22 ($24.05 in chips) 
Jayraffer321: posts small blind $0.10
howlkal: posts big blind $0.25
*** HOLE CARDS ***
Dealt to Alameda22 [Kd 2h]
mhw080669: folds 
KIDNIC: raises $0.50 to $0.75
ThannTheOne: folds 
TAG_it_BAMA: folds 
SpielerABC: calls $0.75
Alameda22: folds 
Jayraffer321: folds 
howlkal: folds 
*** FLOP *** [Th 3s Qs]
KIDNIC: bets $0.75
SpielerABC: calls $0.75
*** TURN *** [Th 3s Qs] [Kc]
KIDNIC: checks 
SpielerABC: checks 
*** RIVER *** [Th 3s Qs Kc] [Jh]
KIDNIC: checks 
SpielerABC: bets $1.75
KIDNIC: calls $1.75
*** SHOW DOWN ***
SpielerABC: shows [Qh Ah] (a straight, Ten to Ace)
KIDNIC: mucks hand 
SpielerABC collected $6.55 from pot
*** SUMMARY ***
Total pot $6.85 | Rake $0.30 
Board [Th 3s Qs Kc Jh]
Seat 1: Jayraffer321 (small blind) folded before Flop
Seat 2: howlkal (big blind) folded before Flop
Seat 3: mhw080669 folded before Flop (didn't bet)
Seat 4: KIDNIC mucked [9d 9h]
Seat 5: ThannTheOne folded before Flop (didn't bet)
Seat 7: TAG_it_BAMA folded before Flop (didn't bet)
Seat 8: SpielerABC showed [Qh Ah] and won ($6.55) with a straight, Ten to Ace
Seat 9: Alameda22 (button) folded before Flop (didn't bet)



PokerStars Game #19903461034:  Hold'em No Limit ($0.10/$0.25) - 2008/08/25 - 23:42:26 (ET)
Table 'Lucretia II' 9-max Seat #1 is the button
Seat 1: Jayraffer321 ($34.95 in chips) 
Seat 2: howlkal ($19.85 in chips) 
Seat 3: mhw080669 ($27.90 in chips) 
Seat 4: KIDNIC ($10.10 in chips) 
Seat 5: ThannTheOne ($10.35 in chips) 
Seat 7: TAG_it_BAMA ($21.30 in chips) 
Seat 8: SpielerABC ($48.25 in chips) 
Seat 9: Alameda22 ($24.05 in chips) 
howlkal: posts small blind $0.10
mhw080669: posts big blind $0.25
*** HOLE CARDS ***
Dealt to Alameda22 [Js 2s]
KIDNIC: calls $0.25
ThannTheOne: folds 
TAG_it_BAMA: calls $0.25
SpielerABC: calls $0.25
Alameda22: folds 
Jayraffer321: raises $0.25 to $0.50
howlkal: folds 
mhw080669: calls $0.25
KIDNIC: calls $0.25
TAG_it_BAMA: calls $0.25
SpielerABC: calls $0.25
*** FLOP *** [Ks 2h 2c]
mhw080669: checks 
KIDNIC: checks 
TAG_it_BAMA: checks 
SpielerABC: checks 
Jayraffer321: checks 
*** TURN *** [Ks 2h 2c] [As]
mhw080669: checks 
KIDNIC: checks 
TAG_it_BAMA: checks 
SpielerABC: checks 
Jayraffer321: checks 
*** RIVER *** [Ks 2h 2c As] [Th]
mhw080669: checks 
KIDNIC: checks 
TAG_it_BAMA: bets $1
SpielerABC: folds 
Jayraffer321: folds 
mhw080669: folds 
KIDNIC: folds 
Uncalled bet ($1) returned to TAG_it_BAMA
TAG_it_BAMA collected $2.50 from pot
*** SUMMARY ***
Total pot $2.60 | Rake $0.10 
Board [Ks 2h 2c As Th]
Seat 1: Jayraffer321 (button) folded on the River
Seat 2: howlkal (small blind) folded before Flop
Seat 3: mhw080669 (big blind) folded on the River
Seat 4: KIDNIC folded on the River
Seat 5: ThannTheOne folded before Flop (didn't bet)
Seat 7: TAG_it_BAMA collected ($2.50)
Seat 8: SpielerABC folded on the River
Seat 9: Alameda22 folded before Flop (didn't bet)



PokerStars Game #19903498849:  Hold'em No Limit ($0.10/$0.25) - 2008/08/25 - 23:44:21 (ET)
Table 'Lucretia II' 9-max Seat #2 is the button
Seat 1: Jayraffer321 ($34.45 in chips) 
Seat 2: howlkal ($19.75 in chips) 
Seat 3: mhw080669 ($27.40 in chips) 
Seat 4: KIDNIC ($9.60 in chips) 
Seat 5: ThannTheOne ($10.35 in chips) 
Seat 7: TAG_it_BAMA ($23.30 in chips) 
Seat 8: SpielerABC ($47.75 in chips) 
Seat 9: Alameda22 ($24.05 in chips) 
mhw080669: posts small blind $0.10
KIDNIC: posts big blind $0.25
*** HOLE CARDS ***
Dealt to Alameda22 [7c 8h]
ThannTheOne: folds 
TAG_it_BAMA: folds 
SpielerABC: raises $0.50 to $0.75
Alameda22: folds 
Jayraffer321: folds 
howlkal: folds 
mhw080669: folds 
KIDNIC: folds 
Uncalled bet ($0.50) returned to SpielerABC
SpielerABC collected $0.60 from pot
SpielerABC: doesn't show hand 
*** SUMMARY ***
Total pot $0.60 | Rake $0 
Seat 1: Jayraffer321 folded before Flop (didn't bet)
Seat 2: howlkal (button) folded before Flop (didn't bet)
Seat 3: mhw080669 (small blind) folded before Flop
Seat 4: KIDNIC (big blind) folded before Flop
Seat 5: ThannTheOne folded before Flop (didn't bet)
Seat 7: TAG_it_BAMA folded before Flop (didn't bet)
Seat 8: SpielerABC collected ($0.60)
Seat 9: Alameda22 folded before Flop (didn't bet)



PokerStars Game #19903511400:  Hold'em No Limit ($0.10/$0.25) - 2008/08/25 - 23:45:00 (ET)
Table 'Lucretia II' 9-max Seat #3 is the button
Seat 1: Jayraffer321 ($34.45 in chips) 
Seat 2: howlkal ($19.75 in chips) 
Seat 3: mhw080669 ($27.30 in chips) 
Seat 4: KIDNIC ($9.35 in chips) 
Seat 7: TAG_it_BAMA ($23.30 in chips) 
Seat 8: SpielerABC ($48.10 in chips) 
Seat 9: Alameda22 ($24.05 in chips) 
KIDNIC: posts small blind $0.10
ThannTheOne: is sitting out 
ThannTheOne leaves the table
TAG_it_BAMA: posts big blind $0.25
*** HOLE CARDS ***
Dealt to Alameda22 [Kc 4d]
SpielerABC: calls $0.25
Alameda22: folds 
Jayraffer321: folds 
howlkal: folds 
mhw080669: folds 
KIDNIC: folds 
TAG_it_BAMA: checks 
*** FLOP *** [As Kh Ks]
TAG_it_BAMA: checks 
SpielerABC: checks 
*** TURN *** [As Kh Ks] [8c]
TAG_it_BAMA: bets $0.50
SpielerABC: calls $0.50
*** RIVER *** [As Kh Ks 8c] [3h]
TAG_it_BAMA: bets $1.75
SpielerABC: calls $1.75
*** SHOW DOWN ***
TAG_it_BAMA: shows [7d Kd] (three of a kind, Kings)
SpielerABC: mucks hand 
TAG_it_BAMA collected $4.85 from pot
*** SUMMARY ***
Total pot $5.10 | Rake $0.25 
Board [As Kh Ks 8c 3h]
Seat 1: Jayraffer321 folded before Flop (didn't bet)
Seat 2: howlkal folded before Flop (didn't bet)
Seat 3: mhw080669 (button) folded before Flop (didn't bet)
Seat 4: KIDNIC (small blind) folded before Flop
Seat 7: TAG_it_BAMA (big blind) showed [7d Kd] and won ($4.85) with three of a kind, Kings
Seat 8: SpielerABC mucked [Ac Jd]
Seat 9: Alameda22 folded before Flop (didn't bet)



PokerStars Game #19903537039:  Hold'em No Limit ($0.10/$0.25) - 2008/08/25 - 23:46:19 (ET)
Table 'Lucretia II' 9-max Seat #4 is the button
Seat 1: Jayraffer321 ($34.45 in chips) 
Seat 2: howlkal ($19.75 in chips) 
Seat 3: mhw080669 ($27.30 in chips) 
Seat 4: KIDNIC ($9.25 in chips) 
Seat 7: TAG_it_BAMA ($25.65 in chips) 
Seat 8: SpielerABC ($45.60 in chips) 
Seat 9: Alameda22 ($24.05 in chips) 
TAG_it_BAMA: posts small blind $0.10
SpielerABC: posts big blind $0.25
*** HOLE CARDS ***
Dealt to Alameda22 [8h 9d]
Alameda22: folds 
Jayraffer321: folds 
howlkal: folds 
mhw080669: folds 
KIDNIC: calls $0.25
TAG_it_BAMA: raises $1 to $1.25
SpielerABC: calls $1
KIDNIC: folds 
*** FLOP *** [3d 6d 7c]
TAG_it_BAMA: bets $3.50
SpielerABC: folds 
Uncalled bet ($3.50) returned to TAG_it_BAMA
TAG_it_BAMA collected $2.65 from pot
TAG_it_BAMA: shows [Qd Qh] (a pair of Queens)
*** SUMMARY ***
Total pot $2.75 | Rake $0.10 
Board [3d 6d 7c]
Seat 1: Jayraffer321 folded before Flop (didn't bet)
Seat 2: howlkal folded before Flop (didn't bet)
Seat 3: mhw080669 folded before Flop (didn't bet)
Seat 4: KIDNIC (button) folded before Flop
Seat 7: TAG_it_BAMA (small blind) collected ($2.65)
Seat 8: SpielerABC (big blind) folded on the Flop
Seat 9: Alameda22 folded before Flop (didn't bet)



PokerStars Game #19903563942:  Hold'em No Limit ($0.10/$0.25) - 2008/08/25 - 23:47:42 (ET)
Table 'Lucretia II' 9-max Seat #7 is the button
Seat 1: Jayraffer321 ($34.45 in chips) 
Seat 2: howlkal ($19.75 in chips) 
Seat 3: mhw080669 ($27.30 in chips) 
Seat 4: KIDNIC ($9 in chips) 
Seat 7: TAG_it_BAMA ($27.05 in chips) 
Seat 8: SpielerABC ($44.35 in chips) 
Seat 9: Alameda22 ($24.05 in chips) 
SpielerABC: posts small blind $0.10
Alameda22: posts big blind $0.25
*** HOLE CARDS ***
Dealt to Alameda22 [2h 6h]
Jayraffer321: folds 
howlkal: folds 
mhw080669: folds 
KIDNIC: folds 
TAG_it_BAMA: folds 
SpielerABC: folds 
Uncalled bet ($0.15) returned to Alameda22
Alameda22 collected $0.20 from pot
Alameda22: doesn't show hand 
*** SUMMARY ***
Total pot $0.20 | Rake $0 
Seat 1: Jayraffer321 folded before Flop (didn't bet)
Seat 2: howlkal folded before Flop (didn't bet)
Seat 3: mhw080669 folded before Flop (didn't bet)
Seat 4: KIDNIC folded before Flop (didn't bet)
Seat 7: TAG_it_BAMA (button) folded before Flop (didn't bet)
Seat 8: SpielerABC (small blind) folded before Flop
Seat 9: Alameda22 (big blind) collected ($0.20)



PokerStars Game #19903571875:  Hold'em No Limit ($0.10/$0.25) - 2008/08/25 - 23:48:06 (ET)
Table 'Lucretia II' 9-max Seat #8 is the button
Seat 1: Jayraffer321 ($34.45 in chips) 
Seat 2: howlkal ($19.75 in chips) 
Seat 3: mhw080669 ($27.30 in chips) 
Seat 4: KIDNIC ($9 in chips) 
Seat 7: TAG_it_BAMA ($27.05 in chips) 
Seat 8: SpielerABC ($44.25 in chips) 
Seat 9: Alameda22 ($24.15 in chips) 
Alameda22: posts small blind $0.10
Jayraffer321: posts big blind $0.25
*** HOLE CARDS ***
Dealt to Alameda22 [Kd 5s]
howlkal: folds 
mhw080669: folds 
KIDNIC: folds 
TAG_it_BAMA: folds 
SpielerABC: raises $0.50 to $0.75
Alameda22: folds 
Jayraffer321: calls $0.50
*** FLOP *** [3s 4s 6c]
Jayraffer321: checks 
bleuvie was removed from the table for failing to post
SpielerABC: bets $0.75
Jayraffer321: folds 
Uncalled bet ($0.75) returned to SpielerABC
SpielerABC collected $1.55 from pot
SpielerABC: doesn't show hand 
*** SUMMARY ***
Total pot $1.60 | Rake $0.05 
Board [3s 4s 6c]
Seat 1: Jayraffer321 (big blind) folded on the Flop
Seat 2: howlkal folded before Flop (didn't bet)
Seat 3: mhw080669 folded before Flop (didn't bet)
Seat 4: KIDNIC folded before Flop (didn't bet)
Seat 7: TAG_it_BAMA folded before Flop (didn't bet)
Seat 8: SpielerABC (button) collected ($1.55)
Seat 9: Alameda22 (small blind) folded before Flop



PokerStars Game #19903598275:  Hold'em No Limit ($0.10/$0.25) - 2008/08/25 - 23:49:29 (ET)
Table 'Lucretia II' 9-max Seat #9 is the button
Seat 1: Jayraffer321 ($33.70 in chips) 
Seat 2: howlkal ($19.75 in chips) 
Seat 3: mhw080669 ($27.30 in chips) 
Seat 4: KIDNIC ($9 in chips) 
Seat 7: TAG_it_BAMA ($27.05 in chips) 
Seat 8: SpielerABC ($45.05 in chips) 
Seat 9: Alameda22 ($24.05 in chips) 
Jayraffer321: posts small blind $0.10
howlkal: posts big blind $0.25
*** HOLE CARDS ***
Dealt to Alameda22 [8c 9d]
Dankgrundle joins the table at seat #5 
mhw080669: folds 
KIDNIC: folds 
TAG_it_BAMA: folds 
SpielerABC: folds 
LakeElly joins the table at seat #6 
Alameda22: folds 
Jayraffer321: calls $0.15
howlkal: raises $0.25 to $0.50
Jayraffer321: calls $0.25
*** FLOP *** [2d 7c Th]
Jayraffer321: checks 
howlkal: bets $0.50
Jayraffer321: calls $0.50
*** TURN *** [2d 7c Th] [Td]
Jayraffer321: checks 
howlkal: bets $0.75
Jayraffer321: folds 
Uncalled bet ($0.75) returned to howlkal
howlkal collected $1.95 from pot
*** SUMMARY ***
Total pot $2 | Rake $0.05 
Board [2d 7c Th Td]
Seat 1: Jayraffer321 (small blind) folded on the Turn
Seat 2: howlkal (big blind) collected ($1.95)
Seat 3: mhw080669 folded before Flop (didn't bet)
Seat 4: KIDNIC folded before Flop (didn't bet)
Seat 7: TAG_it_BAMA folded before Flop (didn't bet)
Seat 8: SpielerABC folded before Flop (didn't bet)
Seat 9: Alameda22 (button) folded before Flop (didn't bet)



PokerStars Game #19903617795:  Hold'em No Limit ($0.10/$0.25) - 2008/08/25 - 23:50:30 (ET)
Table 'Lucretia II' 9-max Seat #1 is the button
Seat 1: Jayraffer321 ($32.70 in chips) 
Seat 2: howlkal ($20.70 in chips) 
Seat 3: mhw080669 ($27.30 in chips) 
Seat 4: KIDNIC ($9 in chips) 
Seat 6: LakeElly ($10.20 in chips) 
Seat 7: TAG_it_BAMA ($27.05 in chips) 
Seat 8: SpielerABC ($45.05 in chips) 
Seat 9: Alameda22 ($24.05 in chips) 
howlkal: posts small blind $0.10
mhw080669: posts big blind $0.25
Dankgrundle: sits out 
LakeElly: posts big blind $0.25
*** HOLE CARDS ***
Dealt to Alameda22 [5h 5d]
KIDNIC: folds 
LakeElly: checks 
TAG_it_BAMA: folds 
SpielerABC: folds 
Alameda22: calls $0.25
Jayraffer321: calls $0.25
howlkal: folds 
mhw080669: checks 
*** FLOP *** [9h Kh Js]
mhw080669: checks 
LakeElly: bets $0.50
Alameda22: folds 
Jayraffer321: calls $0.50
mhw080669: folds 
*** TURN *** [9h Kh Js] [3s]
LakeElly: bets $1.50
Jayraffer321: calls $1.50
*** RIVER *** [9h Kh Js 3s] [7d]
LakeElly: bets $1.25
Jayraffer321: folds 
Uncalled bet ($1.25) returned to LakeElly
LakeElly collected $4.85 from pot
LakeElly: doesn't show hand 
*** SUMMARY ***
Total pot $5.10 | Rake $0.25 
Board [9h Kh Js 3s 7d]
Seat 1: Jayraffer321 (button) folded on the River
Seat 2: howlkal (small blind) folded before Flop
Seat 3: mhw080669 (big blind) folded on the Flop
Seat 4: KIDNIC folded before Flop (didn't bet)
Seat 6: LakeElly collected ($4.85)
Seat 7: TAG_it_BAMA folded before Flop (didn't bet)
Seat 8: SpielerABC folded before Flop (didn't bet)
Seat 9: Alameda22 folded on the Flop



PokerStars Game #19903653464:  Hold'em No Limit ($0.10/$0.25) - 2008/08/25 - 23:52:22 (ET)
Table 'Lucretia II' 9-max Seat #2 is the button
Seat 1: Jayraffer321 ($30.45 in chips) 
Seat 2: howlkal ($20.60 in chips) 
Seat 3: mhw080669 ($27.05 in chips) 
Seat 4: KIDNIC ($9 in chips) 
Seat 6: LakeElly ($12.80 in chips) 
Seat 7: TAG_it_BAMA ($27.05 in chips) 
Seat 8: SpielerABC ($45.05 in chips) 
Seat 9: Alameda22 ($23.80 in chips) 
mhw080669: posts small blind $0.10
KIDNIC: posts big blind $0.25
Dankgrundle: sits out 
*** HOLE CARDS ***
Dealt to Alameda22 [8h Ah]
LakeElly: calls $0.25
TAG_it_BAMA: folds 
SpielerABC: calls $0.25
Alameda22: folds 
Jayraffer321: folds 
howlkal: folds 
mhw080669: folds 
KIDNIC: checks 
*** FLOP *** [3d 7d Td]
KIDNIC: checks 
LakeElly: checks 
SpielerABC: bets $0.50
KIDNIC: folds 
LakeElly: folds 
Uncalled bet ($0.50) returned to SpielerABC
SpielerABC collected $0.85 from pot
SpielerABC: doesn't show hand 
*** SUMMARY ***
Total pot $0.85 | Rake $0 
Board [3d 7d Td]
Seat 1: Jayraffer321 folded before Flop (didn't bet)
Seat 2: howlkal (button) folded before Flop (didn't bet)
Seat 3: mhw080669 (small blind) folded before Flop
Seat 4: KIDNIC (big blind) folded on the Flop
Seat 6: LakeElly folded on the Flop
Seat 7: TAG_it_BAMA folded before Flop (didn't bet)
Seat 8: SpielerABC collected ($0.85)
Seat 9: Alameda22 folded before Flop (didn't bet)



PokerStars Game #19903679457:  Hold'em No Limit ($0.10/$0.25) - 2008/08/25 - 23:53:45 (ET)
Table 'Lucretia II' 9-max Seat #3 is the button
Seat 1: Jayraffer321 ($30.45 in chips) 
Seat 2: howlkal ($20.60 in chips) 
Seat 3: mhw080669 ($26.95 in chips) 
Seat 4: KIDNIC ($8.75 in chips) 
Seat 5: Dankgrundle ($25 in chips) 
Seat 6: LakeElly ($12.55 in chips) 
Seat 7: TAG_it_BAMA ($27.05 in chips) 
Seat 8: SpielerABC ($45.65 in chips) 
Seat 9: Alameda22 ($23.80 in chips) 
KIDNIC: posts small blind $0.10
Dankgrundle: posts big blind $0.25
*** HOLE CARDS ***
Dealt to Alameda22 [7c 5h]
LakeElly: calls $0.25
TAG_it_BAMA: folds 
SpielerABC: folds 
Alameda22: folds 
Jayraffer321: folds 
howlkal: folds 
mhw080669: folds 
KIDNIC: calls $0.15
Dankgrundle: checks 
*** FLOP *** [2d Kc 2c]
KIDNIC: bets $0.50
Dankgrundle: folds 
LakeElly: folds 
Uncalled bet ($0.50) returned to KIDNIC
KIDNIC collected $0.75 from pot
*** SUMMARY ***
Total pot $0.75 | Rake $0 
Board [2d Kc 2c]
Seat 1: Jayraffer321 folded before Flop (didn't bet)
Seat 2: howlkal folded before Flop (didn't bet)
Seat 3: mhw080669 (button) folded before Flop (didn't bet)
Seat 4: KIDNIC (small blind) collected ($0.75)
Seat 5: Dankgrundle (big blind) folded on the Flop
Seat 6: LakeElly folded on the Flop
Seat 7: TAG_it_BAMA folded before Flop (didn't bet)
Seat 8: SpielerABC folded before Flop (didn't bet)
Seat 9: Alameda22 folded before Flop (didn't bet)



PokerStars Game #19903698319:  Hold'em No Limit ($0.10/$0.25) - 2008/08/25 - 23:54:44 (ET)
Table 'Lucretia II' 9-max Seat #4 is the button
Seat 1: Jayraffer321 ($30.45 in chips) 
Seat 2: howlkal ($20.60 in chips) 
Seat 3: mhw080669 ($26.95 in chips) 
Seat 4: KIDNIC ($9.25 in chips) 
Seat 5: Dankgrundle ($24.75 in chips) 
Seat 6: LakeElly ($12.30 in chips) 
Seat 7: TAG_it_BAMA ($27.05 in chips) 
Seat 8: SpielerABC ($45.65 in chips) 
Seat 9: Alameda22 ($23.80 in chips) 
Dankgrundle: posts small blind $0.10
LakeElly: posts big blind $0.25
*** HOLE CARDS ***
Dealt to Alameda22 [Ac Qs]
TAG_it_BAMA: folds 
SpielerABC: folds 
Alameda22: raises $0.50 to $0.75
Jayraffer321: calls $0.75
howlkal: folds 
mhw080669: folds 
KIDNIC: folds 
Dankgrundle: folds 
LakeElly: calls $0.50
*** FLOP *** [7c 4c 4d]
LakeElly: checks 
Alameda22: bets $1.50
Jayraffer321: folds 
LakeElly: calls $1.50
*** TURN *** [7c 4c 4d] [3s]
LakeElly: checks 
Alameda22: checks 
*** RIVER *** [7c 4c 4d 3s] [Js]
LakeElly: bets $2.25
Alameda22: folds 
Uncalled bet ($2.25) returned to LakeElly
LakeElly collected $5.10 from pot
LakeElly: doesn't show hand 
*** SUMMARY ***
Total pot $5.35 | Rake $0.25 
Board [7c 4c 4d 3s Js]
Seat 1: Jayraffer321 folded on the Flop
Seat 2: howlkal folded before Flop (didn't bet)
Seat 3: mhw080669 folded before Flop (didn't bet)
Seat 4: KIDNIC (button) folded before Flop (didn't bet)
Seat 5: Dankgrundle (small blind) folded before Flop
Seat 6: LakeElly (big blind) collected ($5.10)
Seat 7: TAG_it_BAMA folded before Flop (didn't bet)
Seat 8: SpielerABC folded before Flop (didn't bet)
Seat 9: Alameda22 folded on the River



PokerStars Game #19903729471:  Hold'em No Limit ($0.10/$0.25) - 2008/08/25 - 23:56:24 (ET)
Table 'Lucretia II' 9-max Seat #5 is the button
Seat 1: Jayraffer321 ($29.70 in chips) 
Seat 2: howlkal ($20.60 in chips) 
Seat 3: mhw080669 ($26.95 in chips) 
Seat 4: KIDNIC ($9.25 in chips) 
Seat 5: Dankgrundle ($24.65 in chips) 
Seat 6: LakeElly ($15.15 in chips) 
Seat 7: TAG_it_BAMA ($27.05 in chips) 
Seat 8: SpielerABC ($45.65 in chips) 
Seat 9: Alameda22 ($21.55 in chips) 
LakeElly: posts small blind $0.10
TAG_it_BAMA: posts big blind $0.25
*** HOLE CARDS ***
Dealt to Alameda22 [8s 4d]
SpielerABC: folds 
SpielerABC leaves the table
Alameda22: folds 
Jayraffer321: folds 
howlkal: folds 
mhw080669: folds 
KIDNIC: folds 
Dankgrundle: folds 
LakeElly: calls $0.15
KIGold joins the table at seat #8 
TAG_it_BAMA: checks 
*** FLOP *** [5h 8h 2d]
LakeElly: bets $0.50
TAG_it_BAMA: folds 
Uncalled bet ($0.50) returned to LakeElly
LakeElly collected $0.50 from pot
LakeElly: doesn't show hand 
*** SUMMARY ***
Total pot $0.50 | Rake $0 
Board [5h 8h 2d]
Seat 1: Jayraffer321 folded before Flop (didn't bet)
Seat 2: howlkal folded before Flop (didn't bet)
Seat 3: mhw080669 folded before Flop (didn't bet)
Seat 4: KIDNIC folded before Flop (didn't bet)
Seat 5: Dankgrundle (button) folded before Flop (didn't bet)
Seat 6: LakeElly (small blind) collected ($0.50)
Seat 7: TAG_it_BAMA (big blind) folded on the Flop
Seat 8: SpielerABC folded before Flop (didn't bet)
Seat 9: Alameda22 folded before Flop (didn't bet)



PokerStars Game #19903747166:  Hold'em No Limit ($0.10/$0.25) - 2008/08/25 - 23:57:21 (ET)
Table 'Lucretia II' 9-max Seat #6 is the button
Seat 1: Jayraffer321 ($29.70 in chips) 
Seat 2: howlkal ($20.60 in chips) 
Seat 3: mhw080669 ($26.95 in chips) 
Seat 4: KIDNIC ($9.25 in chips) 
Seat 5: Dankgrundle ($24.65 in chips) 
Seat 6: LakeElly ($15.40 in chips) 
Seat 7: TAG_it_BAMA ($26.80 in chips) 
Seat 8: KIGold ($25 in chips) 
Seat 9: Alameda22 ($21.55 in chips) 
TAG_it_BAMA: posts small blind $0.10
KIGold: posts big blind $0.25
*** HOLE CARDS ***
Dealt to Alameda22 [As Kh]
Alameda22: raises $0.50 to $0.75
Jayraffer321: folds 
howlkal: folds 
mhw080669: folds 
KIDNIC: folds 
Dankgrundle: folds 
LakeElly: calls $0.75
TAG_it_BAMA: folds 
KIGold: calls $0.50
*** FLOP *** [2c 3d Ad]
KIGold: checks 
Alameda22: bets $1.50
LakeElly: calls $1.50
KIGold: folds 
*** TURN *** [2c 3d Ad] [8h]
Alameda22: bets $3.25
LakeElly: calls $3.25
*** RIVER *** [2c 3d Ad 8h] [6s]
Alameda22: bets $7
LakeElly: folds 
Uncalled bet ($7) returned to Alameda22
Alameda22 collected $11.30 from pot
Alameda22: doesn't show hand 
*** SUMMARY ***
Total pot $11.85 | Rake $0.55 
Board [2c 3d Ad 8h 6s]
Seat 1: Jayraffer321 folded before Flop (didn't bet)
Seat 2: howlkal folded before Flop (didn't bet)
Seat 3: mhw080669 folded before Flop (didn't bet)
Seat 4: KIDNIC folded before Flop (didn't bet)
Seat 5: Dankgrundle folded before Flop (didn't bet)
Seat 6: LakeElly (button) folded on the River
Seat 7: TAG_it_BAMA (small blind) folded before Flop
Seat 8: KIGold (big blind) folded on the Flop
Seat 9: Alameda22 collected ($11.30)



PokerStars Game #19903784105:  Hold'em No Limit ($0.10/$0.25) - 2008/08/25 - 23:59:21 (ET)
Table 'Lucretia II' 9-max Seat #7 is the button
Seat 1: Jayraffer321 ($29.70 in chips) 
Seat 2: howlkal ($20.60 in chips) 
Seat 3: mhw080669 ($26.95 in chips) 
Seat 4: KIDNIC ($9.25 in chips) 
Seat 5: Dankgrundle ($24.65 in chips) 
Seat 6: LakeElly ($9.90 in chips) 
Seat 7: TAG_it_BAMA ($26.70 in chips) 
Seat 8: KIGold ($24.25 in chips) 
Seat 9: Alameda22 ($27.35 in chips) 
KIGold: posts small blind $0.10
Alameda22: posts big blind $0.25
*** HOLE CARDS ***
Dealt to Alameda22 [4d Kh]
Jayraffer321: folds 
howlkal: folds 
mhw080669: folds 
KIDNIC: folds 
Dankgrundle: raises $0.50 to $0.75
LakeElly: folds 
TAG_it_BAMA: folds 
KIGold: folds 
Alameda22: folds 
Uncalled bet ($0.50) returned to Dankgrundle
Dankgrundle collected $0.60 from pot
Dankgrundle: doesn't show hand 
*** SUMMARY ***
Total pot $0.60 | Rake $0 
Seat 1: Jayraffer321 folded before Flop (didn't bet)
Seat 2: howlkal folded before Flop (didn't bet)
Seat 3: mhw080669 folded before Flop (didn't bet)
Seat 4: KIDNIC folded before Flop (didn't bet)
Seat 5: Dankgrundle collected ($0.60)
Seat 6: LakeElly folded before Flop (didn't bet)
Seat 7: TAG_it_BAMA (button) folded before Flop (didn't bet)
Seat 8: KIGold (small blind) folded before Flop
Seat 9: Alameda22 (big blind) folded before Flop



PokerStars Game #19903794528:  Hold'em No Limit ($0.10/$0.25) - 2008/08/25 - 23:59:55 (ET)
Table 'Lucretia II' 9-max Seat #8 is the button
Seat 1: Jayraffer321 ($29.70 in chips) 
Seat 2: howlkal ($20.60 in chips) 
Seat 3: mhw080669 ($26.95 in chips) 
Seat 4: KIDNIC ($9.25 in chips) 
Seat 5: Dankgrundle ($25 in chips) 
Seat 6: LakeElly ($9.90 in chips) 
Seat 7: TAG_it_BAMA ($26.70 in chips) 
Seat 8: KIGold ($24.15 in chips) 
Seat 9: Alameda22 ($27.10 in chips) 
Alameda22: posts small blind $0.10
Jayraffer321: posts big blind $0.25
*** HOLE CARDS ***
Dealt to Alameda22 [Tc 3c]
howlkal: folds 
mhw080669: folds 
KIDNIC: folds 
Dankgrundle: folds 
LakeElly: folds 
LakeElly leaves the table
TAG_it_BAMA: folds 
KIGold: folds 
Alameda22: folds 
Uncalled bet ($0.15) returned to Jayraffer321
Jayraffer321 collected $0.20 from pot
Jayraffer321: doesn't show hand 
*** SUMMARY ***
Total pot $0.20 | Rake $0 
Seat 1: Jayraffer321 (big blind) collected ($0.20)
Seat 2: howlkal folded before Flop (didn't bet)
Seat 3: mhw080669 folded before Flop (didn't bet)
Seat 4: KIDNIC folded before Flop (didn't bet)
Seat 5: Dankgrundle folded before Flop (didn't bet)
Seat 6: LakeElly folded before Flop (didn't bet)
Seat 7: TAG_it_BAMA folded before Flop (didn't bet)
Seat 8: KIGold (button) folded before Flop (didn't bet)
Seat 9: Alameda22 (small blind) folded before Flop



