PokerStars Game #19903122878:  Hold'em No Limit ($0.10/$0.25) - 2008/08/25 - 23:25:35 (ET)
Table 'Haffner' 9-max Seat #3 is the button
Seat 1: garylubbes ($14.75 in chips) 
Seat 2: SpielerABC ($39.45 in chips) 
Seat 3: Sammy2212 ($11.05 in chips) 
Seat 4: abovem ($9.35 in chips) 
Seat 5: Alameda22 ($25 in chips) 
Seat 6: Aioras ($24.90 in chips) 
Seat 7: SethNKim ($9.95 in chips) 
Seat 8: KNORTHSTAR19 ($4.50 in chips) 
Seat 9: PokyDon ($25.05 in chips) 
abovem: posts small blind $0.10
Alameda22: posts big blind $0.25
*** HOLE CARDS ***
Dealt to Alameda22 [Qd 8h]
Aioras: folds 
SethNKim: folds 
KNORTHSTAR19: folds 
PokyDon: folds 
garylubbes: raises $0.40 to $0.65
SpielerABC: folds 
Sammy2212: folds 
abovem: calls $0.55
Alameda22: folds 
*** FLOP *** [9s 5c 8d]
abovem: checks 
garylubbes: bets $0.65
abovem: calls $0.65
*** TURN *** [9s 5c 8d] [Kc]
abovem: checks 
garylubbes: checks 
*** RIVER *** [9s 5c 8d Kc] [7d]
abovem: checks 
garylubbes: checks 
*** SHOW DOWN ***
abovem: shows [3d 9d] (a pair of Nines)
garylubbes: shows [Qc Ac] (high card Ace)
abovem collected $2.75 from pot
*** SUMMARY ***
Total pot $2.85 | Rake $0.10 
Board [9s 5c 8d Kc 7d]
Seat 1: garylubbes showed [Qc Ac] and lost with high card Ace
Seat 2: SpielerABC folded before Flop (didn't bet)
Seat 3: Sammy2212 (button) folded before Flop (didn't bet)
Seat 4: abovem (small blind) showed [3d 9d] and won ($2.75) with a pair of Nines
Seat 5: Alameda22 (big blind) folded before Flop
Seat 6: Aioras folded before Flop (didn't bet)
Seat 7: SethNKim folded before Flop (didn't bet)
Seat 8: KNORTHSTAR19 folded before Flop (didn't bet)
Seat 9: PokyDon folded before Flop (didn't bet)



PokerStars Game #19903149469:  Hold'em No Limit ($0.10/$0.25) - 2008/08/25 - 23:26:54 (ET)
Table 'Haffner' 9-max Seat #4 is the button
Seat 1: garylubbes ($13.45 in chips) 
Seat 2: SpielerABC ($39.45 in chips) 
Seat 3: Sammy2212 ($11.05 in chips) 
Seat 4: abovem ($10.80 in chips) 
Seat 5: Alameda22 ($24.75 in chips) 
Seat 6: Aioras ($24.90 in chips) 
Seat 7: SethNKim ($9.95 in chips) 
Seat 8: KNORTHSTAR19 ($4.50 in chips) 
Seat 9: PokyDon ($25.05 in chips) 
Alameda22: posts small blind $0.10
Aioras: posts big blind $0.25
*** HOLE CARDS ***
Dealt to Alameda22 [9h 5d]
SethNKim: folds 
KNORTHSTAR19: folds 
PokyDon: folds 
garylubbes: folds 
SethNKim leaves the table
SpielerABC: folds 
Sammy2212: folds 
garylubbes said, "way to protect that small blind"
abovem: folds 
Alameda22: folds 
Uncalled bet ($0.15) returned to Aioras
Aioras collected $0.20 from pot
Aioras: doesn't show hand 
*** SUMMARY ***
Total pot $0.20 | Rake $0 
Seat 1: garylubbes folded before Flop (didn't bet)
Seat 2: SpielerABC folded before Flop (didn't bet)
Seat 3: Sammy2212 folded before Flop (didn't bet)
Seat 4: abovem (button) folded before Flop (didn't bet)
Seat 5: Alameda22 (small blind) folded before Flop
Seat 6: Aioras (big blind) collected ($0.20)
Seat 7: SethNKim folded before Flop (didn't bet)
Seat 8: KNORTHSTAR19 folded before Flop (didn't bet)
Seat 9: PokyDon folded before Flop (didn't bet)



PokerStars Game #19903158722:  Hold'em No Limit ($0.10/$0.25) - 2008/08/25 - 23:27:21 (ET)
Table 'Haffner' 9-max Seat #5 is the button
Seat 1: garylubbes ($13.45 in chips) 
Seat 2: SpielerABC ($39.45 in chips) 
Seat 3: Sammy2212 ($11.05 in chips) 
Seat 4: abovem ($10.80 in chips) 
Seat 5: Alameda22 ($24.65 in chips) 
Seat 6: Aioras ($25 in chips) 
Seat 8: KNORTHSTAR19 ($4.50 in chips) 
Seat 9: PokyDon ($25.05 in chips) 
Aioras: posts small blind $0.10
KNORTHSTAR19: posts big blind $0.25
*** HOLE CARDS ***
Dealt to Alameda22 [Jd 8d]
PokyDon: folds 
garylubbes: raises $0.25 to $0.50
SpielerABC: folds 
Sammy2212: folds 
abovem: folds 
Alameda22: folds 
LUCKYMONSTER joins the table at seat #7 
Aioras: raises $2 to $2.50
KNORTHSTAR19: folds 
garylubbes: folds 
Uncalled bet ($2) returned to Aioras
Aioras collected $1.25 from pot
Aioras: doesn't show hand 
*** SUMMARY ***
Total pot $1.25 | Rake $0 
Seat 1: garylubbes folded before Flop
Seat 2: SpielerABC folded before Flop (didn't bet)
Seat 3: Sammy2212 folded before Flop (didn't bet)
Seat 4: abovem folded before Flop (didn't bet)
Seat 5: Alameda22 (button) folded before Flop (didn't bet)
Seat 6: Aioras (small blind) collected ($1.25)
Seat 8: KNORTHSTAR19 (big blind) folded before Flop
Seat 9: PokyDon folded before Flop (didn't bet)



PokerStars Game #19903174897:  Hold'em No Limit ($0.10/$0.25) - 2008/08/25 - 23:28:10 (ET)
Table 'Haffner' 9-max Seat #6 is the button
Seat 1: garylubbes ($12.95 in chips) 
Seat 2: SpielerABC ($39.45 in chips) 
Seat 3: Sammy2212 ($11.05 in chips) 
Seat 4: abovem ($10.80 in chips) 
Seat 5: Alameda22 ($24.65 in chips) 
Seat 6: Aioras ($25.75 in chips) 
Seat 8: KNORTHSTAR19 ($4.25 in chips) 
Seat 9: PokyDon ($25.05 in chips) 
LUCKYMONSTER will be allowed to play after the button
KNORTHSTAR19: posts small blind $0.10
PokyDon: posts big blind $0.25
*** HOLE CARDS ***
Dealt to Alameda22 [4s Kd]
garylubbes: calls $0.25
SpielerABC: folds 
Sammy2212: folds 
abovem: folds 
Alameda22: folds 
Aioras: raises $1.25 to $1.50
KNORTHSTAR19: folds 
PokyDon: folds 
garylubbes: calls $1.25
*** FLOP *** [6d 5c 5s]
garylubbes: checks 
Aioras: bets $2.50
garylubbes: calls $2.50
*** TURN *** [6d 5c 5s] [7h]
garylubbes: checks 
Aioras: bets $21.25
garylubbes: calls $8.95 and is all-in
Uncalled bet ($12.30) returned to Aioras
*** RIVER *** [6d 5c 5s 7h] [5h]
*** SHOW DOWN ***
garylubbes: shows [4d 5d] (four of a kind, Fives)
Aioras: mucks hand 
garylubbes collected $25 from pot
*** SUMMARY ***
Total pot $26.25 | Rake $1.25 
Board [6d 5c 5s 7h 5h]
Seat 1: garylubbes showed [4d 5d] and won ($25) with four of a kind, Fives
Seat 2: SpielerABC folded before Flop (didn't bet)
Seat 3: Sammy2212 folded before Flop (didn't bet)
Seat 4: abovem folded before Flop (didn't bet)
Seat 5: Alameda22 folded before Flop (didn't bet)
Seat 6: Aioras (button) mucked [8c 8d]
Seat 8: KNORTHSTAR19 (small blind) folded before Flop
Seat 9: PokyDon (big blind) folded before Flop



PokerStars Game #19903199641:  Hold'em No Limit ($0.10/$0.25) - 2008/08/25 - 23:29:23 (ET)
Table 'Haffner' 9-max Seat #8 is the button
Seat 1: garylubbes ($25 in chips) 
Seat 2: SpielerABC ($39.45 in chips) 
Seat 3: Sammy2212 ($11.05 in chips) 
Seat 4: abovem ($10.80 in chips) 
Seat 5: Alameda22 ($24.65 in chips) 
Seat 6: Aioras ($12.80 in chips) 
Seat 7: LUCKYMONSTER ($25 in chips) 
Seat 8: KNORTHSTAR19 ($4.15 in chips) 
Seat 9: PokyDon ($24.80 in chips) 
PokyDon: posts small blind $0.10
garylubbes: posts big blind $0.25
LUCKYMONSTER: posts big blind $0.25
*** HOLE CARDS ***
Dealt to Alameda22 [7d 5h]
SpielerABC: folds 
Sammy2212: folds 
abovem said, "nh"
abovem: calls $0.25
Alameda22: folds 
Aioras: folds 
LUCKYMONSTER: checks 
KNORTHSTAR19: folds 
PokyDon: calls $0.15
garylubbes: checks 
*** FLOP *** [9s 6d 5d]
PokyDon: bets $0.25
garylubbes: calls $0.25
abovem: calls $0.25
LUCKYMONSTER: folds 
*** TURN *** [9s 6d 5d] [6s]
PokyDon: bets $0.60
garylubbes: calls $0.60
abovem: folds 
*** RIVER *** [9s 6d 5d 6s] [4h]
PokyDon: checks 
garylubbes: checks 
*** SHOW DOWN ***
PokyDon: shows [Qs 5s] (two pair, Sixes and Fives)
garylubbes: mucks hand 
PokyDon collected $2.85 from pot
*** SUMMARY ***
Total pot $2.95 | Rake $0.10 
Board [9s 6d 5d 6s 4h]
Seat 1: garylubbes (big blind) mucked [8d 2s]
Seat 2: SpielerABC folded before Flop (didn't bet)
Seat 3: Sammy2212 folded before Flop (didn't bet)
Seat 4: abovem folded on the Turn
Seat 5: Alameda22 folded before Flop (didn't bet)
Seat 6: Aioras folded before Flop (didn't bet)
Seat 7: LUCKYMONSTER folded on the Flop
Seat 8: KNORTHSTAR19 (button) folded before Flop (didn't bet)
Seat 9: PokyDon (small blind) showed [Qs 5s] and won ($2.85) with two pair, Sixes and Fives



PokerStars Game #19903225102:  Hold'em No Limit ($0.10/$0.25) - 2008/08/25 - 23:30:40 (ET)
Table 'Haffner' 9-max Seat #9 is the button
Seat 1: garylubbes ($23.90 in chips) 
Seat 2: SpielerABC ($39.45 in chips) 
Seat 3: Sammy2212 ($11.05 in chips) 
Seat 4: abovem ($10.30 in chips) 
Seat 5: Alameda22 ($24.65 in chips) 
Seat 6: Aioras ($12.80 in chips) 
Seat 7: LUCKYMONSTER ($24.75 in chips) 
Seat 8: KNORTHSTAR19 ($4.15 in chips) 
Seat 9: PokyDon ($26.55 in chips) 
garylubbes: posts small blind $0.10
SpielerABC: posts big blind $0.25
*** HOLE CARDS ***
Dealt to Alameda22 [Qc 2s]
Sammy2212: folds 
abovem: calls $0.25
Alameda22: folds 
Aioras: folds 
LUCKYMONSTER: folds 
KNORTHSTAR19: folds 
PokyDon: folds 
garylubbes: calls $0.15
SpielerABC: checks 
*** FLOP *** [6c 5h 5s]
garylubbes: checks 
SpielerABC: checks 
abovem: checks 
*** TURN *** [6c 5h 5s] [3c]
garylubbes: bets $0.25
SpielerABC: folds 
abovem: folds 
Uncalled bet ($0.25) returned to garylubbes
garylubbes collected $0.75 from pot
garylubbes: doesn't show hand 
*** SUMMARY ***
Total pot $0.75 | Rake $0 
Board [6c 5h 5s 3c]
Seat 1: garylubbes (small blind) collected ($0.75)
Seat 2: SpielerABC (big blind) folded on the Turn
Seat 3: Sammy2212 folded before Flop (didn't bet)
Seat 4: abovem folded on the Turn
Seat 5: Alameda22 folded before Flop (didn't bet)
Seat 6: Aioras folded before Flop (didn't bet)
Seat 7: LUCKYMONSTER folded before Flop (didn't bet)
Seat 8: KNORTHSTAR19 folded before Flop (didn't bet)
Seat 9: PokyDon (button) folded before Flop (didn't bet)



PokerStars Game #19903245428:  Hold'em No Limit ($0.10/$0.25) - 2008/08/25 - 23:31:39 (ET)
Table 'Haffner' 9-max Seat #1 is the button
Seat 1: garylubbes ($24.40 in chips) 
Seat 2: SpielerABC ($39.20 in chips) 
Seat 3: Sammy2212 ($11.05 in chips) 
Seat 4: abovem ($10.05 in chips) 
Seat 5: Alameda22 ($24.65 in chips) 
Seat 6: Aioras ($12.80 in chips) 
Seat 7: LUCKYMONSTER ($24.75 in chips) 
Seat 8: KNORTHSTAR19 ($4.15 in chips) 
Seat 9: PokyDon ($26.55 in chips) 
SpielerABC: posts small blind $0.10
Sammy2212: posts big blind $0.25
*** HOLE CARDS ***
Dealt to Alameda22 [4h 6d]
abovem: folds 
Alameda22: folds 
Aioras: raises $0.75 to $1
LUCKYMONSTER: folds 
KNORTHSTAR19: folds 
PokyDon: folds 
garylubbes: folds 
SpielerABC: folds 
Sammy2212: folds 
Uncalled bet ($0.75) returned to Aioras
Aioras collected $0.60 from pot
Aioras: doesn't show hand 
*** SUMMARY ***
Total pot $0.60 | Rake $0 
Seat 1: garylubbes (button) folded before Flop (didn't bet)
Seat 2: SpielerABC (small blind) folded before Flop
Seat 3: Sammy2212 (big blind) folded before Flop
Seat 4: abovem folded before Flop (didn't bet)
Seat 5: Alameda22 folded before Flop (didn't bet)
Seat 6: Aioras collected ($0.60)
Seat 7: LUCKYMONSTER folded before Flop (didn't bet)
Seat 8: KNORTHSTAR19 folded before Flop (didn't bet)
Seat 9: PokyDon folded before Flop (didn't bet)



PokerStars Game #19903261658:  Hold'em No Limit ($0.10/$0.25) - 2008/08/25 - 23:32:27 (ET)
Table 'Haffner' 9-max Seat #2 is the button
Seat 1: garylubbes ($24.40 in chips) 
Seat 2: SpielerABC ($39.10 in chips) 
Seat 3: Sammy2212 ($10.80 in chips) 
Seat 4: abovem ($10.05 in chips) 
Seat 5: Alameda22 ($24.65 in chips) 
Seat 6: Aioras ($13.15 in chips) 
Seat 7: LUCKYMONSTER ($24.75 in chips) 
Seat 8: KNORTHSTAR19 ($4.15 in chips) 
Seat 9: PokyDon ($26.55 in chips) 
Sammy2212: posts small blind $0.10
abovem: posts big blind $0.25
*** HOLE CARDS ***
Dealt to Alameda22 [Jh 6h]
Alameda22: folds 
Aioras: folds 
LUCKYMONSTER: folds 
KNORTHSTAR19: folds 
PokyDon: folds 
garylubbes: calls $0.25
SpielerABC: folds 
Sammy2212: folds 
abovem: checks 
*** FLOP *** [8h 5h 3s]
abovem: checks 
garylubbes: bets $0.25
abovem: calls $0.25
*** TURN *** [8h 5h 3s] [2h]
abovem: checks 
garylubbes: checks 
*** RIVER *** [8h 5h 3s 2h] [Jd]
abovem: checks 
garylubbes: bets $0.25
abovem: calls $0.25
*** SHOW DOWN ***
garylubbes: shows [As 2s] (a pair of Deuces)
abovem: mucks hand 
garylubbes collected $1.55 from pot
*** SUMMARY ***
Total pot $1.60 | Rake $0.05 
Board [8h 5h 3s 2h Jd]
Seat 1: garylubbes showed [As 2s] and won ($1.55) with a pair of Deuces
Seat 2: SpielerABC (button) folded before Flop (didn't bet)
Seat 3: Sammy2212 (small blind) folded before Flop
Seat 4: abovem (big blind) mucked [Ks 9h]
Seat 5: Alameda22 folded before Flop (didn't bet)
Seat 6: Aioras folded before Flop (didn't bet)
Seat 7: LUCKYMONSTER folded before Flop (didn't bet)
Seat 8: KNORTHSTAR19 folded before Flop (didn't bet)
Seat 9: PokyDon folded before Flop (didn't bet)



PokerStars Game #19903286782:  Hold'em No Limit ($0.10/$0.25) - 2008/08/25 - 23:33:41 (ET)
Table 'Haffner' 9-max Seat #3 is the button
Seat 1: garylubbes ($25.20 in chips) 
Seat 2: SpielerABC ($39.10 in chips) 
Seat 3: Sammy2212 ($10.70 in chips) 
Seat 4: abovem ($9.30 in chips) 
Seat 5: Alameda22 ($24.65 in chips) 
Seat 6: Aioras ($13.15 in chips) 
Seat 7: LUCKYMONSTER ($24.75 in chips) 
Seat 8: KNORTHSTAR19 ($4.15 in chips) 
Seat 9: PokyDon ($26.55 in chips) 
abovem: posts small blind $0.10
Alameda22: posts big blind $0.25
*** HOLE CARDS ***
Dealt to Alameda22 [9c 3c]
Aioras: folds 
LUCKYMONSTER: folds 
KNORTHSTAR19: folds 
PokyDon: calls $0.25
garylubbes: raises $1 to $1.25
SpielerABC: folds 
Sammy2212: folds 
abovem: folds 
Alameda22: folds 
PokyDon: calls $1
*** FLOP *** [5s Td Th]
PokyDon: checks 
garylubbes: bets $5
PokyDon: folds 
Uncalled bet ($5) returned to garylubbes
garylubbes collected $2.75 from pot
garylubbes: doesn't show hand 
*** SUMMARY ***
Total pot $2.85 | Rake $0.10 
Board [5s Td Th]
Seat 1: garylubbes collected ($2.75)
Seat 2: SpielerABC folded before Flop (didn't bet)
Seat 3: Sammy2212 (button) folded before Flop (didn't bet)
Seat 4: abovem (small blind) folded before Flop
Seat 5: Alameda22 (big blind) folded before Flop
Seat 6: Aioras folded before Flop (didn't bet)
Seat 7: LUCKYMONSTER folded before Flop (didn't bet)
Seat 8: KNORTHSTAR19 folded before Flop (didn't bet)
Seat 9: PokyDon folded on the Flop



PokerStars Game #19903312071:  Hold'em No Limit ($0.10/$0.25) - 2008/08/25 - 23:34:56 (ET)
Table 'Haffner' 9-max Seat #4 is the button
Seat 1: garylubbes ($26.70 in chips) 
Seat 2: SpielerABC ($39.10 in chips) 
Seat 3: Sammy2212 ($10.70 in chips) 
Seat 4: abovem ($9.20 in chips) 
Seat 5: Alameda22 ($24.40 in chips) 
Seat 6: Aioras ($13.15 in chips) 
Seat 7: LUCKYMONSTER ($24.75 in chips) 
Seat 8: KNORTHSTAR19 ($4.15 in chips) 
Seat 9: PokyDon ($25.30 in chips) 
Alameda22: posts small blind $0.10
Aioras: posts big blind $0.25
*** HOLE CARDS ***
Dealt to Alameda22 [Ad Jc]
LUCKYMONSTER: folds 
KNORTHSTAR19: folds 
PokyDon: folds 
garylubbes: folds 
SpielerABC: folds 
Sammy2212: folds 
abovem: folds 
Alameda22: raises $0.50 to $0.75
Aioras: folds 
Uncalled bet ($0.50) returned to Alameda22
Alameda22 collected $0.50 from pot
Alameda22: doesn't show hand 
*** SUMMARY ***
Total pot $0.50 | Rake $0 
Seat 1: garylubbes folded before Flop (didn't bet)
Seat 2: SpielerABC folded before Flop (didn't bet)
Seat 3: Sammy2212 folded before Flop (didn't bet)
Seat 4: abovem (button) folded before Flop (didn't bet)
Seat 5: Alameda22 (small blind) collected ($0.50)
Seat 6: Aioras (big blind) folded before Flop
Seat 7: LUCKYMONSTER folded before Flop (didn't bet)
Seat 8: KNORTHSTAR19 folded before Flop (didn't bet)
Seat 9: PokyDon folded before Flop (didn't bet)



PokerStars Game #19903326698:  Hold'em No Limit ($0.10/$0.25) - 2008/08/25 - 23:35:40 (ET)
Table 'Haffner' 9-max Seat #5 is the button
Seat 1: garylubbes ($26.70 in chips) 
Seat 2: SpielerABC ($39.10 in chips) 
Seat 3: Sammy2212 ($10.70 in chips) 
Seat 4: abovem ($9.20 in chips) 
Seat 5: Alameda22 ($24.65 in chips) 
Seat 6: Aioras ($12.90 in chips) 
Seat 7: LUCKYMONSTER ($24.75 in chips) 
Seat 8: KNORTHSTAR19 ($4.15 in chips) 
Seat 9: PokyDon ($25.30 in chips) 
Aioras: posts small blind $0.10
LUCKYMONSTER: posts big blind $0.25
*** HOLE CARDS ***
Dealt to Alameda22 [6d Kh]
KNORTHSTAR19: folds 
PokyDon: folds 
garylubbes: folds 
SpielerABC: calls $0.25
Sammy2212: folds 
abovem: folds 
Alameda22: folds 
Aioras: folds 
LUCKYMONSTER: checks 
*** FLOP *** [5s Jh Qc]
LUCKYMONSTER: checks 
SpielerABC: checks 
*** TURN *** [5s Jh Qc] [9c]
LUCKYMONSTER: checks 
SpielerABC: checks 
*** RIVER *** [5s Jh Qc 9c] [Qh]
LUCKYMONSTER: checks 
SpielerABC: checks 
*** SHOW DOWN ***
LUCKYMONSTER: shows [2h Td] (a pair of Queens)
SpielerABC: shows [7s 7d] (two pair, Queens and Sevens)
SpielerABC collected $0.60 from pot
*** SUMMARY ***
Total pot $0.60 | Rake $0 
Board [5s Jh Qc 9c Qh]
Seat 1: garylubbes folded before Flop (didn't bet)
Seat 2: SpielerABC showed [7s 7d] and won ($0.60) with two pair, Queens and Sevens
Seat 3: Sammy2212 folded before Flop (didn't bet)
Seat 4: abovem folded before Flop (didn't bet)
Seat 5: Alameda22 (button) folded before Flop (didn't bet)
Seat 6: Aioras (small blind) folded before Flop
Seat 7: LUCKYMONSTER (big blind) showed [2h Td] and lost with a pair of Queens
Seat 8: KNORTHSTAR19 folded before Flop (didn't bet)
Seat 9: PokyDon folded before Flop (didn't bet)



PokerStars Game #19903366657:  Hold'em No Limit ($0.10/$0.25) - 2008/08/25 - 23:37:40 (ET)
Table 'Haffner' 9-max Seat #6 is the button
Seat 1: garylubbes ($26.70 in chips) 
Seat 2: SpielerABC ($39.45 in chips) 
Seat 3: Sammy2212 ($10.70 in chips) 
Seat 4: abovem ($9.20 in chips) 
Seat 5: Alameda22 ($24.65 in chips) 
Seat 6: Aioras ($12.80 in chips) 
Seat 7: LUCKYMONSTER ($24.50 in chips) 
Seat 8: KNORTHSTAR19 ($4.15 in chips) 
Seat 9: PokyDon ($25.30 in chips) 
LUCKYMONSTER: posts small blind $0.10
KNORTHSTAR19: posts big blind $0.25
*** HOLE CARDS ***
Dealt to Alameda22 [As 5c]
PokyDon: folds 
garylubbes: calls $0.25
SpielerABC: folds 
Sammy2212: folds 
abovem: calls $0.25
Alameda22: folds 
Aioras: folds 
LUCKYMONSTER: folds 
KNORTHSTAR19: checks 
*** FLOP *** [Ac 2h 7h]
KNORTHSTAR19: checks 
garylubbes: checks 
abovem: checks 
*** TURN *** [Ac 2h 7h] [Qc]
KNORTHSTAR19: checks 
garylubbes: checks 
abovem: checks 
*** RIVER *** [Ac 2h 7h Qc] [Ad]
KNORTHSTAR19: checks 
garylubbes: checks 
abovem: checks 
*** SHOW DOWN ***
KNORTHSTAR19: shows [Jd 6h] (a pair of Aces)
garylubbes: mucks hand 
abovem: shows [Js Ks] (a pair of Aces - King kicker)
abovem collected $0.85 from pot
*** SUMMARY ***
Total pot $0.85 | Rake $0 
Board [Ac 2h 7h Qc Ad]
Seat 1: garylubbes mucked [6d 5h]
Seat 2: SpielerABC folded before Flop (didn't bet)
Seat 3: Sammy2212 folded before Flop (didn't bet)
Seat 4: abovem showed [Js Ks] and won ($0.85) with a pair of Aces
Seat 5: Alameda22 folded before Flop (didn't bet)
Seat 6: Aioras (button) folded before Flop (didn't bet)
Seat 7: LUCKYMONSTER (small blind) folded before Flop
Seat 8: KNORTHSTAR19 (big blind) showed [Jd 6h] and lost with a pair of Aces
Seat 9: PokyDon folded before Flop (didn't bet)



PokerStars Game #19903391257:  Hold'em No Limit ($0.10/$0.25) - 2008/08/25 - 23:38:54 (ET)
Table 'Haffner' 9-max Seat #7 is the button
Seat 1: garylubbes ($26.45 in chips) 
Seat 2: SpielerABC ($39.45 in chips) 
Seat 3: Sammy2212 ($10.70 in chips) 
Seat 4: abovem ($9.80 in chips) 
Seat 5: Alameda22 ($24.65 in chips) 
Seat 6: Aioras ($12.80 in chips) 
Seat 7: LUCKYMONSTER ($24.40 in chips) 
Seat 8: KNORTHSTAR19 ($3.90 in chips) 
Seat 9: PokyDon ($25.30 in chips) 
KNORTHSTAR19: posts small blind $0.10
PokyDon: posts big blind $0.25
*** HOLE CARDS ***
Dealt to Alameda22 [Ad 5s]
garylubbes: folds 
SpielerABC: folds 
Sammy2212: folds 
abovem: calls $0.25
Alameda22: folds 
Aioras: calls $0.25
LUCKYMONSTER: folds 
KNORTHSTAR19: folds 
PokyDon: checks 
*** FLOP *** [Qd Qc 5c]
PokyDon: checks 
abovem: checks 
Aioras: bets $0.75
PokyDon: folds 
abovem: folds 
Uncalled bet ($0.75) returned to Aioras
Aioras collected $0.85 from pot
Aioras: doesn't show hand 
*** SUMMARY ***
Total pot $0.85 | Rake $0 
Board [Qd Qc 5c]
Seat 1: garylubbes folded before Flop (didn't bet)
Seat 2: SpielerABC folded before Flop (didn't bet)
Seat 3: Sammy2212 folded before Flop (didn't bet)
Seat 4: abovem folded on the Flop
Seat 5: Alameda22 folded before Flop (didn't bet)
Seat 6: Aioras collected ($0.85)
Seat 7: LUCKYMONSTER (button) folded before Flop (didn't bet)
Seat 8: KNORTHSTAR19 (small blind) folded before Flop
Seat 9: PokyDon (big blind) folded on the Flop



PokerStars Game #19903427310:  Hold'em No Limit ($0.10/$0.25) - 2008/08/25 - 23:40:43 (ET)
Table 'Haffner' 9-max Seat #8 is the button
Seat 1: garylubbes ($26.45 in chips) 
Seat 2: SpielerABC ($39.45 in chips) 
Seat 3: Sammy2212 ($10.70 in chips) 
Seat 4: abovem ($9.55 in chips) 
Seat 5: Alameda22 ($24.65 in chips) 
Seat 6: Aioras ($13.40 in chips) 
Seat 7: LUCKYMONSTER ($24.40 in chips) 
Seat 8: KNORTHSTAR19 ($3.80 in chips) 
Seat 9: PokyDon ($25.05 in chips) 
PokyDon: posts small blind $0.10
garylubbes: posts big blind $0.25
*** HOLE CARDS ***
Dealt to Alameda22 [Ts 3c]
SpielerABC: calls $0.25
Sammy2212: folds 
abovem: calls $0.25
Alameda22: folds 
Aioras: folds 
LUCKYMONSTER: folds 
KNORTHSTAR19: folds 
PokyDon: folds 
garylubbes: checks 
*** FLOP *** [Kc As Qc]
garylubbes: bets $0.25
SpielerABC: folds 
abovem: calls $0.25
*** TURN *** [Kc As Qc] [8d]
garylubbes: bets $0.25
abovem: calls $0.25
*** RIVER *** [Kc As Qc 8d] [9h]
garylubbes: bets $0.25
abovem: calls $0.25
*** SHOW DOWN ***
garylubbes: shows [7d Qs] (a pair of Queens)
abovem: mucks hand 
garylubbes collected $2.25 from pot
*** SUMMARY ***
Total pot $2.35 | Rake $0.10 
Board [Kc As Qc 8d 9h]
Seat 1: garylubbes (big blind) showed [7d Qs] and won ($2.25) with a pair of Queens
Seat 2: SpielerABC folded on the Flop
Seat 3: Sammy2212 folded before Flop (didn't bet)
Seat 4: abovem mucked [6s 6c]
Seat 5: Alameda22 folded before Flop (didn't bet)
Seat 6: Aioras folded before Flop (didn't bet)
Seat 7: LUCKYMONSTER folded before Flop (didn't bet)
Seat 8: KNORTHSTAR19 (button) folded before Flop (didn't bet)
Seat 9: PokyDon (small blind) folded before Flop



PokerStars Game #19903449910:  Hold'em No Limit ($0.10/$0.25) - 2008/08/25 - 23:41:53 (ET)
Table 'Haffner' 9-max Seat #9 is the button
Seat 1: garylubbes ($27.70 in chips) 
Seat 2: SpielerABC ($39.20 in chips) 
Seat 3: Sammy2212 ($10.70 in chips) 
Seat 4: abovem ($8.55 in chips) 
Seat 5: Alameda22 ($24.65 in chips) 
Seat 6: Aioras ($13.40 in chips) 
Seat 7: LUCKYMONSTER ($24.40 in chips) 
Seat 8: KNORTHSTAR19 ($3.80 in chips) 
Seat 9: PokyDon ($24.95 in chips) 
garylubbes: posts small blind $0.10
SpielerABC: posts big blind $0.25
*** HOLE CARDS ***
Dealt to Alameda22 [2c Qs]
Sammy2212: folds 
abovem: calls $0.25
Alameda22: folds 
Aioras: folds 
LUCKYMONSTER: folds 
KNORTHSTAR19: folds 
PokyDon: folds 
garylubbes: calls $0.15
SpielerABC: checks 
*** FLOP *** [7d 4s 2h]
garylubbes: bets $1
SpielerABC: folds 
abovem: folds 
Uncalled bet ($1) returned to garylubbes
garylubbes collected $0.75 from pot
garylubbes: doesn't show hand 
*** SUMMARY ***
Total pot $0.75 | Rake $0 
Board [7d 4s 2h]
Seat 1: garylubbes (small blind) collected ($0.75)
Seat 2: SpielerABC (big blind) folded on the Flop
Seat 3: Sammy2212 folded before Flop (didn't bet)
Seat 4: abovem folded on the Flop
Seat 5: Alameda22 folded before Flop (didn't bet)
Seat 6: Aioras folded before Flop (didn't bet)
Seat 7: LUCKYMONSTER folded before Flop (didn't bet)
Seat 8: KNORTHSTAR19 folded before Flop (didn't bet)
Seat 9: PokyDon (button) folded before Flop (didn't bet)



PokerStars Game #19903476365:  Hold'em No Limit ($0.10/$0.25) - 2008/08/25 - 23:43:13 (ET)
Table 'Haffner' 9-max Seat #1 is the button
Seat 1: garylubbes ($28.20 in chips) 
Seat 2: SpielerABC ($38.95 in chips) 
Seat 3: Sammy2212 ($10.70 in chips) 
Seat 4: abovem ($8.30 in chips) 
Seat 5: Alameda22 ($24.65 in chips) 
Seat 6: Aioras ($13.40 in chips) 
Seat 7: LUCKYMONSTER ($24.40 in chips) 
Seat 8: KNORTHSTAR19 ($3.80 in chips) 
Seat 9: PokyDon ($24.95 in chips) 
SpielerABC: posts small blind $0.10
Sammy2212: posts big blind $0.25
*** HOLE CARDS ***
Dealt to Alameda22 [Ac 8h]
abovem: folds 
Alameda22: folds 
Aioras: folds 
LUCKYMONSTER: folds 
KNORTHSTAR19: folds 
PokyDon: folds 
garylubbes: raises $0.25 to $0.50
SpielerABC: folds 
Sammy2212: calls $0.25
*** FLOP *** [4d 5d Jd]
Sammy2212: checks 
garylubbes: bets $1
Sammy2212: folds 
Uncalled bet ($1) returned to garylubbes
garylubbes collected $1.05 from pot
garylubbes: shows [Kc Kd] (a pair of Kings)
*** SUMMARY ***
Total pot $1.10 | Rake $0.05 
Board [4d 5d Jd]
Seat 1: garylubbes (button) collected ($1.05)
Seat 2: SpielerABC (small blind) folded before Flop
Seat 3: Sammy2212 (big blind) folded on the Flop
Seat 4: abovem folded before Flop (didn't bet)
Seat 5: Alameda22 folded before Flop (didn't bet)
Seat 6: Aioras folded before Flop (didn't bet)
Seat 7: LUCKYMONSTER folded before Flop (didn't bet)
Seat 8: KNORTHSTAR19 folded before Flop (didn't bet)
Seat 9: PokyDon folded before Flop (didn't bet)



PokerStars Game #19903497104:  Hold'em No Limit ($0.10/$0.25) - 2008/08/25 - 23:44:16 (ET)
Table 'Haffner' 9-max Seat #2 is the button
Seat 1: garylubbes ($28.75 in chips) 
Seat 2: SpielerABC ($38.85 in chips) 
Seat 3: Sammy2212 ($10.20 in chips) 
Seat 4: abovem ($8.30 in chips) 
Seat 5: Alameda22 ($24.65 in chips) 
Seat 6: Aioras ($13.40 in chips) 
Seat 7: LUCKYMONSTER ($24.40 in chips) 
Seat 8: KNORTHSTAR19 ($5 in chips) 
Seat 9: PokyDon ($24.95 in chips) 
Sammy2212: posts small blind $0.10
abovem: posts big blind $0.25
*** HOLE CARDS ***
Dealt to Alameda22 [Ac 9s]
Alameda22: folds 
Aioras: folds 
LUCKYMONSTER: folds 
KNORTHSTAR19: folds 
PokyDon: calls $0.25
garylubbes: folds 
SpielerABC: folds 
Sammy2212: folds 
abovem: checks 
*** FLOP *** [Jc 7h 8c]
abovem: checks 
PokyDon: checks 
*** TURN *** [Jc 7h 8c] [Js]
abovem: checks 
PokyDon: checks 
*** RIVER *** [Jc 7h 8c Js] [3h]
abovem: checks 
PokyDon: checks 
*** SHOW DOWN ***
abovem: shows [Ah 4c] (a pair of Jacks)
PokyDon: mucks hand 
abovem collected $0.60 from pot
*** SUMMARY ***
Total pot $0.60 | Rake $0 
Board [Jc 7h 8c Js 3h]
Seat 1: garylubbes folded before Flop (didn't bet)
Seat 2: SpielerABC (button) folded before Flop (didn't bet)
Seat 3: Sammy2212 (small blind) folded before Flop
Seat 4: abovem (big blind) showed [Ah 4c] and won ($0.60) with a pair of Jacks
Seat 5: Alameda22 folded before Flop (didn't bet)
Seat 6: Aioras folded before Flop (didn't bet)
Seat 7: LUCKYMONSTER folded before Flop (didn't bet)
Seat 8: KNORTHSTAR19 folded before Flop (didn't bet)
Seat 9: PokyDon mucked [Qh Ts]



PokerStars Game #19903523495:  Hold'em No Limit ($0.10/$0.25) - 2008/08/25 - 23:45:37 (ET)
Table 'Haffner' 9-max Seat #3 is the button
Seat 1: garylubbes ($28.75 in chips) 
Seat 2: SpielerABC ($38.85 in chips) 
Seat 3: Sammy2212 ($10.10 in chips) 
Seat 4: abovem ($8.65 in chips) 
Seat 5: Alameda22 ($24.65 in chips) 
Seat 6: Aioras ($13.40 in chips) 
Seat 7: LUCKYMONSTER ($24.40 in chips) 
Seat 8: KNORTHSTAR19 ($5 in chips) 
Seat 9: PokyDon ($24.70 in chips) 
abovem: posts small blind $0.10
Alameda22: posts big blind $0.25
*** HOLE CARDS ***
Dealt to Alameda22 [3c 7c]
Aioras: folds 
LUCKYMONSTER: folds 
KNORTHSTAR19: folds 
PokyDon: folds 
garylubbes: calls $0.25
SpielerABC: folds 
Sammy2212: folds 
abovem: calls $0.15
Alameda22: checks 
*** FLOP *** [5d 5c Th]
abovem: bets $0.25
Alameda22: folds 
garylubbes: calls $0.25
*** TURN *** [5d 5c Th] [Jh]
abovem: checks 
garylubbes: bets $1.50
abovem: calls $1.50
*** RIVER *** [5d 5c Th Jh] [Qd]
abovem: checks 
garylubbes: bets $3
abovem: folds 
Uncalled bet ($3) returned to garylubbes
garylubbes collected $4.05 from pot
garylubbes: shows [5h 6c] (three of a kind, Fives)
*** SUMMARY ***
Total pot $4.25 | Rake $0.20 
Board [5d 5c Th Jh Qd]
Seat 1: garylubbes collected ($4.05)
Seat 2: SpielerABC folded before Flop (didn't bet)
Seat 3: Sammy2212 (button) folded before Flop (didn't bet)
Seat 4: abovem (small blind) folded on the River
Seat 5: Alameda22 (big blind) folded on the Flop
Seat 6: Aioras folded before Flop (didn't bet)
Seat 7: LUCKYMONSTER folded before Flop (didn't bet)
Seat 8: KNORTHSTAR19 folded before Flop (didn't bet)
Seat 9: PokyDon folded before Flop (didn't bet)



PokerStars Game #19903567718:  Hold'em No Limit ($0.10/$0.25) - 2008/08/25 - 23:47:54 (ET)
Table 'Haffner' 9-max Seat #4 is the button
Seat 1: garylubbes ($30.80 in chips) 
Seat 2: SpielerABC ($38.85 in chips) 
Seat 3: Sammy2212 ($10.10 in chips) 
Seat 4: abovem ($6.65 in chips) 
Seat 5: Alameda22 ($24.40 in chips) 
Seat 6: Aioras ($13.40 in chips) 
Seat 7: LUCKYMONSTER ($24.40 in chips) 
Seat 8: KNORTHSTAR19 ($5 in chips) 
Seat 9: PokyDon ($24.70 in chips) 
Alameda22: posts small blind $0.10
Aioras: posts big blind $0.25
*** HOLE CARDS ***
Dealt to Alameda22 [Qs Tc]
LUCKYMONSTER: folds 
KNORTHSTAR19: folds 
PokyDon: folds 
garylubbes: folds 
SpielerABC: folds 
Sammy2212: folds 
abovem: folds 
Alameda22: folds 
Uncalled bet ($0.15) returned to Aioras
Aioras collected $0.20 from pot
Aioras: doesn't show hand 
*** SUMMARY ***
Total pot $0.20 | Rake $0 
Seat 1: garylubbes folded before Flop (didn't bet)
Seat 2: SpielerABC folded before Flop (didn't bet)
Seat 3: Sammy2212 folded before Flop (didn't bet)
Seat 4: abovem (button) folded before Flop (didn't bet)
Seat 5: Alameda22 (small blind) folded before Flop
Seat 6: Aioras (big blind) collected ($0.20)
Seat 7: LUCKYMONSTER folded before Flop (didn't bet)
Seat 8: KNORTHSTAR19 folded before Flop (didn't bet)
Seat 9: PokyDon folded before Flop (didn't bet)



PokerStars Game #19903588614:  Hold'em No Limit ($0.10/$0.25) - 2008/08/25 - 23:48:58 (ET)
Table 'Haffner' 9-max Seat #5 is the button
Seat 1: garylubbes ($30.80 in chips) 
Seat 2: SpielerABC ($38.85 in chips) 
Seat 3: Sammy2212 ($10.10 in chips) 
Seat 4: abovem ($6.65 in chips) 
Seat 5: Alameda22 ($24.30 in chips) 
Seat 6: Aioras ($13.50 in chips) 
Seat 7: LUCKYMONSTER ($24.40 in chips) 
Seat 8: KNORTHSTAR19 ($5 in chips) 
Seat 9: PokyDon ($24.70 in chips) 
Aioras: posts small blind $0.10
LUCKYMONSTER: posts big blind $0.25
*** HOLE CARDS ***
Dealt to Alameda22 [Qd Kc]
KNORTHSTAR19: folds 
PokyDon: folds 
garylubbes: folds 
SpielerABC: folds 
Sammy2212: folds 
abovem: calls $0.25
Alameda22: folds 
Aioras: raises $1 to $1.25
LUCKYMONSTER: folds 
abovem: calls $1
*** FLOP *** [7s 8s Jh]
Aioras: bets $2.25
abovem: calls $2.25
*** TURN *** [7s 8s Jh] [Ac]
Aioras: checks 
abovem: bets $3.15 and is all-in
Aioras: calls $3.15
*** RIVER *** [7s 8s Jh Ac] [Ad]
*** SHOW DOWN ***
Aioras: shows [Ks Kh] (two pair, Aces and Kings)
abovem: mucks hand 
Aioras collected $12.90 from pot
*** SUMMARY ***
Total pot $13.55 | Rake $0.65 
Board [7s 8s Jh Ac Ad]
Seat 1: garylubbes folded before Flop (didn't bet)
Seat 2: SpielerABC folded before Flop (didn't bet)
Seat 3: Sammy2212 folded before Flop (didn't bet)
Seat 4: abovem mucked [Qc 8h]
Seat 5: Alameda22 (button) folded before Flop (didn't bet)
Seat 6: Aioras (small blind) showed [Ks Kh] and won ($12.90) with two pair, Aces and Kings
Seat 7: LUCKYMONSTER (big blind) folded before Flop
Seat 8: KNORTHSTAR19 folded before Flop (didn't bet)
Seat 9: PokyDon folded before Flop (didn't bet)



PokerStars Game #19903633339:  Hold'em No Limit ($0.10/$0.25) - 2008/08/25 - 23:51:19 (ET)
Table 'Haffner' 9-max Seat #6 is the button
Seat 1: garylubbes ($30.80 in chips) 
Seat 2: SpielerABC ($38.85 in chips) 
Seat 3: Sammy2212 ($10.10 in chips) 
Seat 5: Alameda22 ($24.30 in chips) 
Seat 6: Aioras ($19.75 in chips) 
Seat 7: LUCKYMONSTER ($24.15 in chips) 
Seat 8: KNORTHSTAR19 ($5 in chips) 
Seat 9: PokyDon ($24.70 in chips) 
LUCKYMONSTER: posts small blind $0.10
KNORTHSTAR19: posts big blind $0.25
*** HOLE CARDS ***
Dealt to Alameda22 [2d Qc]
PokyDon: folds 
garylubbes: calls $0.25
SpielerABC: folds 
Sammy2212: folds 
Alameda22: folds 
Aioras: folds 
LUCKYMONSTER: folds 
KNORTHSTAR19: checks 
*** FLOP *** [6h 9c Ts]
abovem has returned
KNORTHSTAR19: checks 
garylubbes: bets $0.25
KNORTHSTAR19: folds 
Uncalled bet ($0.25) returned to garylubbes
garylubbes collected $0.60 from pot
*** SUMMARY ***
Total pot $0.60 | Rake $0 
Board [6h 9c Ts]
Seat 1: garylubbes collected ($0.60)
Seat 2: SpielerABC folded before Flop (didn't bet)
Seat 3: Sammy2212 folded before Flop (didn't bet)
Seat 5: Alameda22 folded before Flop (didn't bet)
Seat 6: Aioras (button) folded before Flop (didn't bet)
Seat 7: LUCKYMONSTER (small blind) folded before Flop
Seat 8: KNORTHSTAR19 (big blind) folded on the Flop
Seat 9: PokyDon folded before Flop (didn't bet)



PokerStars Game #19903651868:  Hold'em No Limit ($0.10/$0.25) - 2008/08/25 - 23:52:17 (ET)
Table 'Haffner' 9-max Seat #7 is the button
Seat 1: garylubbes ($31.15 in chips) 
Seat 2: SpielerABC ($38.85 in chips) 
Seat 3: Sammy2212 ($10.10 in chips) 
Seat 4: abovem ($10 in chips) 
Seat 5: Alameda22 ($24.30 in chips) 
Seat 6: Aioras ($19.75 in chips) 
Seat 7: LUCKYMONSTER ($24.05 in chips) 
Seat 8: KNORTHSTAR19 ($4.75 in chips) 
KNORTHSTAR19: posts small blind $0.10
PokyDon: is sitting out 
garylubbes: posts big blind $0.25
*** HOLE CARDS ***
Dealt to Alameda22 [3c Js]
PokyDon leaves the table
enright3060 joins the table at seat #9 
SpielerABC: folds 
Sammy2212: calls $0.25
abovem: raises $0.25 to $0.50
Alameda22: folds 
Aioras: folds 
LUCKYMONSTER: folds 
KNORTHSTAR19: folds 
garylubbes: calls $0.25
Sammy2212: calls $0.25
*** FLOP *** [5d Kc Jh]
garylubbes: checks 
Sammy2212: bets $0.75
abovem: calls $0.75
garylubbes: folds 
*** TURN *** [5d Kc Jh] [Ac]
Sammy2212: checks 
abovem: checks 
*** RIVER *** [5d Kc Jh Ac] [4c]
Sammy2212: checks 
abovem: checks 
*** SHOW DOWN ***
Sammy2212: shows [Ks Qd] (a pair of Kings)
abovem: mucks hand 
Sammy2212 collected $2.95 from pot
*** SUMMARY ***
Total pot $3.10 | Rake $0.15 
Board [5d Kc Jh Ac 4c]
Seat 1: garylubbes (big blind) folded on the Flop
Seat 2: SpielerABC folded before Flop (didn't bet)
Seat 3: Sammy2212 showed [Ks Qd] and won ($2.95) with a pair of Kings
Seat 4: abovem mucked [Qh Jc]
Seat 5: Alameda22 folded before Flop (didn't bet)
Seat 6: Aioras folded before Flop (didn't bet)
Seat 7: LUCKYMONSTER (button) folded before Flop (didn't bet)
Seat 8: KNORTHSTAR19 (small blind) folded before Flop



PokerStars Game #19903682694:  Hold'em No Limit ($0.10/$0.25) - 2008/08/25 - 23:53:55 (ET)
Table 'Haffner' 9-max Seat #8 is the button
Seat 1: garylubbes ($30.65 in chips) 
Seat 2: SpielerABC ($38.85 in chips) 
Seat 3: Sammy2212 ($11.80 in chips) 
Seat 4: abovem ($8.75 in chips) 
Seat 5: Alameda22 ($24.30 in chips) 
Seat 6: Aioras ($19.75 in chips) 
Seat 7: LUCKYMONSTER ($24.05 in chips) 
Seat 8: KNORTHSTAR19 ($4.65 in chips) 
enright3060 will be allowed to play after the button
garylubbes: posts small blind $0.10
SpielerABC: posts big blind $0.25
*** HOLE CARDS ***
Dealt to Alameda22 [7h 2c]
Sammy2212: folds 
abovem: raises $0.25 to $0.50
Alameda22: folds 
Aioras: folds 
LUCKYMONSTER: folds 
KNORTHSTAR19: folds 
garylubbes: folds 
SpielerABC: calls $0.25
*** FLOP *** [Qh 5s Qc]
SpielerABC: checks 
abovem: checks 
*** TURN *** [Qh 5s Qc] [9h]
SpielerABC: checks 
abovem: bets $0.25
SpielerABC: calls $0.25
*** RIVER *** [Qh 5s Qc 9h] [8c]
SpielerABC: checks 
abovem: bets $0.75
SpielerABC: calls $0.75
*** SHOW DOWN ***
abovem: shows [Qd Kc] (three of a kind, Queens)
SpielerABC: mucks hand 
abovem collected $2.95 from pot
*** SUMMARY ***
Total pot $3.10 | Rake $0.15 
Board [Qh 5s Qc 9h 8c]
Seat 1: garylubbes (small blind) folded before Flop
Seat 2: SpielerABC (big blind) mucked [Jc Jd]
Seat 3: Sammy2212 folded before Flop (didn't bet)
Seat 4: abovem showed [Qd Kc] and won ($2.95) with three of a kind, Queens
Seat 5: Alameda22 folded before Flop (didn't bet)
Seat 6: Aioras folded before Flop (didn't bet)
Seat 7: LUCKYMONSTER folded before Flop (didn't bet)
Seat 8: KNORTHSTAR19 (button) folded before Flop (didn't bet)



PokerStars Game #19903723616:  Hold'em No Limit ($0.10/$0.25) - 2008/08/25 - 23:56:05 (ET)
Table 'Haffner' 9-max Seat #1 is the button
Seat 1: garylubbes ($30.55 in chips) 
Seat 2: SpielerABC ($37.35 in chips) 
Seat 3: Sammy2212 ($11.80 in chips) 
Seat 4: abovem ($10.20 in chips) 
Seat 5: Alameda22 ($24.30 in chips) 
Seat 6: Aioras ($19.75 in chips) 
Seat 7: LUCKYMONSTER ($24.05 in chips) 
Seat 8: KNORTHSTAR19 ($4.65 in chips) 
Seat 9: enright3060 ($25 in chips) 
SpielerABC: posts small blind $0.10
Sammy2212: posts big blind $0.25
enright3060: posts big blind $0.25
*** HOLE CARDS ***
Dealt to Alameda22 [As Qd]
abovem: raises $0.25 to $0.50
Alameda22: raises $1.25 to $1.75
Aioras: folds 
LUCKYMONSTER: folds 
KNORTHSTAR19: folds 
enright3060: folds 
garylubbes: folds 
SpielerABC: folds 
Sammy2212: folds 
abovem: calls $1.25
*** FLOP *** [Qh 5h 4d]
SpielerABC leaves the table
abovem: bets $0.25
Alameda22: raises $2.50 to $2.75
abovem: calls $2.50
*** TURN *** [Qh 5h 4d] [9s]
abovem: bets $1.25
Alameda22: raises $6 to $7.25
silver2871 joins the table at seat #2 
abovem: calls $4.45 and is all-in
Uncalled bet ($1.55) returned to Alameda22
*** RIVER *** [Qh 5h 4d 9s] [8h]
*** SHOW DOWN ***
abovem: shows [9d Qc] (two pair, Queens and Nines)
Alameda22: mucks hand 
abovem collected $20 from pot
*** SUMMARY ***
Total pot $21 | Rake $1 
Board [Qh 5h 4d 9s 8h]
Seat 1: garylubbes (button) folded before Flop (didn't bet)
Seat 2: SpielerABC (small blind) folded before Flop
Seat 3: Sammy2212 (big blind) folded before Flop
Seat 4: abovem showed [9d Qc] and won ($20) with two pair, Queens and Nines
Seat 5: Alameda22 mucked [As Qd]
Seat 6: Aioras folded before Flop (didn't bet)
Seat 7: LUCKYMONSTER folded before Flop (didn't bet)
Seat 8: KNORTHSTAR19 folded before Flop (didn't bet)
Seat 9: enright3060 folded before Flop



PokerStars Game #19903763042:  Hold'em No Limit ($0.10/$0.25) - 2008/08/25 - 23:58:13 (ET)
Table 'Haffner' 9-max Seat #3 is the button
Seat 1: garylubbes ($30.55 in chips) 
Seat 2: silver2871 ($25 in chips) 
Seat 3: Sammy2212 ($11.55 in chips) 
Seat 4: abovem ($20 in chips) 
Seat 5: Alameda22 ($14.10 in chips) 
Seat 6: Aioras ($19.75 in chips) 
Seat 7: LUCKYMONSTER ($24.05 in chips) 
Seat 8: KNORTHSTAR19 ($4.65 in chips) 
Seat 9: enright3060 ($24.75 in chips) 
abovem: posts small blind $0.10
Alameda22: posts big blind $0.25
silver2871: posts big blind $0.25
*** HOLE CARDS ***
Dealt to Alameda22 [4d As]
Aioras: folds 
LUCKYMONSTER: folds 
KNORTHSTAR19: folds 
enright3060: folds 
garylubbes: folds 
silver2871: checks 
Sammy2212: calls $0.25
abovem: folds 
Alameda22: checks 
*** FLOP *** [6d Td Ah]
Alameda22: checks 
silver2871: checks 
Sammy2212: checks 
*** TURN *** [6d Td Ah] [7d]
Alameda22: checks 
silver2871: checks 
Sammy2212: checks 
*** RIVER *** [6d Td Ah 7d] [Kc]
Alameda22: checks 
silver2871: checks 
Sammy2212: checks 
*** SHOW DOWN ***
Alameda22: shows [4d As] (a pair of Aces)
silver2871: mucks hand 
Sammy2212: mucks hand 
Alameda22 collected $0.85 from pot
*** SUMMARY ***
Total pot $0.85 | Rake $0 
Board [6d Td Ah 7d Kc]
Seat 1: garylubbes folded before Flop (didn't bet)
Seat 2: silver2871 mucked [Jh 4c]
Seat 3: Sammy2212 (button) mucked [Js Ks]
Seat 4: abovem (small blind) folded before Flop
Seat 5: Alameda22 (big blind) showed [4d As] and won ($0.85) with a pair of Aces
Seat 6: Aioras folded before Flop (didn't bet)
Seat 7: LUCKYMONSTER folded before Flop (didn't bet)
Seat 8: KNORTHSTAR19 folded before Flop (didn't bet)
Seat 9: enright3060 folded before Flop (didn't bet)



