PokerStars Game #20019990213:  Hold'em No Limit ($0.10/$0.25) - 2008/08/30 - 16:32:02 (ET)
Table 'Gienah' 9-max Seat #3 is the button
Seat 1: mcdougal2 ($25.85 in chips) 
Seat 2: t0kse ($50.55 in chips) 
Seat 3: ZerGVilleta ($25 in chips) 
Seat 4: torospecial ($16.45 in chips) 
Seat 5: Alameda22 ($25 in chips) 
Seat 6: harakiri 22 ($25.30 in chips) 
Seat 7: Burkinator99 ($26.25 in chips) 
Seat 8: pokerbrian32 ($22.95 in chips) 
Seat 9: GerhardB ($33.65 in chips) 
torospecial: posts small blind $0.10
Alameda22: posts big blind $0.25
*** HOLE CARDS ***
Dealt to Alameda22 [2h 4d]
harakiri 22: folds 
Burkinator99: raises $0.75 to $1
pokerbrian32: folds 
GerhardB: folds 
mcdougal2: folds 
t0kse: folds 
ZerGVilleta: folds 
torospecial: folds 
Alameda22: folds 
Uncalled bet ($0.75) returned to Burkinator99
Burkinator99 collected $0.60 from pot
Burkinator99: doesn't show hand 
*** SUMMARY ***
Total pot $0.60 | Rake $0 
Seat 1: mcdougal2 folded before Flop (didn't bet)
Seat 2: t0kse folded before Flop (didn't bet)
Seat 3: ZerGVilleta (button) folded before Flop (didn't bet)
Seat 4: torospecial (small blind) folded before Flop
Seat 5: Alameda22 (big blind) folded before Flop
Seat 6: harakiri 22 folded before Flop (didn't bet)
Seat 7: Burkinator99 collected ($0.60)
Seat 8: pokerbrian32 folded before Flop (didn't bet)
Seat 9: GerhardB folded before Flop (didn't bet)



PokerStars Game #20020005937:  Hold'em No Limit ($0.10/$0.25) - 2008/08/30 - 16:32:43 (ET)
Table 'Gienah' 9-max Seat #4 is the button
Seat 1: mcdougal2 ($25.85 in chips) 
Seat 2: t0kse ($50.55 in chips) 
Seat 3: ZerGVilleta ($25 in chips) 
Seat 4: torospecial ($16.35 in chips) 
Seat 5: Alameda22 ($24.75 in chips) 
Seat 6: harakiri 22 ($25.30 in chips) 
Seat 7: Burkinator99 ($26.60 in chips) 
Seat 8: pokerbrian32 ($22.95 in chips) 
Seat 9: GerhardB ($33.65 in chips) 
Alameda22: posts small blind $0.10
harakiri 22: posts big blind $0.25
*** HOLE CARDS ***
Dealt to Alameda22 [7c Kc]
Burkinator99: raises $0.75 to $1
pokerbrian32: folds 
GerhardB: folds 
mcdougal2: folds 
t0kse: folds 
ZerGVilleta: folds 
torospecial: folds 
Alameda22: folds 
harakiri 22: calls $0.75
*** FLOP *** [9c 9d 8c]
harakiri 22: checks 
Burkinator99: bets $1
harakiri 22: calls $1
*** TURN *** [9c 9d 8c] [Tc]
harakiri 22: checks 
Burkinator99: checks 
*** RIVER *** [9c 9d 8c Tc] [Ad]
harakiri 22: bets $1
Burkinator99: raises $2 to $3
harakiri 22: calls $2
*** SHOW DOWN ***
Burkinator99: shows [8d 8h] (a full house, Eights full of Nines)
harakiri 22: mucks hand 
Burkinator99 collected $9.65 from pot
*** SUMMARY ***
Total pot $10.10 | Rake $0.45 
Board [9c 9d 8c Tc Ad]
Seat 1: mcdougal2 folded before Flop (didn't bet)
Seat 2: t0kse folded before Flop (didn't bet)
Seat 3: ZerGVilleta folded before Flop (didn't bet)
Seat 4: torospecial (button) folded before Flop (didn't bet)
Seat 5: Alameda22 (small blind) folded before Flop
Seat 6: harakiri 22 (big blind) mucked [Jd Ac]
Seat 7: Burkinator99 showed [8d 8h] and won ($9.65) with a full house, Eights full of Nines
Seat 8: pokerbrian32 folded before Flop (didn't bet)
Seat 9: GerhardB folded before Flop (didn't bet)



PokerStars Game #20020029726:  Hold'em No Limit ($0.10/$0.25) - 2008/08/30 - 16:33:46 (ET)
Table 'Gienah' 9-max Seat #5 is the button
Seat 1: mcdougal2 ($25.85 in chips) 
Seat 2: t0kse ($50.55 in chips) 
Seat 3: ZerGVilleta ($25 in chips) 
Seat 4: torospecial ($16.35 in chips) 
Seat 5: Alameda22 ($24.65 in chips) 
Seat 6: harakiri 22 ($20.30 in chips) 
Seat 7: Burkinator99 ($31.25 in chips) 
Seat 8: pokerbrian32 ($22.95 in chips) 
Seat 9: GerhardB ($33.65 in chips) 
harakiri 22: posts small blind $0.10
Burkinator99: posts big blind $0.25
*** HOLE CARDS ***
Dealt to Alameda22 [5h As]
pokerbrian32: folds 
GerhardB: folds 
mcdougal2: folds 
t0kse: folds 
pokerbrian32 leaves the table
ZerGVilleta: folds 
torospecial: folds 
Alameda22: folds 
harakiri 22: folds 
Uncalled bet ($0.15) returned to Burkinator99
Burkinator99 collected $0.20 from pot
Burkinator99: doesn't show hand 
*** SUMMARY ***
Total pot $0.20 | Rake $0 
Seat 1: mcdougal2 folded before Flop (didn't bet)
Seat 2: t0kse folded before Flop (didn't bet)
Seat 3: ZerGVilleta folded before Flop (didn't bet)
Seat 4: torospecial folded before Flop (didn't bet)
Seat 5: Alameda22 (button) folded before Flop (didn't bet)
Seat 6: harakiri 22 (small blind) folded before Flop
Seat 7: Burkinator99 (big blind) collected ($0.20)
Seat 8: pokerbrian32 folded before Flop (didn't bet)
Seat 9: GerhardB folded before Flop (didn't bet)



PokerStars Game #20020043169:  Hold'em No Limit ($0.10/$0.25) - 2008/08/30 - 16:34:21 (ET)
Table 'Gienah' 9-max Seat #6 is the button
Seat 1: mcdougal2 ($25.85 in chips) 
Seat 2: t0kse ($50.55 in chips) 
Seat 3: ZerGVilleta ($25 in chips) 
Seat 4: torospecial ($16.35 in chips) 
Seat 5: Alameda22 ($24.65 in chips) 
Seat 6: harakiri 22 ($20.20 in chips) 
Seat 7: Burkinator99 ($31.35 in chips) 
Seat 9: GerhardB ($33.65 in chips) 
Burkinator99: posts small blind $0.10
GerhardB: posts big blind $0.25
*** HOLE CARDS ***
Dealt to Alameda22 [Ah Qs]
Bjoerni89 joins the table at seat #8 
mcdougal2: folds 
t0kse: folds 
ZerGVilleta: folds 
torospecial: folds 
Alameda22: raises $0.75 to $1
harakiri 22: folds 
Burkinator99: folds 
GerhardB: folds 
Uncalled bet ($0.75) returned to Alameda22
Alameda22 collected $0.60 from pot
Alameda22: doesn't show hand 
*** SUMMARY ***
Total pot $0.60 | Rake $0 
Seat 1: mcdougal2 folded before Flop (didn't bet)
Seat 2: t0kse folded before Flop (didn't bet)
Seat 3: ZerGVilleta folded before Flop (didn't bet)
Seat 4: torospecial folded before Flop (didn't bet)
Seat 5: Alameda22 collected ($0.60)
Seat 6: harakiri 22 (button) folded before Flop (didn't bet)
Seat 7: Burkinator99 (small blind) folded before Flop
Seat 9: GerhardB (big blind) folded before Flop



PokerStars Game #20020056038:  Hold'em No Limit ($0.10/$0.25) - 2008/08/30 - 16:34:55 (ET)
Table 'Gienah' 9-max Seat #7 is the button
Seat 1: mcdougal2 ($25.85 in chips) 
Seat 2: t0kse ($50.55 in chips) 
Seat 3: ZerGVilleta ($25 in chips) 
Seat 4: torospecial ($16.35 in chips) 
Seat 5: Alameda22 ($25 in chips) 
Seat 6: harakiri 22 ($20.20 in chips) 
Seat 7: Burkinator99 ($31.25 in chips) 
Seat 9: GerhardB ($33.40 in chips) 
Bjoerni89 will be allowed to play after the button
GerhardB: posts small blind $0.10
mcdougal2: posts big blind $0.25
*** HOLE CARDS ***
Dealt to Alameda22 [7h 9h]
t0kse: calls $0.25
ZerGVilleta: folds 
torospecial: calls $0.25
Alameda22: folds 
harakiri 22: folds 
Burkinator99: folds 
GerhardB: folds 
mcdougal2: checks 
*** FLOP *** [Td 6c Ks]
mcdougal2: bets $0.75
t0kse: folds 
torospecial: calls $0.75
*** TURN *** [Td 6c Ks] [3c]
mcdougal2: checks 
torospecial: checks 
*** RIVER *** [Td 6c Ks 3c] [8h]
mcdougal2: bets $1
torospecial: calls $1
*** SHOW DOWN ***
mcdougal2: shows [Kh Js] (a pair of Kings)
torospecial: mucks hand 
mcdougal2 collected $4.15 from pot
*** SUMMARY ***
Total pot $4.35 | Rake $0.20 
Board [Td 6c Ks 3c 8h]
Seat 1: mcdougal2 (big blind) showed [Kh Js] and won ($4.15) with a pair of Kings
Seat 2: t0kse folded on the Flop
Seat 3: ZerGVilleta folded before Flop (didn't bet)
Seat 4: torospecial mucked [7d Kd]
Seat 5: Alameda22 folded before Flop (didn't bet)
Seat 6: harakiri 22 folded before Flop (didn't bet)
Seat 7: Burkinator99 (button) folded before Flop (didn't bet)
Seat 9: GerhardB (small blind) folded before Flop



PokerStars Game #20020088583:  Hold'em No Limit ($0.10/$0.25) - 2008/08/30 - 16:36:21 (ET)
Table 'Gienah' 9-max Seat #9 is the button
Seat 1: mcdougal2 ($28 in chips) 
Seat 2: t0kse ($50.30 in chips) 
Seat 3: ZerGVilleta ($25 in chips) 
Seat 4: torospecial ($14.35 in chips) 
Seat 5: Alameda22 ($25 in chips) 
Seat 6: harakiri 22 ($20.20 in chips) 
Seat 7: Burkinator99 ($31.25 in chips) 
Seat 8: Bjoerni89 ($25 in chips) 
Seat 9: GerhardB ($33.30 in chips) 
mcdougal2: posts small blind $0.10
t0kse: posts big blind $0.25
Bjoerni89: posts big blind $0.25
*** HOLE CARDS ***
Dealt to Alameda22 [9s Td]
ZerGVilleta: folds 
torospecial: folds 
Alameda22: folds 
harakiri 22: folds 
Burkinator99: folds 
Bjoerni89: checks 
GerhardB: folds 
mcdougal2: raises $0.75 to $1
t0kse: folds 
Bjoerni89: calls $0.75
*** FLOP *** [Kc Ac 2s]
mcdougal2: checks 
Bjoerni89: bets $1
mcdougal2: calls $1
*** TURN *** [Kc Ac 2s] [Ah]
mcdougal2: checks 
Bjoerni89: checks 
*** RIVER *** [Kc Ac 2s Ah] [4d]
mcdougal2: checks 
Bjoerni89: bets $3
mcdougal2: folds 
Uncalled bet ($3) returned to Bjoerni89
Bjoerni89 collected $4.05 from pot
Bjoerni89: doesn't show hand 
*** SUMMARY ***
Total pot $4.25 | Rake $0.20 
Board [Kc Ac 2s Ah 4d]
Seat 1: mcdougal2 (small blind) folded on the River
Seat 2: t0kse (big blind) folded before Flop
Seat 3: ZerGVilleta folded before Flop (didn't bet)
Seat 4: torospecial folded before Flop (didn't bet)
Seat 5: Alameda22 folded before Flop (didn't bet)
Seat 6: harakiri 22 folded before Flop (didn't bet)
Seat 7: Burkinator99 folded before Flop (didn't bet)
Seat 8: Bjoerni89 collected ($4.05)
Seat 9: GerhardB (button) folded before Flop (didn't bet)



PokerStars Game #20020115549:  Hold'em No Limit ($0.10/$0.25) - 2008/08/30 - 16:37:32 (ET)
Table 'Gienah' 9-max Seat #1 is the button
Seat 1: mcdougal2 ($26 in chips) 
Seat 2: t0kse ($50.05 in chips) 
Seat 4: torospecial ($14.35 in chips) 
Seat 5: Alameda22 ($25 in chips) 
Seat 6: harakiri 22 ($20.20 in chips) 
Seat 7: Burkinator99 ($31.25 in chips) 
Seat 8: Bjoerni89 ($27.05 in chips) 
Seat 9: GerhardB ($33.30 in chips) 
t0kse: posts small blind $0.10
ZerGVilleta: is sitting out 
torospecial: posts big blind $0.25
*** HOLE CARDS ***
Dealt to Alameda22 [3c 5c]
ZerGVilleta leaves the table
Alameda22: folds 
harakiri 22: folds 
Burkinator99: folds 
Bjoerni89: folds 
ROFOLD joins the table at seat #3 
GerhardB: folds 
mcdougal2: folds 
t0kse: folds 
Uncalled bet ($0.15) returned to torospecial
torospecial collected $0.20 from pot
*** SUMMARY ***
Total pot $0.20 | Rake $0 
Seat 1: mcdougal2 (button) folded before Flop (didn't bet)
Seat 2: t0kse (small blind) folded before Flop
Seat 4: torospecial (big blind) collected ($0.20)
Seat 5: Alameda22 folded before Flop (didn't bet)
Seat 6: harakiri 22 folded before Flop (didn't bet)
Seat 7: Burkinator99 folded before Flop (didn't bet)
Seat 8: Bjoerni89 folded before Flop (didn't bet)
Seat 9: GerhardB folded before Flop (didn't bet)



PokerStars Game #20020133138:  Hold'em No Limit ($0.10/$0.25) - 2008/08/30 - 16:38:18 (ET)
Table 'Gienah' 9-max Seat #2 is the button
Seat 1: mcdougal2 ($26 in chips) 
Seat 2: t0kse ($49.95 in chips) 
Seat 4: torospecial ($14.45 in chips) 
Seat 5: Alameda22 ($25 in chips) 
Seat 6: harakiri 22 ($20.20 in chips) 
Seat 7: Burkinator99 ($31.25 in chips) 
Seat 8: Bjoerni89 ($27.05 in chips) 
Seat 9: GerhardB ($33.30 in chips) 
ROFOLD will be allowed to play after the button
torospecial: posts small blind $0.10
Alameda22: posts big blind $0.25
*** HOLE CARDS ***
Dealt to Alameda22 [2h Kd]
harakiri 22: folds 
Burkinator99: folds 
Bjoerni89: folds 
GerhardB: folds 
mcdougal2: calls $0.25
t0kse: calls $0.25
torospecial: folds 
Alameda22: checks 
*** FLOP *** [Jd Tc 9d]
Alameda22: checks 
mcdougal2: bets $1
t0kse: calls $1
Alameda22: folds 
*** TURN *** [Jd Tc 9d] [2c]
mcdougal2: bets $2
t0kse: calls $2
*** RIVER *** [Jd Tc 9d 2c] [4s]
mcdougal2: bets $2
t0kse: calls $2
*** SHOW DOWN ***
mcdougal2: shows [Jc Qs] (a pair of Jacks)
t0kse: shows [9s 9c] (three of a kind, Nines)
t0kse collected $10.35 from pot
*** SUMMARY ***
Total pot $10.85 | Rake $0.50 
Board [Jd Tc 9d 2c 4s]
Seat 1: mcdougal2 showed [Jc Qs] and lost with a pair of Jacks
Seat 2: t0kse (button) showed [9s 9c] and won ($10.35) with three of a kind, Nines
Seat 4: torospecial (small blind) folded before Flop
Seat 5: Alameda22 (big blind) folded on the Flop
Seat 6: harakiri 22 folded before Flop (didn't bet)
Seat 7: Burkinator99 folded before Flop (didn't bet)
Seat 8: Bjoerni89 folded before Flop (didn't bet)
Seat 9: GerhardB folded before Flop (didn't bet)



PokerStars Game #20020154222:  Hold'em No Limit ($0.10/$0.25) - 2008/08/30 - 16:39:13 (ET)
Table 'Gienah' 9-max Seat #4 is the button
Seat 1: mcdougal2 ($20.75 in chips) 
Seat 2: t0kse ($55.05 in chips) 
Seat 3: ROFOLD ($15 in chips) 
Seat 4: torospecial ($14.35 in chips) 
Seat 5: Alameda22 ($24.75 in chips) 
Seat 6: harakiri 22 ($20.20 in chips) 
Seat 7: Burkinator99 ($31.25 in chips) 
Seat 8: Bjoerni89 ($27.05 in chips) 
Seat 9: GerhardB ($33.30 in chips) 
Alameda22: posts small blind $0.10
harakiri 22: posts big blind $0.25
ROFOLD: posts big blind $0.25
*** HOLE CARDS ***
Dealt to Alameda22 [5d 2c]
Burkinator99: folds 
Bjoerni89: folds 
GerhardB: raises $0.75 to $1
mcdougal2: raises $2 to $3
t0kse: folds 
ROFOLD: folds 
torospecial: folds 
Alameda22: folds 
harakiri 22: folds 
GerhardB: calls $2
*** FLOP *** [7h 9h Td]
GerhardB: checks 
mcdougal2: bets $5
GerhardB: folds 
Uncalled bet ($5) returned to mcdougal2
mcdougal2 collected $6.30 from pot
mcdougal2: doesn't show hand 
*** SUMMARY ***
Total pot $6.60 | Rake $0.30 
Board [7h 9h Td]
Seat 1: mcdougal2 collected ($6.30)
Seat 2: t0kse folded before Flop (didn't bet)
Seat 3: ROFOLD folded before Flop
Seat 4: torospecial (button) folded before Flop (didn't bet)
Seat 5: Alameda22 (small blind) folded before Flop
Seat 6: harakiri 22 (big blind) folded before Flop
Seat 7: Burkinator99 folded before Flop (didn't bet)
Seat 8: Bjoerni89 folded before Flop (didn't bet)
Seat 9: GerhardB folded on the Flop



PokerStars Game #20020176601:  Hold'em No Limit ($0.10/$0.25) - 2008/08/30 - 16:40:11 (ET)
Table 'Gienah' 9-max Seat #5 is the button
Seat 1: mcdougal2 ($25 in chips) 
Seat 2: t0kse ($55.05 in chips) 
Seat 3: ROFOLD ($14.75 in chips) 
Seat 4: torospecial ($14.35 in chips) 
Seat 5: Alameda22 ($24.65 in chips) 
Seat 6: harakiri 22 ($19.95 in chips) 
Seat 7: Burkinator99 ($31.25 in chips) 
Seat 8: Bjoerni89 ($27.05 in chips) 
Seat 9: GerhardB ($30.30 in chips) 
harakiri 22: posts small blind $0.10
Burkinator99: posts big blind $0.25
*** HOLE CARDS ***
Dealt to Alameda22 [8h 3d]
Bjoerni89: calls $0.25
GerhardB: calls $0.25
mcdougal2: folds 
t0kse: folds 
ROFOLD: calls $0.25
torospecial: folds 
Alameda22: folds 
harakiri 22: folds 
Burkinator99: checks 
*** FLOP *** [Kc Tc 3c]
Burkinator99: bets $0.75
Bjoerni89: folds 
GerhardB: calls $0.75
ROFOLD: folds 
*** TURN *** [Kc Tc 3c] [Kd]
Burkinator99: checks 
GerhardB: checks 
*** RIVER *** [Kc Tc 3c Kd] [5s]
Burkinator99: checks 
GerhardB: checks 
*** SHOW DOWN ***
Burkinator99: shows [6s Ac] (a pair of Kings)
GerhardB: mucks hand 
Burkinator99 collected $2.50 from pot
*** SUMMARY ***
Total pot $2.60 | Rake $0.10 
Board [Kc Tc 3c Kd 5s]
Seat 1: mcdougal2 folded before Flop (didn't bet)
Seat 2: t0kse folded before Flop (didn't bet)
Seat 3: ROFOLD folded on the Flop
Seat 4: torospecial folded before Flop (didn't bet)
Seat 5: Alameda22 (button) folded before Flop (didn't bet)
Seat 6: harakiri 22 (small blind) folded before Flop
Seat 7: Burkinator99 (big blind) showed [6s Ac] and won ($2.50) with a pair of Kings
Seat 8: Bjoerni89 folded on the Flop
Seat 9: GerhardB mucked [Qc Jd]



PokerStars Game #20020204120:  Hold'em No Limit ($0.10/$0.25) - 2008/08/30 - 16:41:21 (ET)
Table 'Gienah' 9-max Seat #6 is the button
Seat 1: mcdougal2 ($25 in chips) 
Seat 2: t0kse ($55.05 in chips) 
Seat 3: ROFOLD ($14.50 in chips) 
Seat 4: torospecial ($14.35 in chips) 
Seat 5: Alameda22 ($24.65 in chips) 
Seat 6: harakiri 22 ($19.85 in chips) 
Seat 7: Burkinator99 ($32.75 in chips) 
Seat 8: Bjoerni89 ($26.80 in chips) 
Seat 9: GerhardB ($29.30 in chips) 
Burkinator99: posts small blind $0.10
Bjoerni89: posts big blind $0.25
*** HOLE CARDS ***
Dealt to Alameda22 [Td 5s]
GerhardB: folds 
mcdougal2: folds 
t0kse: folds 
ROFOLD: raises $0.50 to $0.75
torospecial: folds 
Alameda22: folds 
harakiri 22: folds 
Burkinator99: folds 
Bjoerni89: calls $0.50
*** FLOP *** [Jh 8s 3s]
Bjoerni89: checks 
ROFOLD: bets $1.25
Bjoerni89: folds 
Uncalled bet ($1.25) returned to ROFOLD
ROFOLD collected $1.55 from pot
ROFOLD: doesn't show hand 
*** SUMMARY ***
Total pot $1.60 | Rake $0.05 
Board [Jh 8s 3s]
Seat 1: mcdougal2 folded before Flop (didn't bet)
Seat 2: t0kse folded before Flop (didn't bet)
Seat 3: ROFOLD collected ($1.55)
Seat 4: torospecial folded before Flop (didn't bet)
Seat 5: Alameda22 folded before Flop (didn't bet)
Seat 6: harakiri 22 (button) folded before Flop (didn't bet)
Seat 7: Burkinator99 (small blind) folded before Flop
Seat 8: Bjoerni89 (big blind) folded on the Flop
Seat 9: GerhardB folded before Flop (didn't bet)



PokerStars Game #20020223298:  Hold'em No Limit ($0.10/$0.25) - 2008/08/30 - 16:42:11 (ET)
Table 'Gienah' 9-max Seat #7 is the button
Seat 1: mcdougal2 ($25 in chips) 
Seat 2: t0kse ($55.05 in chips) 
Seat 3: ROFOLD ($15.30 in chips) 
Seat 4: torospecial ($14.35 in chips) 
Seat 5: Alameda22 ($24.65 in chips) 
Seat 6: harakiri 22 ($19.85 in chips) 
Seat 7: Burkinator99 ($32.65 in chips) 
Seat 8: Bjoerni89 ($26.05 in chips) 
Seat 9: GerhardB ($29.30 in chips) 
Bjoerni89: posts small blind $0.10
GerhardB: posts big blind $0.25
*** HOLE CARDS ***
Dealt to Alameda22 [Kc 5c]
mcdougal2: folds 
t0kse: folds 
ROFOLD: folds 
torospecial: calls $0.25
Alameda22: folds 
harakiri 22: folds 
Burkinator99: folds 
Bjoerni89: folds 
GerhardB: checks 
*** FLOP *** [Qh 6d Ks]
GerhardB: checks 
torospecial: checks 
*** TURN *** [Qh 6d Ks] [9d]
GerhardB: bets $0.50
torospecial: folds 
Uncalled bet ($0.50) returned to GerhardB
GerhardB collected $0.60 from pot
GerhardB: doesn't show hand 
*** SUMMARY ***
Total pot $0.60 | Rake $0 
Board [Qh 6d Ks 9d]
Seat 1: mcdougal2 folded before Flop (didn't bet)
Seat 2: t0kse folded before Flop (didn't bet)
Seat 3: ROFOLD folded before Flop (didn't bet)
Seat 4: torospecial folded on the Turn
Seat 5: Alameda22 folded before Flop (didn't bet)
Seat 6: harakiri 22 folded before Flop (didn't bet)
Seat 7: Burkinator99 (button) folded before Flop (didn't bet)
Seat 8: Bjoerni89 (small blind) folded before Flop
Seat 9: GerhardB (big blind) collected ($0.60)



PokerStars Game #20020241766:  Hold'em No Limit ($0.10/$0.25) - 2008/08/30 - 16:42:59 (ET)
Table 'Gienah' 9-max Seat #8 is the button
Seat 1: mcdougal2 ($25 in chips) 
Seat 2: t0kse ($55.05 in chips) 
Seat 3: ROFOLD ($15.30 in chips) 
Seat 4: torospecial ($14.10 in chips) 
Seat 5: Alameda22 ($24.65 in chips) 
Seat 6: harakiri 22 ($19.85 in chips) 
Seat 7: Burkinator99 ($32.65 in chips) 
Seat 8: Bjoerni89 ($25.95 in chips) 
Seat 9: GerhardB ($29.65 in chips) 
GerhardB: posts small blind $0.10
mcdougal2: posts big blind $0.25
*** HOLE CARDS ***
Dealt to Alameda22 [Kc Td]
t0kse: folds 
ROFOLD: folds 
torospecial: folds 
Alameda22: folds 
harakiri 22: calls $0.25
Burkinator99: raises $0.75 to $1
Bjoerni89: folds 
GerhardB: folds 
mcdougal2: folds 
harakiri 22: folds 
Uncalled bet ($0.75) returned to Burkinator99
Burkinator99 collected $0.85 from pot
Burkinator99: doesn't show hand 
*** SUMMARY ***
Total pot $0.85 | Rake $0 
Seat 1: mcdougal2 (big blind) folded before Flop
Seat 2: t0kse folded before Flop (didn't bet)
Seat 3: ROFOLD folded before Flop (didn't bet)
Seat 4: torospecial folded before Flop (didn't bet)
Seat 5: Alameda22 folded before Flop (didn't bet)
Seat 6: harakiri 22 folded before Flop
Seat 7: Burkinator99 collected ($0.85)
Seat 8: Bjoerni89 (button) folded before Flop (didn't bet)
Seat 9: GerhardB (small blind) folded before Flop



PokerStars Game #20020261585:  Hold'em No Limit ($0.10/$0.25) - 2008/08/30 - 16:43:50 (ET)
Table 'Gienah' 9-max Seat #9 is the button
Seat 1: mcdougal2 ($24.75 in chips) 
Seat 2: t0kse ($55.05 in chips) 
Seat 3: ROFOLD ($15.30 in chips) 
Seat 4: torospecial ($14.10 in chips) 
Seat 5: Alameda22 ($24.65 in chips) 
Seat 6: harakiri 22 ($19.60 in chips) 
Seat 7: Burkinator99 ($33.25 in chips) 
Seat 8: Bjoerni89 ($25.95 in chips) 
Seat 9: GerhardB ($29.55 in chips) 
mcdougal2: posts small blind $0.10
t0kse: posts big blind $0.25
*** HOLE CARDS ***
Dealt to Alameda22 [3s Qs]
ROFOLD: folds 
torospecial: folds 
Alameda22: folds 
harakiri 22: folds 
Burkinator99: raises $0.75 to $1
Bjoerni89: folds 
GerhardB: raises $1.50 to $2.50
mcdougal2: folds 
t0kse: folds 
Burkinator99: folds 
Uncalled bet ($1.50) returned to GerhardB
GerhardB collected $2.35 from pot
GerhardB: doesn't show hand 
*** SUMMARY ***
Total pot $2.35 | Rake $0 
Seat 1: mcdougal2 (small blind) folded before Flop
Seat 2: t0kse (big blind) folded before Flop
Seat 3: ROFOLD folded before Flop (didn't bet)
Seat 4: torospecial folded before Flop (didn't bet)
Seat 5: Alameda22 folded before Flop (didn't bet)
Seat 6: harakiri 22 folded before Flop (didn't bet)
Seat 7: Burkinator99 folded before Flop
Seat 8: Bjoerni89 folded before Flop (didn't bet)
Seat 9: GerhardB (button) collected ($2.35)



PokerStars Game #20020277950:  Hold'em No Limit ($0.10/$0.25) - 2008/08/30 - 16:44:33 (ET)
Table 'Gienah' 9-max Seat #1 is the button
Seat 1: mcdougal2 ($24.65 in chips) 
Seat 2: t0kse ($54.80 in chips) 
Seat 3: ROFOLD ($15.30 in chips) 
Seat 4: torospecial ($14.10 in chips) 
Seat 5: Alameda22 ($24.65 in chips) 
Seat 6: harakiri 22 ($19.60 in chips) 
Seat 7: Burkinator99 ($32.25 in chips) 
Seat 8: Bjoerni89 ($25.95 in chips) 
Seat 9: GerhardB ($30.90 in chips) 
t0kse: posts small blind $0.10
ROFOLD: posts big blind $0.25
*** HOLE CARDS ***
Dealt to Alameda22 [7h Tc]
torospecial: folds 
Alameda22: folds 
harakiri 22: folds 
Burkinator99: raises $0.75 to $1
Bjoerni89: folds 
GerhardB: folds 
mcdougal2: folds 
t0kse: folds 
ROFOLD: folds 
Uncalled bet ($0.75) returned to Burkinator99
Burkinator99 collected $0.60 from pot
Burkinator99: doesn't show hand 
*** SUMMARY ***
Total pot $0.60 | Rake $0 
Seat 1: mcdougal2 (button) folded before Flop (didn't bet)
Seat 2: t0kse (small blind) folded before Flop
Seat 3: ROFOLD (big blind) folded before Flop
Seat 4: torospecial folded before Flop (didn't bet)
Seat 5: Alameda22 folded before Flop (didn't bet)
Seat 6: harakiri 22 folded before Flop (didn't bet)
Seat 7: Burkinator99 collected ($0.60)
Seat 8: Bjoerni89 folded before Flop (didn't bet)
Seat 9: GerhardB folded before Flop (didn't bet)



PokerStars Game #20020305153:  Hold'em No Limit ($0.10/$0.25) - 2008/08/30 - 16:45:44 (ET)
Table 'Gienah' 9-max Seat #2 is the button
Seat 1: mcdougal2 ($24.65 in chips) 
Seat 2: t0kse ($54.70 in chips) 
Seat 3: ROFOLD ($15.05 in chips) 
Seat 4: torospecial ($14.10 in chips) 
Seat 5: Alameda22 ($24.65 in chips) 
Seat 6: harakiri 22 ($19.60 in chips) 
Seat 7: Burkinator99 ($32.60 in chips) 
Seat 8: Bjoerni89 ($25.95 in chips) 
Seat 9: GerhardB ($30.90 in chips) 
ROFOLD: posts small blind $0.10
torospecial: posts big blind $0.25
*** HOLE CARDS ***
Dealt to Alameda22 [Ts 7c]
Alameda22: folds 
harakiri 22: folds 
Burkinator99: folds 
Bjoerni89: folds 
GerhardB: folds 
mcdougal2: folds 
t0kse: folds 
ROFOLD: folds 
Uncalled bet ($0.15) returned to torospecial
torospecial collected $0.20 from pot
*** SUMMARY ***
Total pot $0.20 | Rake $0 
Seat 1: mcdougal2 folded before Flop (didn't bet)
Seat 2: t0kse (button) folded before Flop (didn't bet)
Seat 3: ROFOLD (small blind) folded before Flop
Seat 4: torospecial (big blind) collected ($0.20)
Seat 5: Alameda22 folded before Flop (didn't bet)
Seat 6: harakiri 22 folded before Flop (didn't bet)
Seat 7: Burkinator99 folded before Flop (didn't bet)
Seat 8: Bjoerni89 folded before Flop (didn't bet)
Seat 9: GerhardB folded before Flop (didn't bet)



PokerStars Game #20020323665:  Hold'em No Limit ($0.10/$0.25) - 2008/08/30 - 16:46:32 (ET)
Table 'Gienah' 9-max Seat #3 is the button
Seat 1: mcdougal2 ($24.65 in chips) 
Seat 2: t0kse ($54.70 in chips) 
Seat 3: ROFOLD ($14.95 in chips) 
Seat 4: torospecial ($14.20 in chips) 
Seat 5: Alameda22 ($24.65 in chips) 
Seat 6: harakiri 22 ($19.60 in chips) 
Seat 7: Burkinator99 ($32.60 in chips) 
Seat 8: Bjoerni89 ($25.95 in chips) 
Seat 9: GerhardB ($30.90 in chips) 
torospecial: posts small blind $0.10
Alameda22: posts big blind $0.25
*** HOLE CARDS ***
Dealt to Alameda22 [Td Kd]
harakiri 22: folds 
Burkinator99: folds 
Bjoerni89: folds 
GerhardB: folds 
mcdougal2: folds 
t0kse: raises $0.50 to $0.75
ROFOLD: folds 
torospecial: calls $0.65
Alameda22: folds 
*** FLOP *** [5d Th 7c]
torospecial: checks 
t0kse: checks 
*** TURN *** [5d Th 7c] [2h]
torospecial: checks 
t0kse: checks 
*** RIVER *** [5d Th 7c 2h] [Ad]
torospecial: checks 
t0kse: checks 
*** SHOW DOWN ***
torospecial: shows [Qc As] (a pair of Aces)
t0kse: mucks hand 
torospecial collected $1.70 from pot
*** SUMMARY ***
Total pot $1.75 | Rake $0.05 
Board [5d Th 7c 2h Ad]
Seat 1: mcdougal2 folded before Flop (didn't bet)
Seat 2: t0kse mucked [Qd Ks]
Seat 3: ROFOLD (button) folded before Flop (didn't bet)
Seat 4: torospecial (small blind) showed [Qc As] and won ($1.70) with a pair of Aces
Seat 5: Alameda22 (big blind) folded before Flop
Seat 6: harakiri 22 folded before Flop (didn't bet)
Seat 7: Burkinator99 folded before Flop (didn't bet)
Seat 8: Bjoerni89 folded before Flop (didn't bet)
Seat 9: GerhardB folded before Flop (didn't bet)



PokerStars Game #20020346026:  Hold'em No Limit ($0.10/$0.25) - 2008/08/30 - 16:47:30 (ET)
Table 'Gienah' 9-max Seat #4 is the button
Seat 1: mcdougal2 ($24.65 in chips) 
Seat 2: t0kse ($53.95 in chips) 
Seat 3: ROFOLD ($14.95 in chips) 
Seat 4: torospecial ($15.15 in chips) 
Seat 5: Alameda22 ($24.40 in chips) 
Seat 6: harakiri 22 ($19.60 in chips) 
Seat 7: Burkinator99 ($32.60 in chips) 
Seat 8: Bjoerni89 ($25.95 in chips) 
Seat 9: GerhardB ($30.90 in chips) 
Alameda22: posts small blind $0.10
harakiri 22: posts big blind $0.25
*** HOLE CARDS ***
Dealt to Alameda22 [7c 7h]
Burkinator99: folds 
Bjoerni89: folds 
GerhardB: calls $0.25
mcdougal2: folds 
t0kse: folds 
ROFOLD: folds 
torospecial: folds 
Alameda22: calls $0.15
harakiri 22: checks 
*** FLOP *** [3h Ah Tc]
Alameda22: checks 
harakiri 22: checks 
GerhardB: bets $0.50
Alameda22: folds 
harakiri 22: calls $0.50
*** TURN *** [3h Ah Tc] [Jc]
harakiri 22: checks 
GerhardB: bets $0.50
harakiri 22: calls $0.50
*** RIVER *** [3h Ah Tc Jc] [5h]
harakiri 22: checks 
GerhardB: checks 
*** SHOW DOWN ***
harakiri 22: shows [2s Ad] (a pair of Aces)
GerhardB: mucks hand 
harakiri 22 collected $2.65 from pot
*** SUMMARY ***
Total pot $2.75 | Rake $0.10 
Board [3h Ah Tc Jc 5h]
Seat 1: mcdougal2 folded before Flop (didn't bet)
Seat 2: t0kse folded before Flop (didn't bet)
Seat 3: ROFOLD folded before Flop (didn't bet)
Seat 4: torospecial (button) folded before Flop (didn't bet)
Seat 5: Alameda22 (small blind) folded on the Flop
Seat 6: harakiri 22 (big blind) showed [2s Ad] and won ($2.65) with a pair of Aces
Seat 7: Burkinator99 folded before Flop (didn't bet)
Seat 8: Bjoerni89 folded before Flop (didn't bet)
Seat 9: GerhardB mucked [7s Ts]



PokerStars Game #20020384600:  Hold'em No Limit ($0.10/$0.25) - 2008/08/30 - 16:49:12 (ET)
Table 'Gienah' 9-max Seat #5 is the button
Seat 1: mcdougal2 ($24.65 in chips) 
Seat 2: t0kse ($53.95 in chips) 
Seat 3: ROFOLD ($14.95 in chips) 
Seat 4: torospecial ($15.15 in chips) 
Seat 5: Alameda22 ($24.15 in chips) 
Seat 6: harakiri 22 ($21 in chips) 
Seat 7: Burkinator99 ($32.60 in chips) 
Seat 8: Bjoerni89 ($25.95 in chips) 
Seat 9: GerhardB ($29.65 in chips) 
harakiri 22: posts small blind $0.10
Burkinator99: posts big blind $0.25
*** HOLE CARDS ***
Dealt to Alameda22 [3c Th]
Bjoerni89: folds 
GerhardB: folds 
mcdougal2: folds 
t0kse: folds 
ROFOLD: folds 
torospecial: folds 
torospecial leaves the table
mrHat2 joins the table at seat #4 
Alameda22: folds 
harakiri 22: folds 
Uncalled bet ($0.15) returned to Burkinator99
Burkinator99 collected $0.20 from pot
Burkinator99: doesn't show hand 
*** SUMMARY ***
Total pot $0.20 | Rake $0 
Seat 1: mcdougal2 folded before Flop (didn't bet)
Seat 2: t0kse folded before Flop (didn't bet)
Seat 3: ROFOLD folded before Flop (didn't bet)
Seat 4: torospecial folded before Flop (didn't bet)
Seat 5: Alameda22 (button) folded before Flop (didn't bet)
Seat 6: harakiri 22 (small blind) folded before Flop
Seat 7: Burkinator99 (big blind) collected ($0.20)
Seat 8: Bjoerni89 folded before Flop (didn't bet)
Seat 9: GerhardB folded before Flop (didn't bet)



PokerStars Game #20020403851:  Hold'em No Limit ($0.10/$0.25) - 2008/08/30 - 16:50:03 (ET)
Table 'Gienah' 9-max Seat #6 is the button
Seat 1: mcdougal2 ($24.65 in chips) 
Seat 2: t0kse ($53.95 in chips) 
Seat 3: ROFOLD ($14.95 in chips) 
Seat 5: Alameda22 ($24.15 in chips) 
Seat 6: harakiri 22 ($20.90 in chips) 
Seat 7: Burkinator99 ($32.70 in chips) 
Seat 8: Bjoerni89 ($25.95 in chips) 
Seat 9: GerhardB ($29.65 in chips) 
Burkinator99: posts small blind $0.10
Bjoerni89: posts big blind $0.25
mrHat2: sits out 
*** HOLE CARDS ***
Dealt to Alameda22 [Ac 2c]
GerhardB: folds 
mcdougal2: raises $0.25 to $0.50
t0kse: folds 
ROFOLD: calls $0.50
Alameda22: folds 
harakiri 22: folds 
Burkinator99: folds 
Bjoerni89: folds 
*** FLOP *** [9s 6h 9h]
mcdougal2: checks 
ROFOLD: bets $0.75
mcdougal2: folds 
Uncalled bet ($0.75) returned to ROFOLD
ROFOLD collected $1.30 from pot
ROFOLD: doesn't show hand 
*** SUMMARY ***
Total pot $1.35 | Rake $0.05 
Board [9s 6h 9h]
Seat 1: mcdougal2 folded on the Flop
Seat 2: t0kse folded before Flop (didn't bet)
Seat 3: ROFOLD collected ($1.30)
Seat 5: Alameda22 folded before Flop (didn't bet)
Seat 6: harakiri 22 (button) folded before Flop (didn't bet)
Seat 7: Burkinator99 (small blind) folded before Flop
Seat 8: Bjoerni89 (big blind) folded before Flop
Seat 9: GerhardB folded before Flop (didn't bet)



PokerStars Game #20020418181:  Hold'em No Limit ($0.10/$0.25) - 2008/08/30 - 16:50:41 (ET)
Table 'Gienah' 9-max Seat #7 is the button
Seat 1: mcdougal2 ($24.15 in chips) 
Seat 2: t0kse ($53.95 in chips) 
Seat 3: ROFOLD ($15.75 in chips) 
Seat 5: Alameda22 ($24.15 in chips) 
Seat 6: harakiri 22 ($20.90 in chips) 
Seat 7: Burkinator99 ($32.60 in chips) 
Seat 8: Bjoerni89 ($25.70 in chips) 
Seat 9: GerhardB ($29.65 in chips) 
Bjoerni89: posts small blind $0.10
GerhardB: posts big blind $0.25
mrHat2: sits out 
*** HOLE CARDS ***
Dealt to Alameda22 [Js Jh]
mcdougal2: folds 
t0kse: folds 
ROFOLD: folds 
Alameda22: raises $0.75 to $1
harakiri 22: folds 
Burkinator99: folds 
Bjoerni89: folds 
GerhardB: folds 
Uncalled bet ($0.75) returned to Alameda22
Alameda22 collected $0.60 from pot
Alameda22: doesn't show hand 
*** SUMMARY ***
Total pot $0.60 | Rake $0 
Seat 1: mcdougal2 folded before Flop (didn't bet)
Seat 2: t0kse folded before Flop (didn't bet)
Seat 3: ROFOLD folded before Flop (didn't bet)
Seat 5: Alameda22 collected ($0.60)
Seat 6: harakiri 22 folded before Flop (didn't bet)
Seat 7: Burkinator99 (button) folded before Flop (didn't bet)
Seat 8: Bjoerni89 (small blind) folded before Flop
Seat 9: GerhardB (big blind) folded before Flop



PokerStars Game #20020430480:  Hold'em No Limit ($0.10/$0.25) - 2008/08/30 - 16:51:14 (ET)
Table 'Gienah' 9-max Seat #8 is the button
Seat 1: mcdougal2 ($24.15 in chips) 
Seat 2: t0kse ($53.95 in chips) 
Seat 3: ROFOLD ($15.75 in chips) 
Seat 5: Alameda22 ($24.50 in chips) 
Seat 6: harakiri 22 ($20.90 in chips) 
Seat 7: Burkinator99 ($32.60 in chips) 
Seat 8: Bjoerni89 ($25.60 in chips) 
Seat 9: GerhardB ($29.40 in chips) 
GerhardB: posts small blind $0.10
mcdougal2: posts big blind $0.25
mrHat2: sits out 
*** HOLE CARDS ***
Dealt to Alameda22 [4h 3s]
t0kse: folds 
ROFOLD: raises $0.50 to $0.75
Alameda22: folds 
harakiri 22: folds 
Burkinator99: folds 
Bjoerni89: folds 
GerhardB: folds 
mcdougal2: folds 
Uncalled bet ($0.50) returned to ROFOLD
ROFOLD collected $0.60 from pot
ROFOLD: doesn't show hand 
*** SUMMARY ***
Total pot $0.60 | Rake $0 
Seat 1: mcdougal2 (big blind) folded before Flop
Seat 2: t0kse folded before Flop (didn't bet)
Seat 3: ROFOLD collected ($0.60)
Seat 5: Alameda22 folded before Flop (didn't bet)
Seat 6: harakiri 22 folded before Flop (didn't bet)
Seat 7: Burkinator99 folded before Flop (didn't bet)
Seat 8: Bjoerni89 (button) folded before Flop (didn't bet)
Seat 9: GerhardB (small blind) folded before Flop



PokerStars Game #20020446566:  Hold'em No Limit ($0.10/$0.25) - 2008/08/30 - 16:51:56 (ET)
Table 'Gienah' 9-max Seat #9 is the button
Seat 1: mcdougal2 ($23.90 in chips) 
Seat 4: mrHat2 ($5.35 in chips) 
Seat 5: Alameda22 ($24.50 in chips) 
Seat 6: harakiri 22 ($20.90 in chips) 
Seat 7: Burkinator99 ($32.60 in chips) 
Seat 8: Bjoerni89 ($25.60 in chips) 
Seat 9: GerhardB ($29.30 in chips) 
mcdougal2: posts small blind $0.10
t0kse: is sitting out 
ROFOLD: is sitting out 
t0kse leaves the table
ROFOLD leaves the table
mrHat2: posts big blind $0.25
*** HOLE CARDS ***
Dealt to Alameda22 [Js 5c]
Alameda22: folds 
harakiri 22: folds 
Burkinator99: folds 
Bjoerni89: folds 
GerhardB: calls $0.25
mcdougal2: calls $0.15
mrHat2: checks 
*** FLOP *** [6h 9c 6c]
mcdougal2: checks 
mrHat2: bets $0.50
GerhardB: calls $0.50
mcdougal2: folds 
*** TURN *** [6h 9c 6c] [8h]
nando2204 joins the table at seat #3 
mrHat2: bets $0.50
GerhardB: calls $0.50
*** RIVER *** [6h 9c 6c 8h] [3c]
mrHat2: checks 
GerhardB: bets $1
mrHat2: folds 
Uncalled bet ($1) returned to GerhardB
GerhardB collected $2.65 from pot
GerhardB: doesn't show hand 
*** SUMMARY ***
Total pot $2.75 | Rake $0.10 
Board [6h 9c 6c 8h 3c]
Seat 1: mcdougal2 (small blind) folded on the Flop
Seat 4: mrHat2 (big blind) folded on the River
Seat 5: Alameda22 folded before Flop (didn't bet)
Seat 6: harakiri 22 folded before Flop (didn't bet)
Seat 7: Burkinator99 folded before Flop (didn't bet)
Seat 8: Bjoerni89 folded before Flop (didn't bet)
Seat 9: GerhardB (button) collected ($2.65)



PokerStars Game #20020478787:  Hold'em No Limit ($0.10/$0.25) - 2008/08/30 - 16:53:22 (ET)
Table 'Gienah' 9-max Seat #1 is the button
Seat 1: mcdougal2 ($23.65 in chips) 
Seat 4: mrHat2 ($5 in chips) 
Seat 5: Alameda22 ($24.50 in chips) 
Seat 6: harakiri 22 ($20.90 in chips) 
Seat 7: Burkinator99 ($32.60 in chips) 
Seat 8: Bjoerni89 ($25.60 in chips) 
Seat 9: GerhardB ($30.70 in chips) 
nando2204 will be allowed to play after the button
mrHat2: posts small blind $0.10
Alameda22: posts big blind $0.25
*** HOLE CARDS ***
Dealt to Alameda22 [8c 5h]
harakiri 22: folds 
Burkinator99: folds 
Bjoerni89: folds 
GerhardB: folds 
mcdougal2: folds 
mrHat2: folds 
Uncalled bet ($0.15) returned to Alameda22
Alameda22 collected $0.20 from pot
Alameda22: doesn't show hand 
*** SUMMARY ***
Total pot $0.20 | Rake $0 
Seat 1: mcdougal2 (button) folded before Flop (didn't bet)
Seat 4: mrHat2 (small blind) folded before Flop
Seat 5: Alameda22 (big blind) collected ($0.20)
Seat 6: harakiri 22 folded before Flop (didn't bet)
Seat 7: Burkinator99 folded before Flop (didn't bet)
Seat 8: Bjoerni89 folded before Flop (didn't bet)
Seat 9: GerhardB folded before Flop (didn't bet)



PokerStars Game #20020486041:  Hold'em No Limit ($0.10/$0.25) - 2008/08/30 - 16:53:41 (ET)
Table 'Gienah' 9-max Seat #4 is the button
Seat 1: mcdougal2 ($23.65 in chips) 
Seat 3: nando2204 ($15 in chips) 
Seat 4: mrHat2 ($4.90 in chips) 
Seat 5: Alameda22 ($24.60 in chips) 
Seat 6: harakiri 22 ($20.90 in chips) 
Seat 7: Burkinator99 ($32.60 in chips) 
Seat 8: Bjoerni89 ($25.60 in chips) 
Seat 9: GerhardB ($30.70 in chips) 
Alameda22: posts small blind $0.10
harakiri 22: posts big blind $0.25
nando2204: posts big blind $0.25
*** HOLE CARDS ***
Dealt to Alameda22 [4h 5s]
Burkinator99: folds 
Bjoerni89: folds 
GerhardB: folds 
mcdougal2: folds 
nando2204: checks 
mrHat2: folds 
Alameda22: folds 
harakiri 22: checks 
*** FLOP *** [3d 5c Kh]
harakiri 22: checks 
nando2204: bets $0.50
harakiri 22: folds 
Uncalled bet ($0.50) returned to nando2204
nando2204 collected $0.60 from pot
nando2204: doesn't show hand 
*** SUMMARY ***
Total pot $0.60 | Rake $0 
Board [3d 5c Kh]
Seat 1: mcdougal2 folded before Flop (didn't bet)
Seat 3: nando2204 collected ($0.60)
Seat 4: mrHat2 (button) folded before Flop (didn't bet)
Seat 5: Alameda22 (small blind) folded before Flop
Seat 6: harakiri 22 (big blind) folded on the Flop
Seat 7: Burkinator99 folded before Flop (didn't bet)
Seat 8: Bjoerni89 folded before Flop (didn't bet)
Seat 9: GerhardB folded before Flop (didn't bet)



PokerStars Game #20020500910:  Hold'em No Limit ($0.10/$0.25) - 2008/08/30 - 16:54:21 (ET)
Table 'Gienah' 9-max Seat #5 is the button
Seat 1: mcdougal2 ($23.65 in chips) 
Seat 3: nando2204 ($15.35 in chips) 
Seat 4: mrHat2 ($4.90 in chips) 
Seat 5: Alameda22 ($24.50 in chips) 
Seat 6: harakiri 22 ($20.65 in chips) 
Seat 7: Burkinator99 ($32.60 in chips) 
Seat 8: Bjoerni89 ($25.60 in chips) 
Seat 9: GerhardB ($30.70 in chips) 
harakiri 22: posts small blind $0.10
Burkinator99: posts big blind $0.25
*** HOLE CARDS ***
Dealt to Alameda22 [Tc 9h]
Bjoerni89: folds 
GerhardB: folds 
mcdougal2: calls $0.25
nando2204: calls $0.25
mrHat2: folds 
Alameda22: folds 
harakiri 22: folds 
Burkinator99: checks 
*** FLOP *** [2d 8d Jd]
Burkinator99: bets $0.75
mcdougal2: folds 
nando2204: calls $0.75
*** TURN *** [2d 8d Jd] [As]
Burkinator99: checks 
nando2204: checks 
*** RIVER *** [2d 8d Jd As] [9s]
Burkinator99: checks 
nando2204: bets $1.25
Burkinator99: calls $1.25
*** SHOW DOWN ***
nando2204: shows [Ad 8h] (two pair, Aces and Eights)
Burkinator99: mucks hand 
nando2204 collected $4.65 from pot
*** SUMMARY ***
Total pot $4.85 | Rake $0.20 
Board [2d 8d Jd As 9s]
Seat 1: mcdougal2 folded on the Flop
Seat 3: nando2204 showed [Ad 8h] and won ($4.65) with two pair, Aces and Eights
Seat 4: mrHat2 folded before Flop (didn't bet)
Seat 5: Alameda22 (button) folded before Flop (didn't bet)
Seat 6: harakiri 22 (small blind) folded before Flop
Seat 7: Burkinator99 (big blind) mucked [7h Js]
Seat 8: Bjoerni89 folded before Flop (didn't bet)
Seat 9: GerhardB folded before Flop (didn't bet)



PokerStars Game #20020523085:  Hold'em No Limit ($0.10/$0.25) - 2008/08/30 - 16:55:20 (ET)
Table 'Gienah' 9-max Seat #6 is the button
Seat 1: mcdougal2 ($23.40 in chips) 
Seat 3: nando2204 ($17.75 in chips) 
Seat 4: mrHat2 ($4.90 in chips) 
Seat 5: Alameda22 ($24.50 in chips) 
Seat 6: harakiri 22 ($20.55 in chips) 
Seat 7: Burkinator99 ($30.35 in chips) 
Seat 8: Bjoerni89 ($25.60 in chips) 
Seat 9: GerhardB ($30.70 in chips) 
Burkinator99: posts small blind $0.10
Bjoerni89: posts big blind $0.25
*** HOLE CARDS ***
Dealt to Alameda22 [8h Ts]
GerhardB: folds 
mcdougal2: folds 
nando2204: folds 
mrHat2: folds 
Alameda22: folds 
harakiri 22: folds 
AlexM80 joins the table at seat #2 
Burkinator99: raises $0.50 to $0.75
Bjoerni89: raises $1.50 to $2.25
Burkinator99: folds 
Uncalled bet ($1.50) returned to Bjoerni89
Bjoerni89 collected $1.50 from pot
Bjoerni89: doesn't show hand 
*** SUMMARY ***
Total pot $1.50 | Rake $0 
Seat 1: mcdougal2 folded before Flop (didn't bet)
Seat 3: nando2204 folded before Flop (didn't bet)
Seat 4: mrHat2 folded before Flop (didn't bet)
Seat 5: Alameda22 folded before Flop (didn't bet)
Seat 6: harakiri 22 (button) folded before Flop (didn't bet)
Seat 7: Burkinator99 (small blind) folded before Flop
Seat 8: Bjoerni89 (big blind) collected ($1.50)
Seat 9: GerhardB folded before Flop (didn't bet)



PokerStars Game #20020536804:  Hold'em No Limit ($0.10/$0.25) - 2008/08/30 - 16:55:57 (ET)
Table 'Gienah' 9-max Seat #7 is the button
Seat 1: mcdougal2 ($23.40 in chips) 
Seat 3: nando2204 ($17.75 in chips) 
Seat 4: mrHat2 ($4.90 in chips) 
Seat 5: Alameda22 ($24.50 in chips) 
Seat 6: harakiri 22 ($20.55 in chips) 
Seat 7: Burkinator99 ($29.60 in chips) 
Seat 8: Bjoerni89 ($26.35 in chips) 
Seat 9: GerhardB ($30.70 in chips) 
Bjoerni89: posts small blind $0.10
GerhardB: posts big blind $0.25
AlexM80: sits out 
*** HOLE CARDS ***
Dealt to Alameda22 [Qc 2d]
mcdougal2: folds 
nando2204: folds 
mrHat2: folds 
Alameda22: folds 
harakiri 22: calls $0.25
Burkinator99: folds 
Bjoerni89: raises $1.25 to $1.50
GerhardB: folds 
harakiri 22: folds 
Uncalled bet ($1.25) returned to Bjoerni89
Bjoerni89 collected $0.75 from pot
Bjoerni89: doesn't show hand 
*** SUMMARY ***
Total pot $0.75 | Rake $0 
Seat 1: mcdougal2 folded before Flop (didn't bet)
Seat 3: nando2204 folded before Flop (didn't bet)
Seat 4: mrHat2 folded before Flop (didn't bet)
Seat 5: Alameda22 folded before Flop (didn't bet)
Seat 6: harakiri 22 folded before Flop
Seat 7: Burkinator99 (button) folded before Flop (didn't bet)
Seat 8: Bjoerni89 (small blind) collected ($0.75)
Seat 9: GerhardB (big blind) folded before Flop



PokerStars Game #20020557751:  Hold'em No Limit ($0.10/$0.25) - 2008/08/30 - 16:56:53 (ET)
Table 'Gienah' 9-max Seat #8 is the button
Seat 1: mcdougal2 ($23.40 in chips) 
Seat 3: nando2204 ($17.75 in chips) 
Seat 4: mrHat2 ($4.90 in chips) 
Seat 5: Alameda22 ($24.50 in chips) 
Seat 6: harakiri 22 ($20.30 in chips) 
Seat 7: Burkinator99 ($29.60 in chips) 
Seat 8: Bjoerni89 ($26.85 in chips) 
Seat 9: GerhardB ($30.45 in chips) 
GerhardB: posts small blind $0.10
mcdougal2: posts big blind $0.25
AlexM80: sits out 
*** HOLE CARDS ***
Dealt to Alameda22 [9h Qc]
nando2204: folds 
mrHat2: folds 
Alameda22: folds 
harakiri 22: folds 
Burkinator99: folds 
Bjoerni89: folds 
GerhardB: raises $0.25 to $0.50
mcdougal2: calls $0.25
*** FLOP *** [2s Jd Qs]
GerhardB: bets $1
mcdougal2: folds 
Uncalled bet ($1) returned to GerhardB
GerhardB collected $0.95 from pot
GerhardB: doesn't show hand 
*** SUMMARY ***
Total pot $1 | Rake $0.05 
Board [2s Jd Qs]
Seat 1: mcdougal2 (big blind) folded on the Flop
Seat 3: nando2204 folded before Flop (didn't bet)
Seat 4: mrHat2 folded before Flop (didn't bet)
Seat 5: Alameda22 folded before Flop (didn't bet)
Seat 6: harakiri 22 folded before Flop (didn't bet)
Seat 7: Burkinator99 folded before Flop (didn't bet)
Seat 8: Bjoerni89 (button) folded before Flop (didn't bet)
Seat 9: GerhardB (small blind) collected ($0.95)



PokerStars Game #20020575398:  Hold'em No Limit ($0.10/$0.25) - 2008/08/30 - 16:57:40 (ET)
Table 'Gienah' 9-max Seat #9 is the button
Seat 3: nando2204 ($17.75 in chips) 
Seat 4: mrHat2 ($4.90 in chips) 
Seat 5: Alameda22 ($24.50 in chips) 
Seat 6: harakiri 22 ($20.30 in chips) 
Seat 7: Burkinator99 ($29.60 in chips) 
Seat 8: Bjoerni89 ($26.85 in chips) 
Seat 9: GerhardB ($30.90 in chips) 
mcdougal2: is sitting out 
AlexM80 will be allowed to play after the button
mcdougal2 leaves the table
nando2204: posts small blind $0.10
mrHat2: posts big blind $0.25
*** HOLE CARDS ***
Dealt to Alameda22 [2h 6c]
Alameda22: folds 
harakiri 22: folds 
Burkinator99: folds 
Bjoerni89: raises $0.75 to $1
GerhardB: folds 
nando2204: folds 
mrHat2: folds 
Uncalled bet ($0.75) returned to Bjoerni89
ptpraw joins the table at seat #1 
Bjoerni89 collected $0.60 from pot
Bjoerni89: doesn't show hand 
*** SUMMARY ***
Total pot $0.60 | Rake $0 
Seat 3: nando2204 (small blind) folded before Flop
Seat 4: mrHat2 (big blind) folded before Flop
Seat 5: Alameda22 folded before Flop (didn't bet)
Seat 6: harakiri 22 folded before Flop (didn't bet)
Seat 7: Burkinator99 folded before Flop (didn't bet)
Seat 8: Bjoerni89 collected ($0.60)
Seat 9: GerhardB (button) folded before Flop (didn't bet)



PokerStars Game #20020586929:  Hold'em No Limit ($0.10/$0.25) - 2008/08/30 - 16:58:11 (ET)
Table 'Gienah' 9-max Seat #3 is the button
Seat 1: ptpraw ($15 in chips) 
Seat 3: nando2204 ($17.65 in chips) 
Seat 4: mrHat2 ($4.65 in chips) 
Seat 5: Alameda22 ($24.50 in chips) 
Seat 6: harakiri 22 ($20.30 in chips) 
Seat 7: Burkinator99 ($29.60 in chips) 
Seat 8: Bjoerni89 ($27.20 in chips) 
Seat 9: GerhardB ($30.90 in chips) 
mrHat2: posts small blind $0.10
Alameda22: posts big blind $0.25
ptpraw: posts big blind $0.25
AlexM80: sits out 
*** HOLE CARDS ***
Dealt to Alameda22 [As 3d]
harakiri 22: folds 
Burkinator99: raises $1 to $1.25
Bjoerni89: folds 
GerhardB: calls $1.25
ptpraw: folds 
nando2204: folds 
mrHat2: folds 
Alameda22: folds 
*** FLOP *** [2h Ks Ad]
Burkinator99: bets $2
GerhardB: folds 
Uncalled bet ($2) returned to Burkinator99
Burkinator99 collected $2.95 from pot
Burkinator99: doesn't show hand 
*** SUMMARY ***
Total pot $3.10 | Rake $0.15 
Board [2h Ks Ad]
Seat 1: ptpraw folded before Flop
Seat 3: nando2204 (button) folded before Flop (didn't bet)
Seat 4: mrHat2 (small blind) folded before Flop
Seat 5: Alameda22 (big blind) folded before Flop
Seat 6: harakiri 22 folded before Flop (didn't bet)
Seat 7: Burkinator99 collected ($2.95)
Seat 8: Bjoerni89 folded before Flop (didn't bet)
Seat 9: GerhardB folded on the Flop



PokerStars Game #20020601527:  Hold'em No Limit ($0.10/$0.25) - 2008/08/30 - 16:58:50 (ET)
Table 'Gienah' 9-max Seat #4 is the button
Seat 1: ptpraw ($14.75 in chips) 
Seat 3: nando2204 ($17.65 in chips) 
Seat 4: mrHat2 ($4.55 in chips) 
Seat 5: Alameda22 ($24.25 in chips) 
Seat 6: harakiri 22 ($20.30 in chips) 
Seat 7: Burkinator99 ($31.30 in chips) 
Seat 8: Bjoerni89 ($27.20 in chips) 
Seat 9: GerhardB ($29.65 in chips) 
Alameda22: posts small blind $0.10
harakiri 22: posts big blind $0.25
AlexM80: sits out 
*** HOLE CARDS ***
Dealt to Alameda22 [7s 4s]
Burkinator99: folds 
Bjoerni89: folds 
GerhardB: folds 
ptpraw: raises $0.50 to $0.75
nando2204: folds 
mrHat2: folds 
Alameda22: folds 
harakiri 22: folds 
Uncalled bet ($0.50) returned to ptpraw
ptpraw collected $0.60 from pot
*** SUMMARY ***
Total pot $0.60 | Rake $0 
Seat 1: ptpraw collected ($0.60)
Seat 3: nando2204 folded before Flop (didn't bet)
Seat 4: mrHat2 (button) folded before Flop (didn't bet)
Seat 5: Alameda22 (small blind) folded before Flop
Seat 6: harakiri 22 (big blind) folded before Flop
Seat 7: Burkinator99 folded before Flop (didn't bet)
Seat 8: Bjoerni89 folded before Flop (didn't bet)
Seat 9: GerhardB folded before Flop (didn't bet)



PokerStars Game #20020615251:  Hold'em No Limit ($0.10/$0.25) - 2008/08/30 - 16:59:28 (ET)
Table 'Gienah' 9-max Seat #5 is the button
Seat 1: ptpraw ($15.10 in chips) 
Seat 3: nando2204 ($17.65 in chips) 
Seat 4: mrHat2 ($4.55 in chips) 
Seat 5: Alameda22 ($24.15 in chips) 
Seat 6: harakiri 22 ($20.05 in chips) 
Seat 7: Burkinator99 ($31.30 in chips) 
Seat 8: Bjoerni89 ($27.20 in chips) 
Seat 9: GerhardB ($29.65 in chips) 
harakiri 22: posts small blind $0.10
Burkinator99: posts big blind $0.25
AlexM80: sits out 
*** HOLE CARDS ***
Dealt to Alameda22 [7h 8c]
Bjoerni89: folds 
GerhardB: calls $0.25
ptpraw: calls $0.25
nando2204: calls $0.25
mrHat2: folds 
Alameda22: folds 
harakiri 22: folds 
Burkinator99: checks 
*** FLOP *** [7s 5s Jc]
Burkinator99: checks 
GerhardB: checks 
ptpraw: bets $1
nando2204: folds 
Burkinator99: folds 
GerhardB: folds 
Uncalled bet ($1) returned to ptpraw
ptpraw collected $1.05 from pot
*** SUMMARY ***
Total pot $1.10 | Rake $0.05 
Board [7s 5s Jc]
Seat 1: ptpraw collected ($1.05)
Seat 3: nando2204 folded on the Flop
Seat 4: mrHat2 folded before Flop (didn't bet)
Seat 5: Alameda22 (button) folded before Flop (didn't bet)
Seat 6: harakiri 22 (small blind) folded before Flop
Seat 7: Burkinator99 (big blind) folded on the Flop
Seat 8: Bjoerni89 folded before Flop (didn't bet)
Seat 9: GerhardB folded on the Flop



PokerStars Game #20020635652:  Hold'em No Limit ($0.10/$0.25) - 2008/08/30 - 17:00:21 (ET)
Table 'Gienah' 9-max Seat #6 is the button
Seat 1: ptpraw ($15.90 in chips) 
Seat 3: nando2204 ($17.40 in chips) 
Seat 4: mrHat2 ($5 in chips) 
Seat 5: Alameda22 ($24.15 in chips) 
Seat 6: harakiri 22 ($19.95 in chips) 
Seat 7: Burkinator99 ($31.05 in chips) 
Seat 8: Bjoerni89 ($27.20 in chips) 
Seat 9: GerhardB ($29.40 in chips) 
Burkinator99: posts small blind $0.10
Bjoerni89: posts big blind $0.25
AlexM80: sits out 
*** HOLE CARDS ***
Dealt to Alameda22 [Jh 3s]
GerhardB: folds 
ptpraw: calls $0.25
nando2204: folds 
mrHat2: folds 
Alameda22: folds 
harakiri 22: folds 
Burkinator99: calls $0.15
Bjoerni89: checks 
*** FLOP *** [Td 4d Kh]
Burkinator99: bets $0.75
Bjoerni89: folds 
ptpraw: folds 
Uncalled bet ($0.75) returned to Burkinator99
Burkinator99 collected $0.75 from pot
Burkinator99: doesn't show hand 
*** SUMMARY ***
Total pot $0.75 | Rake $0 
Board [Td 4d Kh]
Seat 1: ptpraw folded on the Flop
Seat 3: nando2204 folded before Flop (didn't bet)
Seat 4: mrHat2 folded before Flop (didn't bet)
Seat 5: Alameda22 folded before Flop (didn't bet)
Seat 6: harakiri 22 (button) folded before Flop (didn't bet)
Seat 7: Burkinator99 (small blind) collected ($0.75)
Seat 8: Bjoerni89 (big blind) folded on the Flop
Seat 9: GerhardB folded before Flop (didn't bet)



PokerStars Game #20020656549:  Hold'em No Limit ($0.10/$0.25) - 2008/08/30 - 17:01:16 (ET)
Table 'Gienah' 9-max Seat #7 is the button
Seat 1: ptpraw ($15.65 in chips) 
Seat 3: nando2204 ($17.40 in chips) 
Seat 4: mrHat2 ($5 in chips) 
Seat 5: Alameda22 ($24.15 in chips) 
Seat 6: harakiri 22 ($19.95 in chips) 
Seat 7: Burkinator99 ($31.55 in chips) 
Seat 8: Bjoerni89 ($26.95 in chips) 
Seat 9: GerhardB ($29.40 in chips) 
Bjoerni89: posts small blind $0.10
GerhardB: posts big blind $0.25
AlexM80: sits out 
*** HOLE CARDS ***
Dealt to Alameda22 [6c 2s]
ptpraw: folds 
nando2204: calls $0.25
mrHat2: folds 
Alameda22: folds 
harakiri 22: folds 
Burkinator99: folds 
Bjoerni89: folds 
GerhardB: checks 
*** FLOP *** [Tc 2c Ah]
GerhardB: checks 
nando2204: bets $0.50
GerhardB: folds 
Uncalled bet ($0.50) returned to nando2204
nando2204 collected $0.60 from pot
nando2204: doesn't show hand 
*** SUMMARY ***
Total pot $0.60 | Rake $0 
Board [Tc 2c Ah]
Seat 1: ptpraw folded before Flop (didn't bet)
Seat 3: nando2204 collected ($0.60)
Seat 4: mrHat2 folded before Flop (didn't bet)
Seat 5: Alameda22 folded before Flop (didn't bet)
Seat 6: harakiri 22 folded before Flop (didn't bet)
Seat 7: Burkinator99 (button) folded before Flop (didn't bet)
Seat 8: Bjoerni89 (small blind) folded before Flop
Seat 9: GerhardB (big blind) folded on the Flop



PokerStars Game #20020678382:  Hold'em No Limit ($0.10/$0.25) - 2008/08/30 - 17:02:13 (ET)
Table 'Gienah' 9-max Seat #8 is the button
Seat 1: ptpraw ($15.65 in chips) 
Seat 3: nando2204 ($17.75 in chips) 
Seat 4: mrHat2 ($5 in chips) 
Seat 5: Alameda22 ($24.15 in chips) 
Seat 6: harakiri 22 ($19.95 in chips) 
Seat 7: Burkinator99 ($31.55 in chips) 
Seat 8: Bjoerni89 ($26.85 in chips) 
Seat 9: GerhardB ($29.15 in chips) 
GerhardB: posts small blind $0.10
ptpraw: posts big blind $0.25
AlexM80: sits out 
*** HOLE CARDS ***
Dealt to Alameda22 [5d Ts]
nando2204: calls $0.25
mrHat2: folds 
Alameda22: folds 
harakiri 22: folds 
Burkinator99: folds 
Bjoerni89: folds 
GerhardB: folds 
ptpraw: checks 
*** FLOP *** [6d 3h Kh]
ptpraw: checks 
nando2204: checks 
*** TURN *** [6d 3h Kh] [Qh]
ptpraw: checks 
nando2204: bets $0.50
ptpraw: folds 
Uncalled bet ($0.50) returned to nando2204
nando2204 collected $0.60 from pot
nando2204: doesn't show hand 
*** SUMMARY ***
Total pot $0.60 | Rake $0 
Board [6d 3h Kh Qh]
Seat 1: ptpraw (big blind) folded on the Turn
Seat 3: nando2204 collected ($0.60)
Seat 4: mrHat2 folded before Flop (didn't bet)
Seat 5: Alameda22 folded before Flop (didn't bet)
Seat 6: harakiri 22 folded before Flop (didn't bet)
Seat 7: Burkinator99 folded before Flop (didn't bet)
Seat 8: Bjoerni89 (button) folded before Flop (didn't bet)
Seat 9: GerhardB (small blind) folded before Flop



PokerStars Game #20020699029:  Hold'em No Limit ($0.10/$0.25) - 2008/08/30 - 17:03:08 (ET)
Table 'Gienah' 9-max Seat #9 is the button
Seat 1: ptpraw ($15.40 in chips) 
Seat 2: AlexM80 ($5 in chips) 
Seat 3: nando2204 ($18.10 in chips) 
Seat 4: mrHat2 ($5 in chips) 
Seat 5: Alameda22 ($24.15 in chips) 
Seat 6: harakiri 22 ($19.95 in chips) 
Seat 7: Burkinator99 ($31.55 in chips) 
Seat 8: Bjoerni89 ($26.85 in chips) 
Seat 9: GerhardB ($29.05 in chips) 
ptpraw: posts small blind $0.10
AlexM80: posts big blind $0.25
*** HOLE CARDS ***
Dealt to Alameda22 [2d 9h]
nando2204: folds 
mrHat2: folds 
Alameda22: folds 
harakiri 22: folds 
Burkinator99: folds 
Bjoerni89: folds 
GerhardB: folds 
ptpraw: raises $0.25 to $0.50
AlexM80: folds 
Uncalled bet ($0.25) returned to ptpraw
ptpraw collected $0.50 from pot
*** SUMMARY ***
Total pot $0.50 | Rake $0 
Seat 1: ptpraw (small blind) collected ($0.50)
Seat 2: AlexM80 (big blind) folded before Flop
Seat 3: nando2204 folded before Flop (didn't bet)
Seat 4: mrHat2 folded before Flop (didn't bet)
Seat 5: Alameda22 folded before Flop (didn't bet)
Seat 6: harakiri 22 folded before Flop (didn't bet)
Seat 7: Burkinator99 folded before Flop (didn't bet)
Seat 8: Bjoerni89 folded before Flop (didn't bet)
Seat 9: GerhardB (button) folded before Flop (didn't bet)



PokerStars Game #20020715771:  Hold'em No Limit ($0.10/$0.25) - 2008/08/30 - 17:03:53 (ET)
Table 'Gienah' 9-max Seat #1 is the button
Seat 1: ptpraw ($15.65 in chips) 
Seat 2: AlexM80 ($4.75 in chips) 
Seat 3: nando2204 ($18.10 in chips) 
Seat 4: mrHat2 ($5 in chips) 
Seat 5: Alameda22 ($24.15 in chips) 
Seat 6: harakiri 22 ($19.95 in chips) 
Seat 7: Burkinator99 ($31.55 in chips) 
Seat 8: Bjoerni89 ($26.85 in chips) 
Seat 9: GerhardB ($29.05 in chips) 
AlexM80: posts small blind $0.10
nando2204: posts big blind $0.25
*** HOLE CARDS ***
Dealt to Alameda22 [Ks 5c]
mrHat2: folds 
Alameda22: folds 
harakiri 22: folds 
Burkinator99: folds 
Bjoerni89: folds 
GerhardB: folds 
ptpraw: folds 
AlexM80: folds 
Uncalled bet ($0.15) returned to nando2204
nando2204 collected $0.20 from pot
nando2204: doesn't show hand 
*** SUMMARY ***
Total pot $0.20 | Rake $0 
Seat 1: ptpraw (button) folded before Flop (didn't bet)
Seat 2: AlexM80 (small blind) folded before Flop
Seat 3: nando2204 (big blind) collected ($0.20)
Seat 4: mrHat2 folded before Flop (didn't bet)
Seat 5: Alameda22 folded before Flop (didn't bet)
Seat 6: harakiri 22 folded before Flop (didn't bet)
Seat 7: Burkinator99 folded before Flop (didn't bet)
Seat 8: Bjoerni89 folded before Flop (didn't bet)
Seat 9: GerhardB folded before Flop (didn't bet)



PokerStars Game #20020734841:  Hold'em No Limit ($0.10/$0.25) - 2008/08/30 - 17:04:44 (ET)
Table 'Gienah' 9-max Seat #2 is the button
Seat 1: ptpraw ($15.65 in chips) 
Seat 2: AlexM80 ($4.65 in chips) 
Seat 3: nando2204 ($18.20 in chips) 
Seat 4: mrHat2 ($5 in chips) 
Seat 5: Alameda22 ($24.15 in chips) 
Seat 6: harakiri 22 ($19.95 in chips) 
Seat 7: Burkinator99 ($31.55 in chips) 
Seat 8: Bjoerni89 ($26.85 in chips) 
Seat 9: GerhardB ($29.05 in chips) 
nando2204: posts small blind $0.10
mrHat2: posts big blind $0.25
*** HOLE CARDS ***
Dealt to Alameda22 [2c 4h]
Alameda22: folds 
harakiri 22: folds 
Burkinator99: folds 
Bjoerni89: raises $0.75 to $1
GerhardB: folds 
ptpraw: folds 
AlexM80: folds 
nando2204: folds 
mrHat2: folds 
Uncalled bet ($0.75) returned to Bjoerni89
Bjoerni89 collected $0.60 from pot
Bjoerni89: doesn't show hand 
*** SUMMARY ***
Total pot $0.60 | Rake $0 
Seat 1: ptpraw folded before Flop (didn't bet)
Seat 2: AlexM80 (button) folded before Flop (didn't bet)
Seat 3: nando2204 (small blind) folded before Flop
Seat 4: mrHat2 (big blind) folded before Flop
Seat 5: Alameda22 folded before Flop (didn't bet)
Seat 6: harakiri 22 folded before Flop (didn't bet)
Seat 7: Burkinator99 folded before Flop (didn't bet)
Seat 8: Bjoerni89 collected ($0.60)
Seat 9: GerhardB folded before Flop (didn't bet)



PokerStars Game #20020748151:  Hold'em No Limit ($0.10/$0.25) - 2008/08/30 - 17:05:19 (ET)
Table 'Gienah' 9-max Seat #3 is the button
Seat 1: ptpraw ($15.65 in chips) 
Seat 2: AlexM80 ($4.65 in chips) 
Seat 3: nando2204 ($18.10 in chips) 
Seat 4: mrHat2 ($4.75 in chips) 
Seat 5: Alameda22 ($24.15 in chips) 
Seat 6: harakiri 22 ($19.95 in chips) 
Seat 7: Burkinator99 ($31.55 in chips) 
Seat 8: Bjoerni89 ($27.20 in chips) 
Seat 9: GerhardB ($29.05 in chips) 
mrHat2: posts small blind $0.10
Alameda22: posts big blind $0.25
*** HOLE CARDS ***
Dealt to Alameda22 [Qs 8h]
harakiri 22: calls $0.25
Burkinator99: folds 
Bjoerni89: folds 
GerhardB: calls $0.25
ptpraw: calls $0.25
AlexM80: folds 
nando2204: folds 
mrHat2: folds 
Alameda22: checks 
*** FLOP *** [8d 2h 9d]
Alameda22: checks 
harakiri 22: checks 
GerhardB: bets $0.50
ptpraw: calls $0.50
Alameda22: folds 
harakiri 22: folds 
*** TURN *** [8d 2h 9d] [8s]
GerhardB: bets $0.50
ptpraw: calls $0.50
*** RIVER *** [8d 2h 9d 8s] [8c]
GerhardB: checks 
ptpraw: checks 
*** SHOW DOWN ***
GerhardB: shows [6d 6c] (a full house, Eights full of Sixes)
ptpraw: shows [Th Js] (three of a kind, Eights)
GerhardB collected $2.95 from pot
*** SUMMARY ***
Total pot $3.10 | Rake $0.15 
Board [8d 2h 9d 8s 8c]
Seat 1: ptpraw showed [Th Js] and lost with three of a kind, Eights
Seat 2: AlexM80 folded before Flop (didn't bet)
Seat 3: nando2204 (button) folded before Flop (didn't bet)
Seat 4: mrHat2 (small blind) folded before Flop
Seat 5: Alameda22 (big blind) folded on the Flop
Seat 6: harakiri 22 folded on the Flop
Seat 7: Burkinator99 folded before Flop (didn't bet)
Seat 8: Bjoerni89 folded before Flop (didn't bet)
Seat 9: GerhardB showed [6d 6c] and won ($2.95) with a full house, Eights full of Sixes



PokerStars Game #20020794457:  Hold'em No Limit ($0.10/$0.25) - 2008/08/30 - 17:07:22 (ET)
Table 'Gienah' 9-max Seat #4 is the button
Seat 1: ptpraw ($14.40 in chips) 
Seat 2: AlexM80 ($4.65 in chips) 
Seat 3: nando2204 ($18.10 in chips) 
Seat 4: mrHat2 ($4.65 in chips) 
Seat 5: Alameda22 ($23.90 in chips) 
Seat 7: Burkinator99 ($31.55 in chips) 
Seat 8: Bjoerni89 ($27.20 in chips) 
Seat 9: GerhardB ($30.75 in chips) 
Alameda22: posts small blind $0.10
harakiri 22: is sitting out 
Burkinator99: posts big blind $0.25
*** HOLE CARDS ***
Dealt to Alameda22 [4s 6d]
Bjoerni89: folds 
harakiri 22 leaves the table
GerhardB: folds 
ptpraw: folds 
AlexM80: folds 
nando2204: folds 
mrHat2: folds 
Alameda22: folds 
Uncalled bet ($0.15) returned to Burkinator99
Burkinator99 collected $0.20 from pot
Burkinator99: doesn't show hand 
*** SUMMARY ***
Total pot $0.20 | Rake $0 
Seat 1: ptpraw folded before Flop (didn't bet)
Seat 2: AlexM80 folded before Flop (didn't bet)
Seat 3: nando2204 folded before Flop (didn't bet)
Seat 4: mrHat2 (button) folded before Flop (didn't bet)
Seat 5: Alameda22 (small blind) folded before Flop
Seat 7: Burkinator99 (big blind) collected ($0.20)
Seat 8: Bjoerni89 folded before Flop (didn't bet)
Seat 9: GerhardB folded before Flop (didn't bet)



PokerStars Game #20020803267:  Hold'em No Limit ($0.10/$0.25) - 2008/08/30 - 17:07:45 (ET)
Table 'Gienah' 9-max Seat #5 is the button
Seat 1: ptpraw ($14.40 in chips) 
Seat 2: AlexM80 ($4.65 in chips) 
Seat 3: nando2204 ($18.10 in chips) 
Seat 4: mrHat2 ($4.65 in chips) 
Seat 5: Alameda22 ($23.80 in chips) 
Seat 7: Burkinator99 ($31.65 in chips) 
Seat 8: Bjoerni89 ($27.20 in chips) 
Seat 9: GerhardB ($30.75 in chips) 
Burkinator99: posts small blind $0.10
Bjoerni89: posts big blind $0.25
*** HOLE CARDS ***
Dealt to Alameda22 [Jh Qc]
GerhardB: calls $0.25
ttc17 joins the table at seat #6 
ptpraw: folds 
AlexM80: folds 
nando2204: folds 
mrHat2: folds 
Alameda22: folds 
Burkinator99: calls $0.15
Bjoerni89: checks 
*** FLOP *** [3c 9c Ks]
Burkinator99: checks 
Bjoerni89: checks 
GerhardB: checks 
*** TURN *** [3c 9c Ks] [Jd]
Burkinator99: checks 
Bjoerni89: checks 
GerhardB: checks 
*** RIVER *** [3c 9c Ks Jd] [Ac]
Burkinator99: checks 
Bjoerni89: checks 
GerhardB: checks 
*** SHOW DOWN ***
Burkinator99: shows [6c 5h] (high card Ace)
Bjoerni89: shows [Qd 9s] (a pair of Nines)
GerhardB: mucks hand 
Bjoerni89 collected $0.75 from pot
*** SUMMARY ***
Total pot $0.75 | Rake $0 
Board [3c 9c Ks Jd Ac]
Seat 1: ptpraw folded before Flop (didn't bet)
Seat 2: AlexM80 folded before Flop (didn't bet)
Seat 3: nando2204 folded before Flop (didn't bet)
Seat 4: mrHat2 folded before Flop (didn't bet)
Seat 5: Alameda22 (button) folded before Flop (didn't bet)
Seat 7: Burkinator99 (small blind) showed [6c 5h] and lost with high card Ace
Seat 8: Bjoerni89 (big blind) showed [Qd 9s] and won ($0.75) with a pair of Nines
Seat 9: GerhardB mucked [7s 7h]



PokerStars Game #20020835910:  Hold'em No Limit ($0.10/$0.25) - 2008/08/30 - 17:09:13 (ET)
Table 'Gienah' 9-max Seat #7 is the button
Seat 1: ptpraw ($14.40 in chips) 
Seat 2: AlexM80 ($4.65 in chips) 
Seat 3: nando2204 ($18.10 in chips) 
Seat 4: mrHat2 ($4.65 in chips) 
Seat 5: Alameda22 ($23.80 in chips) 
Seat 7: Burkinator99 ($31.40 in chips) 
Seat 8: Bjoerni89 ($27.70 in chips) 
Seat 9: GerhardB ($30.50 in chips) 
Bjoerni89: posts small blind $0.10
GerhardB: posts big blind $0.25
ttc17: sits out 
*** HOLE CARDS ***
Dealt to Alameda22 [Td 7d]
ptpraw: folds 
AlexM80: folds 
nando2204: folds 
mrHat2: raises $0.75 to $1
Alameda22: folds 
Burkinator99: folds 
Bjoerni89: folds 
GerhardB: folds 
Uncalled bet ($0.75) returned to mrHat2
mrHat2 collected $0.60 from pot
mrHat2: doesn't show hand 
*** SUMMARY ***
Total pot $0.60 | Rake $0 
Seat 1: ptpraw folded before Flop (didn't bet)
Seat 2: AlexM80 folded before Flop (didn't bet)
Seat 3: nando2204 folded before Flop (didn't bet)
Seat 4: mrHat2 collected ($0.60)
Seat 5: Alameda22 folded before Flop (didn't bet)
Seat 7: Burkinator99 (button) folded before Flop (didn't bet)
Seat 8: Bjoerni89 (small blind) folded before Flop
Seat 9: GerhardB (big blind) folded before Flop



PokerStars Game #20020846565:  Hold'em No Limit ($0.10/$0.25) - 2008/08/30 - 17:09:41 (ET)
Table 'Gienah' 9-max Seat #8 is the button
Seat 1: ptpraw ($14.40 in chips) 
Seat 2: AlexM80 ($4.65 in chips) 
Seat 3: nando2204 ($18.10 in chips) 
Seat 4: mrHat2 ($5 in chips) 
Seat 5: Alameda22 ($23.80 in chips) 
Seat 7: Burkinator99 ($31.40 in chips) 
Seat 8: Bjoerni89 ($27.60 in chips) 
Seat 9: GerhardB ($30.25 in chips) 
GerhardB: posts small blind $0.10
ptpraw: posts big blind $0.25
ttc17: sits out 
*** HOLE CARDS ***
Dealt to Alameda22 [Jh Ts]
AlexM80: folds 
nando2204: folds 
mrHat2: raises $0.75 to $1
Alameda22: folds 
Burkinator99: folds 
Bjoerni89: folds 
GerhardB: folds 
ptpraw: calls $0.75
*** FLOP *** [Js 7c 5d]
ptpraw: checks 
mrHat2: bets $1.50
ptpraw: folds 
Uncalled bet ($1.50) returned to mrHat2
mrHat2 collected $2 from pot
mrHat2: doesn't show hand 
*** SUMMARY ***
Total pot $2.10 | Rake $0.10 
Board [Js 7c 5d]
Seat 1: ptpraw (big blind) folded on the Flop
Seat 2: AlexM80 folded before Flop (didn't bet)
Seat 3: nando2204 folded before Flop (didn't bet)
Seat 4: mrHat2 collected ($2)
Seat 5: Alameda22 folded before Flop (didn't bet)
Seat 7: Burkinator99 folded before Flop (didn't bet)
Seat 8: Bjoerni89 (button) folded before Flop (didn't bet)
Seat 9: GerhardB (small blind) folded before Flop



PokerStars Game #20020862366:  Hold'em No Limit ($0.10/$0.25) - 2008/08/30 - 17:10:24 (ET)
Table 'Gienah' 9-max Seat #9 is the button
Seat 1: ptpraw ($13.40 in chips) 
Seat 2: AlexM80 ($4.65 in chips) 
Seat 3: nando2204 ($18.10 in chips) 
Seat 4: mrHat2 ($6 in chips) 
Seat 5: Alameda22 ($23.80 in chips) 
Seat 7: Burkinator99 ($31.40 in chips) 
Seat 8: Bjoerni89 ($27.60 in chips) 
Seat 9: GerhardB ($30.15 in chips) 
ptpraw: posts small blind $0.10
AlexM80: posts big blind $0.25
ttc17: sits out 
*** HOLE CARDS ***
Dealt to Alameda22 [6s 3s]
nando2204: calls $0.25
mrHat2: folds 
Alameda22: folds 
Burkinator99: folds 
Bjoerni89: folds 
GerhardB: calls $0.25
ptpraw: calls $0.15
AlexM80: checks 
*** FLOP *** [Ah Ks 4c]
ptpraw: checks 
AlexM80: checks 
nando2204: bets $0.50
GerhardB: calls $0.50
ptpraw: folds 
AlexM80: folds 
*** TURN *** [Ah Ks 4c] [Tc]
nando2204: bets $0.50
GerhardB: calls $0.50
*** RIVER *** [Ah Ks 4c Tc] [2s]
nando2204: bets $0.50
GerhardB: calls $0.50
*** SHOW DOWN ***
nando2204: shows [9d Kd] (a pair of Kings)
GerhardB: shows [3c Ad] (a pair of Aces)
GerhardB collected $3.85 from pot
*** SUMMARY ***
Total pot $4 | Rake $0.15 
Board [Ah Ks 4c Tc 2s]
Seat 1: ptpraw (small blind) folded on the Flop
Seat 2: AlexM80 (big blind) folded on the Flop
Seat 3: nando2204 showed [9d Kd] and lost with a pair of Kings
Seat 4: mrHat2 folded before Flop (didn't bet)
Seat 5: Alameda22 folded before Flop (didn't bet)
Seat 7: Burkinator99 folded before Flop (didn't bet)
Seat 8: Bjoerni89 folded before Flop (didn't bet)
Seat 9: GerhardB (button) showed [3c Ad] and won ($3.85) with a pair of Aces



PokerStars Game #20020886547:  Hold'em No Limit ($0.10/$0.25) - 2008/08/30 - 17:11:28 (ET)
Table 'Gienah' 9-max Seat #1 is the button
Seat 1: ptpraw ($13.15 in chips) 
Seat 2: AlexM80 ($4.40 in chips) 
Seat 3: nando2204 ($16.35 in chips) 
Seat 4: mrHat2 ($6 in chips) 
Seat 5: Alameda22 ($23.80 in chips) 
Seat 7: Burkinator99 ($31.40 in chips) 
Seat 8: Bjoerni89 ($27.60 in chips) 
Seat 9: GerhardB ($32.25 in chips) 
AlexM80: posts small blind $0.10
nando2204: posts big blind $0.25
ttc17: sits out 
*** HOLE CARDS ***
Dealt to Alameda22 [8s 3d]
mrHat2: folds 
mrHat2 leaves the table
Alameda22: folds 
Burkinator99: folds 
Bjoerni89: folds 
GerhardB: folds 
OirLeo joins the table at seat #4 
ptpraw: folds 
AlexM80: folds 
Uncalled bet ($0.15) returned to nando2204
nando2204 collected $0.20 from pot
nando2204: doesn't show hand 
*** SUMMARY ***
Total pot $0.20 | Rake $0 
Seat 1: ptpraw (button) folded before Flop (didn't bet)
Seat 2: AlexM80 (small blind) folded before Flop
Seat 3: nando2204 (big blind) collected ($0.20)
Seat 4: mrHat2 folded before Flop (didn't bet)
Seat 5: Alameda22 folded before Flop (didn't bet)
Seat 7: Burkinator99 folded before Flop (didn't bet)
Seat 8: Bjoerni89 folded before Flop (didn't bet)
Seat 9: GerhardB folded before Flop (didn't bet)



PokerStars Game #20020897831:  Hold'em No Limit ($0.10/$0.25) - 2008/08/30 - 17:11:58 (ET)
Table 'Gienah' 9-max Seat #2 is the button
Seat 1: ptpraw ($13.15 in chips) 
Seat 2: AlexM80 ($4.30 in chips) 
Seat 3: nando2204 ($16.45 in chips) 
Seat 4: OirLeo ($15 in chips) 
Seat 5: Alameda22 ($23.80 in chips) 
Seat 7: Burkinator99 ($31.40 in chips) 
Seat 8: Bjoerni89 ($27.60 in chips) 
Seat 9: GerhardB ($32.25 in chips) 
nando2204: posts small blind $0.10
OirLeo: posts big blind $0.25
ttc17: sits out 
*** HOLE CARDS ***
Dealt to Alameda22 [6d 9s]
Alameda22: folds 
Burkinator99: folds 
Bjoerni89: folds 
GerhardB: folds 
ptpraw: folds 
AlexM80: folds 
nando2204: folds 
Uncalled bet ($0.15) returned to OirLeo
OirLeo collected $0.20 from pot
OirLeo: doesn't show hand 
*** SUMMARY ***
Total pot $0.20 | Rake $0 
Seat 1: ptpraw folded before Flop (didn't bet)
Seat 2: AlexM80 (button) folded before Flop (didn't bet)
Seat 3: nando2204 (small blind) folded before Flop
Seat 4: OirLeo (big blind) collected ($0.20)
Seat 5: Alameda22 folded before Flop (didn't bet)
Seat 7: Burkinator99 folded before Flop (didn't bet)
Seat 8: Bjoerni89 folded before Flop (didn't bet)
Seat 9: GerhardB folded before Flop (didn't bet)



PokerStars Game #20020907798:  Hold'em No Limit ($0.10/$0.25) - 2008/08/30 - 17:12:24 (ET)
Table 'Gienah' 9-max Seat #3 is the button
Seat 1: ptpraw ($13.15 in chips) 
Seat 2: AlexM80 ($4.30 in chips) 
Seat 3: nando2204 ($16.35 in chips) 
Seat 4: OirLeo ($15.10 in chips) 
Seat 5: Alameda22 ($23.80 in chips) 
Seat 7: Burkinator99 ($31.40 in chips) 
Seat 8: Bjoerni89 ($27.60 in chips) 
Seat 9: GerhardB ($32.25 in chips) 
OirLeo: posts small blind $0.10
Alameda22: posts big blind $0.25
ttc17: sits out 
*** HOLE CARDS ***
Dealt to Alameda22 [7c 8s]
Burkinator99: raises $0.75 to $1
Bjoerni89: folds 
GerhardB: folds 
ptpraw: calls $1
AlexM80: folds 
nando2204: folds 
OirLeo: calls $0.90
Alameda22: folds 
*** FLOP *** [9h Jd Kd]
OirLeo: checks 
Burkinator99: checks 
ptpraw: checks 
*** TURN *** [9h Jd Kd] [Ac]
OirLeo: checks 
Burkinator99: bets $2
ptpraw: folds 
OirLeo: folds 
Uncalled bet ($2) returned to Burkinator99
Burkinator99 collected $3.10 from pot
Burkinator99: doesn't show hand 
*** SUMMARY ***
Total pot $3.25 | Rake $0.15 
Board [9h Jd Kd Ac]
Seat 1: ptpraw folded on the Turn
Seat 2: AlexM80 folded before Flop (didn't bet)
Seat 3: nando2204 (button) folded before Flop (didn't bet)
Seat 4: OirLeo (small blind) folded on the Turn
Seat 5: Alameda22 (big blind) folded before Flop
Seat 7: Burkinator99 collected ($3.10)
Seat 8: Bjoerni89 folded before Flop (didn't bet)
Seat 9: GerhardB folded before Flop (didn't bet)



PokerStars Game #20020941956:  Hold'em No Limit ($0.10/$0.25) - 2008/08/30 - 17:13:54 (ET)
Table 'Gienah' 9-max Seat #4 is the button
Seat 1: ptpraw ($12.15 in chips) 
Seat 2: AlexM80 ($4.30 in chips) 
Seat 3: nando2204 ($16.35 in chips) 
Seat 4: OirLeo ($14.10 in chips) 
Seat 5: Alameda22 ($23.55 in chips) 
Seat 6: ttc17 ($25 in chips) 
Seat 7: Burkinator99 ($33.50 in chips) 
Seat 8: Bjoerni89 ($27.60 in chips) 
Seat 9: GerhardB ($32.25 in chips) 
Alameda22: posts small blind $0.10
ttc17: posts big blind $0.25
*** HOLE CARDS ***
Dealt to Alameda22 [Tc 6s]
Burkinator99: folds 
Bjoerni89: folds 
GerhardB: calls $0.25
ptpraw: calls $0.25
AlexM80: folds 
nando2204: folds 
OirLeo: calls $0.25
Alameda22: folds 
ttc17: checks 
*** FLOP *** [7s 5s 7c]
ttc17: checks 
GerhardB: bets $0.50
ptpraw: calls $0.50
OirLeo: folds 
ttc17: folds 
*** TURN *** [7s 5s 7c] [Kh]
GerhardB: checks 
ptpraw: bets $2
GerhardB: folds 
Uncalled bet ($2) returned to ptpraw
ptpraw collected $2 from pot
*** SUMMARY ***
Total pot $2.10 | Rake $0.10 
Board [7s 5s 7c Kh]
Seat 1: ptpraw collected ($2)
Seat 2: AlexM80 folded before Flop (didn't bet)
Seat 3: nando2204 folded before Flop (didn't bet)
Seat 4: OirLeo (button) folded on the Flop
Seat 5: Alameda22 (small blind) folded before Flop
Seat 6: ttc17 (big blind) folded on the Flop
Seat 7: Burkinator99 folded before Flop (didn't bet)
Seat 8: Bjoerni89 folded before Flop (didn't bet)
Seat 9: GerhardB folded on the Turn



PokerStars Game #20020977739:  Hold'em No Limit ($0.10/$0.25) - 2008/08/30 - 17:15:29 (ET)
Table 'Gienah' 9-max Seat #5 is the button
Seat 1: ptpraw ($13.40 in chips) 
Seat 2: AlexM80 ($4.30 in chips) 
Seat 3: nando2204 ($16.35 in chips) 
Seat 4: OirLeo ($13.85 in chips) 
Seat 5: Alameda22 ($23.45 in chips) 
Seat 6: ttc17 ($24.75 in chips) 
Seat 7: Burkinator99 ($33.50 in chips) 
Seat 8: Bjoerni89 ($27.60 in chips) 
Seat 9: GerhardB ($31.50 in chips) 
ttc17: posts small blind $0.10
Burkinator99: posts big blind $0.25
*** HOLE CARDS ***
Dealt to Alameda22 [Th 8d]
Bjoerni89: folds 
GerhardB: calls $0.25
ptpraw: folds 
AlexM80: folds 
nando2204: folds 
OirLeo: calls $0.25
Alameda22: folds 
ttc17: folds 
Burkinator99: checks 
*** FLOP *** [Ts 3h 9s]
Burkinator99: bets $0.75
GerhardB: calls $0.75
OirLeo: calls $0.75
*** TURN *** [Ts 3h 9s] [Kh]
Burkinator99: bets $2.25
GerhardB: calls $2.25
OirLeo: folds 
*** RIVER *** [Ts 3h 9s Kh] [Qc]
Burkinator99: bets $4.50
GerhardB: folds 
Uncalled bet ($4.50) returned to Burkinator99
Burkinator99 collected $7.25 from pot
Burkinator99: doesn't show hand 
*** SUMMARY ***
Total pot $7.60 | Rake $0.35 
Board [Ts 3h 9s Kh Qc]
Seat 1: ptpraw folded before Flop (didn't bet)
Seat 2: AlexM80 folded before Flop (didn't bet)
Seat 3: nando2204 folded before Flop (didn't bet)
Seat 4: OirLeo folded on the Turn
Seat 5: Alameda22 (button) folded before Flop (didn't bet)
Seat 6: ttc17 (small blind) folded before Flop
Seat 7: Burkinator99 (big blind) collected ($7.25)
Seat 8: Bjoerni89 folded before Flop (didn't bet)
Seat 9: GerhardB folded on the River



PokerStars Game #20021023606:  Hold'em No Limit ($0.10/$0.25) - 2008/08/30 - 17:17:29 (ET)
Table 'Gienah' 9-max Seat #6 is the button
Seat 1: ptpraw ($13.40 in chips) 
Seat 2: AlexM80 ($4.30 in chips) 
Seat 3: nando2204 ($16.35 in chips) 
Seat 4: OirLeo ($12.85 in chips) 
Seat 5: Alameda22 ($23.45 in chips) 
Seat 6: ttc17 ($24.65 in chips) 
Seat 7: Burkinator99 ($37.50 in chips) 
Seat 8: Bjoerni89 ($27.60 in chips) 
Seat 9: GerhardB ($28.25 in chips) 
Burkinator99: posts small blind $0.10
Bjoerni89: posts big blind $0.25
*** HOLE CARDS ***
Dealt to Alameda22 [7h 5h]
GerhardB: folds 
ptpraw: folds 
AlexM80: folds 
nando2204: folds 
OirLeo: calls $0.25
Alameda22: folds 
ttc17: folds 
Burkinator99: calls $0.15
Bjoerni89: raises $1.25 to $1.50
OirLeo: calls $1.25
Burkinator99: folds 
*** FLOP *** [2h Kh 6h]
Bjoerni89: bets $2
OirLeo: folds 
Uncalled bet ($2) returned to Bjoerni89
Bjoerni89 collected $3.10 from pot
Bjoerni89: doesn't show hand 
*** SUMMARY ***
Total pot $3.25 | Rake $0.15 
Board [2h Kh 6h]
Seat 1: ptpraw folded before Flop (didn't bet)
Seat 2: AlexM80 folded before Flop (didn't bet)
Seat 3: nando2204 folded before Flop (didn't bet)
Seat 4: OirLeo folded on the Flop
Seat 5: Alameda22 folded before Flop (didn't bet)
Seat 6: ttc17 (button) folded before Flop (didn't bet)
Seat 7: Burkinator99 (small blind) folded before Flop
Seat 8: Bjoerni89 (big blind) collected ($3.10)
Seat 9: GerhardB folded before Flop (didn't bet)



PokerStars Game #20021040221:  Hold'em No Limit ($0.10/$0.25) - 2008/08/30 - 17:18:13 (ET)
Table 'Gienah' 9-max Seat #7 is the button
Seat 1: ptpraw ($13.40 in chips) 
Seat 2: AlexM80 ($4.30 in chips) 
Seat 3: nando2204 ($16.35 in chips) 
Seat 4: OirLeo ($11.35 in chips) 
Seat 5: Alameda22 ($23.45 in chips) 
Seat 6: ttc17 ($24.65 in chips) 
Seat 7: Burkinator99 ($37.25 in chips) 
Seat 8: Bjoerni89 ($29.20 in chips) 
Seat 9: GerhardB ($28.25 in chips) 
Bjoerni89: posts small blind $0.10
GerhardB: posts big blind $0.25
*** HOLE CARDS ***
Dealt to Alameda22 [Ac Kh]
ptpraw: calls $0.25
AlexM80: folds 
nando2204: folds 
OirLeo: calls $0.25
Alameda22: raises $1.25 to $1.50
ttc17: folds 
Burkinator99: folds 
Bjoerni89: folds 
GerhardB: folds 
ptpraw: raises $11.90 to $13.40 and is all-in
OirLeo: folds 
Alameda22: folds 
Uncalled bet ($11.90) returned to ptpraw
ptpraw collected $3.60 from pot
ptpraw: doesn't show hand 
*** SUMMARY ***
Total pot $3.60 | Rake $0 
Seat 1: ptpraw collected ($3.60)
Seat 2: AlexM80 folded before Flop (didn't bet)
Seat 3: nando2204 folded before Flop (didn't bet)
Seat 4: OirLeo folded before Flop
Seat 5: Alameda22 folded before Flop
Seat 6: ttc17 folded before Flop (didn't bet)
Seat 7: Burkinator99 (button) folded before Flop (didn't bet)
Seat 8: Bjoerni89 (small blind) folded before Flop
Seat 9: GerhardB (big blind) folded before Flop



PokerStars Game #20021074718:  Hold'em No Limit ($0.10/$0.25) - 2008/08/30 - 17:19:44 (ET)
Table 'Gienah' 9-max Seat #8 is the button
Seat 1: ptpraw ($15.50 in chips) 
Seat 2: AlexM80 ($4.30 in chips) 
Seat 3: nando2204 ($16.35 in chips) 
Seat 4: OirLeo ($11.10 in chips) 
Seat 5: Alameda22 ($21.95 in chips) 
Seat 6: ttc17 ($24.65 in chips) 
Seat 7: Burkinator99 ($37.25 in chips) 
Seat 8: Bjoerni89 ($29.10 in chips) 
Seat 9: GerhardB ($28 in chips) 
GerhardB: posts small blind $0.10
ptpraw: posts big blind $0.25
*** HOLE CARDS ***
Dealt to Alameda22 [As 3d]
AlexM80: folds 
nando2204: calls $0.25
OirLeo: calls $0.25
Alameda22: folds 
ttc17: folds 
Burkinator99: folds 
Bjoerni89: raises $1.25 to $1.50
GerhardB: folds 
ptpraw: calls $1.25
nando2204: folds 
OirLeo: calls $1.25
*** FLOP *** [5s Jc 8c]
ptpraw: bets $1
OirLeo: calls $1
Bjoerni89: calls $1
*** TURN *** [5s Jc 8c] [Ad]
ptpraw: checks 
OirLeo: bets $2.50
Bjoerni89: calls $2.50
ptpraw: calls $2.50
*** RIVER *** [5s Jc 8c Ad] [Th]
nando2204 leaves the table
ptpraw: bets $2.50
OirLeo: raises $2.50 to $5
Bjoerni89: folds 
ptpraw: raises $2.50 to $7.50
OirLeo: calls $1.10 and is all-in
Uncalled bet ($1.40) returned to ptpraw
*** SHOW DOWN ***
ptpraw: shows [Jd Jh] (three of a kind, Jacks)
OirLeo: mucks hand 
ptpraw collected $26.25 from pot
*** SUMMARY ***
Total pot $27.55 | Rake $1.30 
Board [5s Jc 8c Ad Th]
Seat 1: ptpraw (big blind) showed [Jd Jh] and won ($26.25) with three of a kind, Jacks
Seat 2: AlexM80 folded before Flop (didn't bet)
Seat 3: nando2204 folded before Flop
Seat 4: OirLeo mucked [2h Ac]
Seat 5: Alameda22 folded before Flop (didn't bet)
Seat 6: ttc17 folded before Flop (didn't bet)
Seat 7: Burkinator99 folded before Flop (didn't bet)
Seat 8: Bjoerni89 (button) folded on the River
Seat 9: GerhardB (small blind) folded before Flop



PokerStars Game #20021123662:  Hold'em No Limit ($0.10/$0.25) - 2008/08/30 - 17:21:54 (ET)
Table 'Gienah' 9-max Seat #9 is the button
Seat 1: ptpraw ($30.65 in chips) 
Seat 2: AlexM80 ($4.30 in chips) 
Seat 5: Alameda22 ($21.95 in chips) 
Seat 6: ttc17 ($24.65 in chips) 
Seat 7: Burkinator99 ($37.25 in chips) 
Seat 8: Bjoerni89 ($24.10 in chips) 
Seat 9: GerhardB ($27.90 in chips) 
ptpraw: posts small blind $0.10
AlexM80: posts big blind $0.25
*** HOLE CARDS ***
Dealt to Alameda22 [6s 3s]
OirLeo leaves the table
Alameda22: folds 
Bjoerni89 said, "good thing i folded AK ;D"
ttc17: folds 
Descartes10 joins the table at seat #4 
Burkinator99: folds 
Bjoerni89: raises $0.75 to $1
GerhardB: folds 
ptpraw: folds 
AlexM80: folds 
Uncalled bet ($0.75) returned to Bjoerni89
Bjoerni89 collected $0.60 from pot
Bjoerni89: doesn't show hand 
*** SUMMARY ***
Total pot $0.60 | Rake $0 
Seat 1: ptpraw (small blind) folded before Flop
Seat 2: AlexM80 (big blind) folded before Flop
Seat 5: Alameda22 folded before Flop (didn't bet)
Seat 6: ttc17 folded before Flop (didn't bet)
Seat 7: Burkinator99 folded before Flop (didn't bet)
Seat 8: Bjoerni89 collected ($0.60)
Seat 9: GerhardB (button) folded before Flop (didn't bet)



PokerStars Game #20021137620:  Hold'em No Limit ($0.10/$0.25) - 2008/08/30 - 17:22:31 (ET)
Table 'Gienah' 9-max Seat #1 is the button
Seat 1: ptpraw ($30.55 in chips) 
Seat 2: AlexM80 ($4.05 in chips) 
Seat 4: Descartes10 ($25 in chips) 
Seat 5: Alameda22 ($21.95 in chips) 
Seat 6: ttc17 ($24.65 in chips) 
Seat 7: Burkinator99 ($37.25 in chips) 
Seat 8: Bjoerni89 ($24.45 in chips) 
Seat 9: GerhardB ($27.90 in chips) 
AlexM80: posts small blind $0.10
Descartes10: posts big blind $0.25
*** HOLE CARDS ***
Dealt to Alameda22 [Jd Kd]
Alameda22: folds 
ttc17: folds 
Burkinator99: folds 
Bjoerni89: folds 
GerhardB: calls $0.25
ptpraw: calls $0.25
AlexM80: folds 
Descartes10: checks 
*** FLOP *** [3d 2d 5d]
TheCrazyBull joins the table at seat #3 
Descartes10: bets $0.80
GerhardB: calls $0.80
ptpraw: folds 
*** TURN *** [3d 2d 5d] [7h]
Descartes10: checks 
GerhardB: bets $1
Descartes10: calls $1
*** RIVER *** [3d 2d 5d 7h] [8h]
Descartes10: checks 
GerhardB: bets $1.50
Descartes10: folds 
Uncalled bet ($1.50) returned to GerhardB
GerhardB collected $4.25 from pot
GerhardB: doesn't show hand 
*** SUMMARY ***
Total pot $4.45 | Rake $0.20 
Board [3d 2d 5d 7h 8h]
Seat 1: ptpraw (button) folded on the Flop
Seat 2: AlexM80 (small blind) folded before Flop
Seat 4: Descartes10 (big blind) folded on the River
Seat 5: Alameda22 folded before Flop (didn't bet)
Seat 6: ttc17 folded before Flop (didn't bet)
Seat 7: Burkinator99 folded before Flop (didn't bet)
Seat 8: Bjoerni89 folded before Flop (didn't bet)
Seat 9: GerhardB collected ($4.25)



PokerStars Game #20021172646:  Hold'em No Limit ($0.10/$0.25) - 2008/08/30 - 17:24:04 (ET)
Table 'Gienah' 9-max Seat #2 is the button
Seat 1: ptpraw ($30.30 in chips) 
Seat 2: AlexM80 ($3.95 in chips) 
Seat 4: Descartes10 ($22.95 in chips) 
Seat 5: Alameda22 ($21.95 in chips) 
Seat 6: ttc17 ($24.65 in chips) 
Seat 7: Burkinator99 ($37.25 in chips) 
Seat 8: Bjoerni89 ($24.45 in chips) 
Seat 9: GerhardB ($30.10 in chips) 
TheCrazyBull will be allowed to play after the button
Descartes10: posts small blind $0.10
Alameda22: posts big blind $0.25
*** HOLE CARDS ***
Dealt to Alameda22 [8d 3d]
ttc17: folds 
Burkinator99: folds 
Bjoerni89: folds 
GerhardB: folds 
ptpraw: calls $0.25
AlexM80: folds 
Descartes10: calls $0.15
Alameda22: checks 
*** FLOP *** [Jc 4h Ac]
Descartes10: checks 
Alameda22: checks 
ptpraw: checks 
*** TURN *** [Jc 4h Ac] [4d]
Descartes10: checks 
Alameda22: checks 
ptpraw: checks 
*** RIVER *** [Jc 4h Ac 4d] [3c]
Descartes10: bets $0.25
Alameda22: folds 
ptpraw: folds 
Uncalled bet ($0.25) returned to Descartes10
Descartes10 collected $0.75 from pot
Descartes10: doesn't show hand 
*** SUMMARY ***
Total pot $0.75 | Rake $0 
Board [Jc 4h Ac 4d 3c]
Seat 1: ptpraw folded on the River
Seat 2: AlexM80 (button) folded before Flop (didn't bet)
Seat 4: Descartes10 (small blind) collected ($0.75)
Seat 5: Alameda22 (big blind) folded on the River
Seat 6: ttc17 folded before Flop (didn't bet)
Seat 7: Burkinator99 folded before Flop (didn't bet)
Seat 8: Bjoerni89 folded before Flop (didn't bet)
Seat 9: GerhardB folded before Flop (didn't bet)



PokerStars Game #20021218280:  Hold'em No Limit ($0.10/$0.25) - 2008/08/30 - 17:26:06 (ET)
Table 'Gienah' 9-max Seat #4 is the button
Seat 1: ptpraw ($30.05 in chips) 
Seat 2: AlexM80 ($3.95 in chips) 
Seat 4: Descartes10 ($23.45 in chips) 
Seat 5: Alameda22 ($21.70 in chips) 
Seat 6: ttc17 ($24.65 in chips) 
Seat 7: Burkinator99 ($37.25 in chips) 
Seat 8: Bjoerni89 ($24.45 in chips) 
Seat 9: GerhardB ($30.10 in chips) 
Alameda22: posts small blind $0.10
ttc17: posts big blind $0.25
TheCrazyBull: sits out 
*** HOLE CARDS ***
Dealt to Alameda22 [7c 3d]
Burkinator99: folds 
Bjoerni89: folds 
GerhardB: folds 
ptpraw: folds 
AlexM80: folds 
Descartes10: folds 
Alameda22: folds 
Uncalled bet ($0.15) returned to ttc17
ttc17 collected $0.20 from pot
*** SUMMARY ***
Total pot $0.20 | Rake $0 
Seat 1: ptpraw folded before Flop (didn't bet)
Seat 2: AlexM80 folded before Flop (didn't bet)
Seat 4: Descartes10 (button) folded before Flop (didn't bet)
Seat 5: Alameda22 (small blind) folded before Flop
Seat 6: ttc17 (big blind) collected ($0.20)
Seat 7: Burkinator99 folded before Flop (didn't bet)
Seat 8: Bjoerni89 folded before Flop (didn't bet)
Seat 9: GerhardB folded before Flop (didn't bet)



PokerStars Game #20021231765:  Hold'em No Limit ($0.10/$0.25) - 2008/08/30 - 17:26:42 (ET)
Table 'Gienah' 9-max Seat #5 is the button
Seat 1: ptpraw ($30.05 in chips) 
Seat 2: AlexM80 ($3.95 in chips) 
Seat 4: Descartes10 ($23.45 in chips) 
Seat 5: Alameda22 ($21.60 in chips) 
Seat 7: Burkinator99 ($37.25 in chips) 
Seat 8: Bjoerni89 ($24.45 in chips) 
Seat 9: GerhardB ($30.10 in chips) 
ttc17 has timed out
ttc17: is sitting out 
Burkinator99: posts small blind $0.10
Bjoerni89: posts big blind $0.25
TheCrazyBull: sits out 
*** HOLE CARDS ***
Dealt to Alameda22 [6c Jd]
GerhardB: folds 
ptpraw: folds 
AlexM80: raises $0.75 to $1
Descartes10: folds 
Alameda22: folds 
Burkinator99: folds 
Bjoerni89: folds 
Uncalled bet ($0.75) returned to AlexM80
AlexM80 collected $0.60 from pot
*** SUMMARY ***
Total pot $0.60 | Rake $0 
Seat 1: ptpraw folded before Flop (didn't bet)
Seat 2: AlexM80 collected ($0.60)
Seat 4: Descartes10 folded before Flop (didn't bet)
Seat 5: Alameda22 (button) folded before Flop (didn't bet)
Seat 7: Burkinator99 (small blind) folded before Flop
Seat 8: Bjoerni89 (big blind) folded before Flop
Seat 9: GerhardB folded before Flop (didn't bet)



PokerStars Game #20021254797:  Hold'em No Limit ($0.10/$0.25) - 2008/08/30 - 17:27:44 (ET)
Table 'Gienah' 9-max Seat #7 is the button
Seat 1: ptpraw ($30.05 in chips) 
Seat 2: AlexM80 ($4.30 in chips) 
Seat 4: Descartes10 ($23.45 in chips) 
Seat 5: Alameda22 ($21.60 in chips) 
Seat 7: Burkinator99 ($37.15 in chips) 
Seat 8: Bjoerni89 ($24.20 in chips) 
Seat 9: GerhardB ($30.10 in chips) 
Bjoerni89: posts small blind $0.10
GerhardB: posts big blind $0.25
TheCrazyBull: sits out 
*** HOLE CARDS ***
Dealt to Alameda22 [Ad Kd]
ptpraw: calls $0.25
AlexM80: folds 
Descartes10: folds 
Alameda22: raises $0.75 to $1
Burkinator99: folds 
Bjoerni89: folds 
GerhardB: folds 
ptpraw: calls $0.75
*** FLOP *** [7c 6s 9s]
ptpraw: bets $3
Alameda22: folds 
Uncalled bet ($3) returned to ptpraw
ptpraw collected $2.25 from pot
*** SUMMARY ***
Total pot $2.35 | Rake $0.10 
Board [7c 6s 9s]
Seat 1: ptpraw collected ($2.25)
Seat 2: AlexM80 folded before Flop (didn't bet)
Seat 4: Descartes10 folded before Flop (didn't bet)
Seat 5: Alameda22 folded on the Flop
Seat 7: Burkinator99 (button) folded before Flop (didn't bet)
Seat 8: Bjoerni89 (small blind) folded before Flop
Seat 9: GerhardB (big blind) folded before Flop



PokerStars Game #20021277500:  Hold'em No Limit ($0.10/$0.25) - 2008/08/30 - 17:28:45 (ET)
Table 'Gienah' 9-max Seat #8 is the button
Seat 1: ptpraw ($31.30 in chips) 
Seat 2: AlexM80 ($4.30 in chips) 
Seat 4: Descartes10 ($23.45 in chips) 
Seat 5: Alameda22 ($20.60 in chips) 
Seat 7: Burkinator99 ($37.15 in chips) 
Seat 8: Bjoerni89 ($24.10 in chips) 
Seat 9: GerhardB ($29.85 in chips) 
GerhardB: posts small blind $0.10
ptpraw: posts big blind $0.25
TheCrazyBull: sits out 
*** HOLE CARDS ***
Dealt to Alameda22 [5s Jc]
AlexM80: folds 
Descartes10: raises $0.25 to $0.50
Alameda22: folds 
Burkinator99: folds 
Bjoerni89: folds 
GerhardB: folds 
ptpraw: calls $0.25
*** FLOP *** [Kh 2c 9d]
ptpraw: bets $0.50
Descartes10: calls $0.50
*** TURN *** [Kh 2c 9d] [Jd]
ptpraw: checks 
Descartes10: bets $2
ptpraw: folds 
Uncalled bet ($2) returned to Descartes10
Descartes10 collected $2 from pot
Descartes10: doesn't show hand 
*** SUMMARY ***
Total pot $2.10 | Rake $0.10 
Board [Kh 2c 9d Jd]
Seat 1: ptpraw (big blind) folded on the Turn
Seat 2: AlexM80 folded before Flop (didn't bet)
Seat 4: Descartes10 collected ($2)
Seat 5: Alameda22 folded before Flop (didn't bet)
Seat 7: Burkinator99 folded before Flop (didn't bet)
Seat 8: Bjoerni89 (button) folded before Flop (didn't bet)
Seat 9: GerhardB (small blind) folded before Flop



PokerStars Game #20021308425:  Hold'em No Limit ($0.10/$0.25) - 2008/08/30 - 17:30:08 (ET)
Table 'Gienah' 9-max Seat #9 is the button
Seat 1: ptpraw ($30.30 in chips) 
Seat 2: AlexM80 ($4.30 in chips) 
Seat 4: Descartes10 ($24.45 in chips) 
Seat 5: Alameda22 ($20.60 in chips) 
Seat 7: Burkinator99 ($37.15 in chips) 
Seat 8: Bjoerni89 ($24.10 in chips) 
Seat 9: GerhardB ($29.75 in chips) 
ptpraw: posts small blind $0.10
AlexM80: posts big blind $0.25
TheCrazyBull: sits out 
*** HOLE CARDS ***
Dealt to Alameda22 [7h Kc]
Descartes10: folds 
ttc17 is disconnected 
Alameda22: folds 
Burkinator99: raises $0.75 to $1
Bjoerni89: calls $1
GerhardB: calls $1
ptpraw: calls $0.90
AlexM80: folds 
*** FLOP *** [5s 3d 4c]
ptpraw: checks 
Burkinator99: bets $3.25
Bjoerni89: calls $3.25
GerhardB: folds 
ptpraw: folds 
*** TURN *** [5s 3d 4c] [8c]
Burkinator99: bets $8
Bjoerni89: calls $8
*** RIVER *** [5s 3d 4c 8c] [9h]
Burkinator99: bets $0.75
Bjoerni89: calls $0.75
*** SHOW DOWN ***
Burkinator99: shows [4h 4d] (three of a kind, Fours)
Bjoerni89: mucks hand 
Burkinator99 said, "dammit"
Burkinator99 collected $26.95 from pot
Burkinator99 said, "missclick"
*** SUMMARY ***
Total pot $28.25 | Rake $1.30 
Board [5s 3d 4c 8c 9h]
Seat 1: ptpraw (small blind) folded on the Flop
Seat 2: AlexM80 (big blind) folded before Flop
Seat 4: Descartes10 folded before Flop (didn't bet)
Seat 5: Alameda22 folded before Flop (didn't bet)
Seat 7: Burkinator99 showed [4h 4d] and won ($26.95) with three of a kind, Fours
Seat 8: Bjoerni89 mucked [6h 6s]
Seat 9: GerhardB (button) folded on the Flop



PokerStars Game #20021343138:  Hold'em No Limit ($0.10/$0.25) - 2008/08/30 - 17:31:40 (ET)
Table 'Gienah' 9-max Seat #1 is the button
Seat 1: ptpraw ($29.30 in chips) 
Seat 2: AlexM80 ($4.05 in chips) 
Seat 3: TheCrazyBull ($25 in chips) 
Seat 4: Descartes10 ($24.45 in chips) 
Seat 5: Alameda22 ($20.60 in chips) 
Seat 7: Burkinator99 ($51.10 in chips) 
Seat 8: Bjoerni89 ($11.10 in chips) 
Seat 9: GerhardB ($28.75 in chips) 
AlexM80: posts small blind $0.10
TheCrazyBull: posts big blind $0.25
*** HOLE CARDS ***
Dealt to Alameda22 [Kc 4s]
Descartes10 is disconnected 
Descartes10 is connected 
Descartes10: folds 
Alameda22: folds 
Burkinator99: folds 
Bjoerni89: folds 
GerhardB: folds 
ptpraw: calls $0.25
AlexM80: folds 
TheCrazyBull: checks 
*** FLOP *** [Ad Jh Td]
TheCrazyBull: checks 
ptpraw: checks 
*** TURN *** [Ad Jh Td] [8c]
TheCrazyBull: checks 
ptpraw: checks 
*** RIVER *** [Ad Jh Td 8c] [8s]
TheCrazyBull: checks 
ptpraw: checks 
*** SHOW DOWN ***
TheCrazyBull: shows [Kd 4c] (a pair of Eights)
ptpraw: shows [3d 3c] (two pair, Eights and Threes)
ptpraw collected $0.60 from pot
*** SUMMARY ***
Total pot $0.60 | Rake $0 
Board [Ad Jh Td 8c 8s]
Seat 1: ptpraw (button) showed [3d 3c] and won ($0.60) with two pair, Eights and Threes
Seat 2: AlexM80 (small blind) folded before Flop
Seat 3: TheCrazyBull (big blind) showed [Kd 4c] and lost with a pair of Eights
Seat 4: Descartes10 folded before Flop (didn't bet)
Seat 5: Alameda22 folded before Flop (didn't bet)
Seat 7: Burkinator99 folded before Flop (didn't bet)
Seat 8: Bjoerni89 folded before Flop (didn't bet)
Seat 9: GerhardB folded before Flop (didn't bet)



PokerStars Game #20021381802:  Hold'em No Limit ($0.10/$0.25) - 2008/08/30 - 17:33:22 (ET)
Table 'Gienah' 9-max Seat #2 is the button
Seat 1: ptpraw ($29.65 in chips) 
Seat 2: AlexM80 ($3.95 in chips) 
Seat 3: TheCrazyBull ($25 in chips) 
Seat 4: Descartes10 ($24.45 in chips) 
Seat 5: Alameda22 ($20.60 in chips) 
Seat 7: Burkinator99 ($51.10 in chips) 
Seat 8: Bjoerni89 ($25 in chips) 
Seat 9: GerhardB ($28.75 in chips) 
TheCrazyBull: posts small blind $0.10
Descartes10: posts big blind $0.25
*** HOLE CARDS ***
Dealt to Alameda22 [Td 7s]
Alameda22: folds 
Burkinator99: raises $0.75 to $1
Bjoerni89: folds 
GerhardB: folds 
ptpraw: calls $1
AlexM80: folds 
TheCrazyBull: folds 
Descartes10: folds 
*** FLOP *** [7c Kd Ts]
Burkinator99: bets $1.75
ptpraw: folds 
Uncalled bet ($1.75) returned to Burkinator99
Burkinator99 collected $2.25 from pot
Burkinator99: doesn't show hand 
*** SUMMARY ***
Total pot $2.35 | Rake $0.10 
Board [7c Kd Ts]
Seat 1: ptpraw folded on the Flop
Seat 2: AlexM80 (button) folded before Flop (didn't bet)
Seat 3: TheCrazyBull (small blind) folded before Flop
Seat 4: Descartes10 (big blind) folded before Flop
Seat 5: Alameda22 folded before Flop (didn't bet)
Seat 7: Burkinator99 collected ($2.25)
Seat 8: Bjoerni89 folded before Flop (didn't bet)
Seat 9: GerhardB folded before Flop (didn't bet)



PokerStars Game #20021404377:  Hold'em No Limit ($0.10/$0.25) - 2008/08/30 - 17:34:22 (ET)
Table 'Gienah' 9-max Seat #3 is the button
Seat 1: ptpraw ($28.65 in chips) 
Seat 2: AlexM80 ($3.95 in chips) 
Seat 3: TheCrazyBull ($24.90 in chips) 
Seat 4: Descartes10 ($24.20 in chips) 
Seat 5: Alameda22 ($20.60 in chips) 
Seat 7: Burkinator99 ($52.35 in chips) 
Seat 8: Bjoerni89 ($25 in chips) 
Seat 9: GerhardB ($28.75 in chips) 
Descartes10: posts small blind $0.10
Alameda22: posts big blind $0.25
*** HOLE CARDS ***
Dealt to Alameda22 [8s 2h]
Burkinator99: folds 
Bjoerni89: folds 
GerhardB: folds 
ptpraw: raises $1 to $1.25
AlexM80: folds 
TheCrazyBull: folds 
Descartes10: folds 
Alameda22: folds 
Uncalled bet ($1) returned to ptpraw
ptpraw collected $0.60 from pot
ptpraw: doesn't show hand 
*** SUMMARY ***
Total pot $0.60 | Rake $0 
Seat 1: ptpraw collected ($0.60)
Seat 2: AlexM80 folded before Flop (didn't bet)
Seat 3: TheCrazyBull (button) folded before Flop (didn't bet)
Seat 4: Descartes10 (small blind) folded before Flop
Seat 5: Alameda22 (big blind) folded before Flop
Seat 7: Burkinator99 folded before Flop (didn't bet)
Seat 8: Bjoerni89 folded before Flop (didn't bet)
Seat 9: GerhardB folded before Flop (didn't bet)



PokerStars Game #20021417479:  Hold'em No Limit ($0.10/$0.25) - 2008/08/30 - 17:34:57 (ET)
Table 'Gienah' 9-max Seat #4 is the button
Seat 1: ptpraw ($29 in chips) 
Seat 2: AlexM80 ($3.95 in chips) 
Seat 3: TheCrazyBull ($24.90 in chips) 
Seat 4: Descartes10 ($24.10 in chips) 
Seat 5: Alameda22 ($20.35 in chips) 
Seat 7: Burkinator99 ($52.35 in chips) 
Seat 8: Bjoerni89 ($25 in chips) 
Seat 9: GerhardB ($28.75 in chips) 
Alameda22: posts small blind $0.10
Burkinator99: posts big blind $0.25
*** HOLE CARDS ***
Dealt to Alameda22 [Ad 6s]
Bjoerni89: folds 
GerhardB: calls $0.25
ptpraw: calls $0.25
AlexM80: folds 
TheCrazyBull: folds 
Descartes10: calls $0.25
ttc17 is connected 
Alameda22: folds 
Burkinator99: checks 
*** FLOP *** [Jh 2d 3c]
Burkinator99: checks 
GerhardB: checks 
ptpraw: checks 
Descartes10: bets $1
Burkinator99: folds 
GerhardB: folds 
ptpraw: folds 
Uncalled bet ($1) returned to Descartes10
Descartes10 collected $1.05 from pot
Descartes10: doesn't show hand 
ttc17 has returned
*** SUMMARY ***
Total pot $1.10 | Rake $0.05 
Board [Jh 2d 3c]
Seat 1: ptpraw folded on the Flop
Seat 2: AlexM80 folded before Flop (didn't bet)
Seat 3: TheCrazyBull folded before Flop (didn't bet)
Seat 4: Descartes10 (button) collected ($1.05)
Seat 5: Alameda22 (small blind) folded before Flop
Seat 7: Burkinator99 (big blind) folded on the Flop
Seat 8: Bjoerni89 folded before Flop (didn't bet)
Seat 9: GerhardB folded on the Flop



PokerStars Game #20021435638:  Hold'em No Limit ($0.10/$0.25) - 2008/08/30 - 17:35:45 (ET)
Table 'Gienah' 9-max Seat #5 is the button
Seat 1: ptpraw ($28.75 in chips) 
Seat 2: AlexM80 ($3.95 in chips) 
Seat 3: TheCrazyBull ($24.90 in chips) 
Seat 4: Descartes10 ($24.90 in chips) 
Seat 5: Alameda22 ($20.25 in chips) 
Seat 7: Burkinator99 ($52.10 in chips) 
Seat 8: Bjoerni89 ($25 in chips) 
Seat 9: GerhardB ($28.50 in chips) 
ttc17 will be allowed to play after the button
Burkinator99: posts small blind $0.10
Bjoerni89: posts big blind $0.25
*** HOLE CARDS ***
Dealt to Alameda22 [7c Ac]
GerhardB: calls $0.25
ptpraw: folds 
AlexM80: folds 
TheCrazyBull: folds 
Descartes10: calls $0.25
Alameda22: folds 
ptpraw leaves the table
Burkinator99: calls $0.15
Bjoerni89: checks 
*** FLOP *** [Kd Qd 5h]
Burkinator99: bets $1
Bjoerni89: raises $2 to $3
GerhardB: folds 
Descartes10: folds 
Burkinator99: folds 
Uncalled bet ($2) returned to Bjoerni89
Bjoerni89 collected $2.90 from pot
Bjoerni89: doesn't show hand 
*** SUMMARY ***
Total pot $3 | Rake $0.10 
Board [Kd Qd 5h]
Seat 1: ptpraw folded before Flop (didn't bet)
Seat 2: AlexM80 folded before Flop (didn't bet)
Seat 3: TheCrazyBull folded before Flop (didn't bet)
Seat 4: Descartes10 folded on the Flop
Seat 5: Alameda22 (button) folded before Flop (didn't bet)
Seat 7: Burkinator99 (small blind) folded on the Flop
Seat 8: Bjoerni89 (big blind) collected ($2.90)
Seat 9: GerhardB folded on the Flop



PokerStars Game #20021456772:  Hold'em No Limit ($0.10/$0.25) - 2008/08/30 - 17:36:42 (ET)
Table 'Gienah' 9-max Seat #7 is the button
Seat 2: AlexM80 ($3.95 in chips) 
Seat 3: TheCrazyBull ($25 in chips) 
Seat 4: Descartes10 ($24.65 in chips) 
Seat 5: Alameda22 ($20.25 in chips) 
Seat 7: Burkinator99 ($50.85 in chips) 
Seat 8: Bjoerni89 ($26.65 in chips) 
Seat 9: GerhardB ($28.25 in chips) 
Bjoerni89: posts small blind $0.10
GerhardB: posts big blind $0.25
ttc17: sits out 
*** HOLE CARDS ***
Dealt to Alameda22 [7h Ts]
AlexM80: folds 
TheCrazyBull: folds 
Descartes10: folds 
Alameda22: folds 
Burkinator99: folds 
Bjoerni89: raises $0.75 to $1
GerhardB: calls $0.75
*** FLOP *** [2d Qc 9s]
Bjoerni89: bets $1.30
GerhardB: calls $1.30
*** TURN *** [2d Qc 9s] [Ad]
Bjoerni89: checks 
GerhardB: bets $1.50
Bjoerni89: folds 
Uncalled bet ($1.50) returned to GerhardB
GerhardB collected $4.40 from pot
GerhardB: doesn't show hand 
*** SUMMARY ***
Total pot $4.60 | Rake $0.20 
Board [2d Qc 9s Ad]
Seat 2: AlexM80 folded before Flop (didn't bet)
Seat 3: TheCrazyBull folded before Flop (didn't bet)
Seat 4: Descartes10 folded before Flop (didn't bet)
Seat 5: Alameda22 folded before Flop (didn't bet)
Seat 7: Burkinator99 (button) folded before Flop (didn't bet)
Seat 8: Bjoerni89 (small blind) folded on the Turn
Seat 9: GerhardB (big blind) collected ($4.40)



PokerStars Game #20021480628:  Hold'em No Limit ($0.10/$0.25) - 2008/08/30 - 17:37:46 (ET)
Table 'Gienah' 9-max Seat #8 is the button
Seat 2: AlexM80 ($3.95 in chips) 
Seat 3: TheCrazyBull ($25 in chips) 
Seat 4: Descartes10 ($24.65 in chips) 
Seat 5: Alameda22 ($20.25 in chips) 
Seat 7: Burkinator99 ($50.85 in chips) 
Seat 8: Bjoerni89 ($25 in chips) 
Seat 9: GerhardB ($30.35 in chips) 
GerhardB: posts small blind $0.10
AlexM80: posts big blind $0.25
ttc17: sits out 
*** HOLE CARDS ***
Dealt to Alameda22 [4h Ac]
TheCrazyBull: folds 
Descartes10: folds 
Alameda22: folds 
Burkinator99: folds 
Bjoerni89: raises $0.75 to $1
GerhardB: folds 
AlexM80: folds 
Uncalled bet ($0.75) returned to Bjoerni89
Bjoerni89 collected $0.60 from pot
Bjoerni89: doesn't show hand 
*** SUMMARY ***
Total pot $0.60 | Rake $0 
Seat 2: AlexM80 (big blind) folded before Flop
Seat 3: TheCrazyBull folded before Flop (didn't bet)
Seat 4: Descartes10 folded before Flop (didn't bet)
Seat 5: Alameda22 folded before Flop (didn't bet)
Seat 7: Burkinator99 folded before Flop (didn't bet)
Seat 8: Bjoerni89 (button) collected ($0.60)
Seat 9: GerhardB (small blind) folded before Flop



PokerStars Game #20021493617:  Hold'em No Limit ($0.10/$0.25) - 2008/08/30 - 17:38:21 (ET)
Table 'Gienah' 9-max Seat #9 is the button
Seat 2: AlexM80 ($3.70 in chips) 
Seat 3: TheCrazyBull ($25 in chips) 
Seat 4: Descartes10 ($24.65 in chips) 
Seat 5: Alameda22 ($20.25 in chips) 
Seat 7: Burkinator99 ($50.85 in chips) 
Seat 8: Bjoerni89 ($25.35 in chips) 
Seat 9: GerhardB ($30.25 in chips) 
AlexM80: posts small blind $0.10
TheCrazyBull: posts big blind $0.25
ttc17: sits out 
*** HOLE CARDS ***
Dealt to Alameda22 [Ah Qs]
Descartes10: folds 
Alameda22: folds 
Burkinator99: folds 
Bjoerni89: folds 
GerhardB: folds 
AlexM80: folds 
Uncalled bet ($0.15) returned to TheCrazyBull
TheCrazyBull collected $0.20 from pot
TheCrazyBull: doesn't show hand 
*** SUMMARY ***
Total pot $0.20 | Rake $0 
Seat 2: AlexM80 (small blind) folded before Flop
Seat 3: TheCrazyBull (big blind) collected ($0.20)
Seat 4: Descartes10 folded before Flop (didn't bet)
Seat 5: Alameda22 folded before Flop (didn't bet)
Seat 7: Burkinator99 folded before Flop (didn't bet)
Seat 8: Bjoerni89 folded before Flop (didn't bet)
Seat 9: GerhardB (button) folded before Flop (didn't bet)



PokerStars Game #20021506010:  Hold'em No Limit ($0.10/$0.25) - 2008/08/30 - 17:38:54 (ET)
Table 'Gienah' 9-max Seat #2 is the button
Seat 2: AlexM80 ($5 in chips) 
Seat 3: TheCrazyBull ($25.10 in chips) 
Seat 4: Descartes10 ($24.65 in chips) 
Seat 5: Alameda22 ($20.25 in chips) 
Seat 7: Burkinator99 ($50.85 in chips) 
Seat 8: Bjoerni89 ($25.35 in chips) 
Seat 9: GerhardB ($30.25 in chips) 
TheCrazyBull: posts small blind $0.10
Descartes10: posts big blind $0.25
ttc17: sits out 
*** HOLE CARDS ***
Dealt to Alameda22 [Ah 9h]
Alameda22: folds 
Burkinator99: folds 
Bjoerni89: folds 
GerhardB: calls $0.25
AlexM80: folds 
TheCrazyBull: folds 
Descartes10: checks 
*** FLOP *** [Td 6c Jc]
Descartes10: bets $0.50
GerhardB: folds 
Uncalled bet ($0.50) returned to Descartes10
Descartes10 collected $0.60 from pot
Descartes10: doesn't show hand 
*** SUMMARY ***
Total pot $0.60 | Rake $0 
Board [Td 6c Jc]
Seat 2: AlexM80 (button) folded before Flop (didn't bet)
Seat 3: TheCrazyBull (small blind) folded before Flop
Seat 4: Descartes10 (big blind) collected ($0.60)
Seat 5: Alameda22 folded before Flop (didn't bet)
Seat 7: Burkinator99 folded before Flop (didn't bet)
Seat 8: Bjoerni89 folded before Flop (didn't bet)
Seat 9: GerhardB folded on the Flop



PokerStars Game #20021523583:  Hold'em No Limit ($0.10/$0.25) - 2008/08/30 - 17:39:41 (ET)
Table 'Gienah' 9-max Seat #3 is the button
Seat 2: AlexM80 ($5 in chips) 
Seat 3: TheCrazyBull ($25 in chips) 
Seat 4: Descartes10 ($25 in chips) 
Seat 5: Alameda22 ($20.25 in chips) 
Seat 7: Burkinator99 ($50.85 in chips) 
Seat 8: Bjoerni89 ($25.35 in chips) 
Seat 9: GerhardB ($30 in chips) 
Descartes10: posts small blind $0.10
Alameda22: posts big blind $0.25
ttc17: sits out 
*** HOLE CARDS ***
Dealt to Alameda22 [8d 9s]
Burkinator99: folds 
Bjoerni89: folds 
GerhardB: calls $0.25
AlexM80: folds 
TheCrazyBull: folds 
Descartes10: calls $0.15
Alameda22: checks 
*** FLOP *** [4h 3h Kd]
Descartes10: checks 
Alameda22: checks 
GerhardB: checks 
*** TURN *** [4h 3h Kd] [7d]
Descartes10: checks 
Alameda22: checks 
Mr. Lui bk joins the table at seat #1 
GerhardB: bets $0.50
Descartes10: folds 
Alameda22: folds 
Uncalled bet ($0.50) returned to GerhardB
GerhardB collected $0.75 from pot
GerhardB: doesn't show hand 
*** SUMMARY ***
Total pot $0.75 | Rake $0 
Board [4h 3h Kd 7d]
Seat 2: AlexM80 folded before Flop (didn't bet)
Seat 3: TheCrazyBull (button) folded before Flop (didn't bet)
Seat 4: Descartes10 (small blind) folded on the Turn
Seat 5: Alameda22 (big blind) folded on the Turn
Seat 7: Burkinator99 folded before Flop (didn't bet)
Seat 8: Bjoerni89 folded before Flop (didn't bet)
Seat 9: GerhardB collected ($0.75)



PokerStars Game #20021552242:  Hold'em No Limit ($0.10/$0.25) - 2008/08/30 - 17:40:57 (ET)
Table 'Gienah' 9-max Seat #4 is the button
Seat 1: Mr. Lui bk ($15 in chips) 
Seat 2: AlexM80 ($5 in chips) 
Seat 3: TheCrazyBull ($25 in chips) 
Seat 4: Descartes10 ($24.75 in chips) 
Seat 5: Alameda22 ($20 in chips) 
Seat 6: ttc17 ($24.75 in chips) 
Seat 7: Burkinator99 ($50.85 in chips) 
Seat 8: Bjoerni89 ($25.35 in chips) 
Seat 9: GerhardB ($30.50 in chips) 
Alameda22: posts small blind $0.10
ttc17: posts big blind $0.25
Mr. Lui bk: posts big blind $0.25
*** HOLE CARDS ***
Dealt to Alameda22 [3h 3c]
Burkinator99: folds 
Bjoerni89: folds 
GerhardB: calls $0.25
Mr. Lui bk: checks 
AlexM80: folds 
TheCrazyBull: folds 
Descartes10: folds 
Alameda22: calls $0.15
ttc17: checks 
*** FLOP *** [7h Qc Kc]
Alameda22: checks 
ttc17: checks 
GerhardB: checks 
Mr. Lui bk: bets $0.50
Alameda22: folds 
ttc17: calls $0.50
GerhardB: folds 
*** TURN *** [7h Qc Kc] [7d]
ttc17: checks 
Mr. Lui bk: checks 
*** RIVER *** [7h Qc Kc 7d] [7s]
ttc17: bets $0.50
Mr. Lui bk: calls $0.50
*** SHOW DOWN ***
ttc17: shows [Ks 6s] (a full house, Sevens full of Kings)
Mr. Lui bk: mucks hand 
ttc17 collected $2.90 from pot
*** SUMMARY ***
Total pot $3 | Rake $0.10 
Board [7h Qc Kc 7d 7s]
Seat 1: Mr. Lui bk mucked [Qd Jc]
Seat 2: AlexM80 folded before Flop (didn't bet)
Seat 3: TheCrazyBull folded before Flop (didn't bet)
Seat 4: Descartes10 (button) folded before Flop (didn't bet)
Seat 5: Alameda22 (small blind) folded on the Flop
Seat 6: ttc17 (big blind) showed [Ks 6s] and won ($2.90) with a full house, Sevens full of Kings
Seat 7: Burkinator99 folded before Flop (didn't bet)
Seat 8: Bjoerni89 folded before Flop (didn't bet)
Seat 9: GerhardB folded on the Flop



PokerStars Game #20021589333:  Hold'em No Limit ($0.10/$0.25) - 2008/08/30 - 17:42:36 (ET)
Table 'Gienah' 9-max Seat #5 is the button
Seat 1: Mr. Lui bk ($13.75 in chips) 
Seat 2: AlexM80 ($5 in chips) 
Seat 3: TheCrazyBull ($25 in chips) 
Seat 4: Descartes10 ($24.75 in chips) 
Seat 5: Alameda22 ($19.75 in chips) 
Seat 6: ttc17 ($26.40 in chips) 
Seat 7: Burkinator99 ($50.85 in chips) 
Seat 8: Bjoerni89 ($25.35 in chips) 
Seat 9: GerhardB ($30.25 in chips) 
ttc17: posts small blind $0.10
Burkinator99: posts big blind $0.25
*** HOLE CARDS ***
Dealt to Alameda22 [Qc 8s]
Bjoerni89: folds 
GerhardB: calls $0.25
Mr. Lui bk: folds 
AlexM80: folds 
TheCrazyBull: folds 
Descartes10: calls $0.25
Alameda22: folds 
ttc17: folds 
Burkinator99: checks 
*** FLOP *** [7d 9h 8d]
Burkinator99: bets $0.75
GerhardB: folds 
Descartes10: calls $0.75
*** TURN *** [7d 9h 8d] [4c]
Burkinator99: bets $2.25
Descartes10: calls $2.25
*** RIVER *** [7d 9h 8d 4c] [Ad]
Burkinator99: bets $3.25
Descartes10: folds 
Uncalled bet ($3.25) returned to Burkinator99
Burkinator99 collected $6.55 from pot
Burkinator99: doesn't show hand 
*** SUMMARY ***
Total pot $6.85 | Rake $0.30 
Board [7d 9h 8d 4c Ad]
Seat 1: Mr. Lui bk folded before Flop (didn't bet)
Seat 2: AlexM80 folded before Flop (didn't bet)
Seat 3: TheCrazyBull folded before Flop (didn't bet)
Seat 4: Descartes10 folded on the River
Seat 5: Alameda22 (button) folded before Flop (didn't bet)
Seat 6: ttc17 (small blind) folded before Flop
Seat 7: Burkinator99 (big blind) collected ($6.55)
Seat 8: Bjoerni89 folded before Flop (didn't bet)
Seat 9: GerhardB folded on the Flop



PokerStars Game #20021609351:  Hold'em No Limit ($0.10/$0.25) - 2008/08/30 - 17:43:29 (ET)
Table 'Gienah' 9-max Seat #6 is the button
Seat 1: Mr. Lui bk ($13.75 in chips) 
Seat 2: AlexM80 ($5 in chips) 
Seat 3: TheCrazyBull ($25 in chips) 
Seat 4: Descartes10 ($21.50 in chips) 
Seat 5: Alameda22 ($19.75 in chips) 
Seat 6: ttc17 ($26.30 in chips) 
Seat 7: Burkinator99 ($54.15 in chips) 
Seat 8: Bjoerni89 ($25.35 in chips) 
Seat 9: GerhardB ($30 in chips) 
Burkinator99: posts small blind $0.10
Bjoerni89: posts big blind $0.25
*** HOLE CARDS ***
Dealt to Alameda22 [3h Ad]
GerhardB: calls $0.25
Mr. Lui bk: folds 
AlexM80: folds 
TheCrazyBull: folds 
Descartes10: folds 
Alameda22: folds 
ttc17: calls $0.25
Burkinator99: folds 
Bjoerni89: checks 
*** FLOP *** [3d 8h 9d]
Bjoerni89: checks 
GerhardB: checks 
ttc17: checks 
*** TURN *** [3d 8h 9d] [Qs]
Bjoerni89: bets $0.50
GerhardB: folds 
ttc17: folds 
Uncalled bet ($0.50) returned to Bjoerni89
Bjoerni89 collected $0.85 from pot
Bjoerni89: doesn't show hand 
*** SUMMARY ***
Total pot $0.85 | Rake $0 
Board [3d 8h 9d Qs]
Seat 1: Mr. Lui bk folded before Flop (didn't bet)
Seat 2: AlexM80 folded before Flop (didn't bet)
Seat 3: TheCrazyBull folded before Flop (didn't bet)
Seat 4: Descartes10 folded before Flop (didn't bet)
Seat 5: Alameda22 folded before Flop (didn't bet)
Seat 6: ttc17 (button) folded on the Turn
Seat 7: Burkinator99 (small blind) folded before Flop
Seat 8: Bjoerni89 (big blind) collected ($0.85)
Seat 9: GerhardB folded on the Turn



PokerStars Game #20021635394:  Hold'em No Limit ($0.10/$0.25) - 2008/08/30 - 17:44:39 (ET)
Table 'Gienah' 9-max Seat #7 is the button
Seat 1: Mr. Lui bk ($13.75 in chips) 
Seat 2: AlexM80 ($5 in chips) 
Seat 3: TheCrazyBull ($25 in chips) 
Seat 4: Descartes10 ($21.50 in chips) 
Seat 5: Alameda22 ($25 in chips) 
Seat 6: ttc17 ($26.05 in chips) 
Seat 7: Burkinator99 ($54.05 in chips) 
Seat 8: Bjoerni89 ($25.95 in chips) 
Seat 9: GerhardB ($29.75 in chips) 
Bjoerni89: posts small blind $0.10
GerhardB: posts big blind $0.25
*** HOLE CARDS ***
Dealt to Alameda22 [5s 8s]
Mr. Lui bk: folds 
AlexM80: folds 
TheCrazyBull: folds 
Descartes10: folds 
Alameda22: folds 
ttc17: folds 
Burkinator99: folds 
Bjoerni89: folds 
Uncalled bet ($0.15) returned to GerhardB
GerhardB collected $0.20 from pot
GerhardB: doesn't show hand 
*** SUMMARY ***
Total pot $0.20 | Rake $0 
Seat 1: Mr. Lui bk folded before Flop (didn't bet)
Seat 2: AlexM80 folded before Flop (didn't bet)
Seat 3: TheCrazyBull folded before Flop (didn't bet)
Seat 4: Descartes10 folded before Flop (didn't bet)
Seat 5: Alameda22 folded before Flop (didn't bet)
Seat 6: ttc17 folded before Flop (didn't bet)
Seat 7: Burkinator99 (button) folded before Flop (didn't bet)
Seat 8: Bjoerni89 (small blind) folded before Flop
Seat 9: GerhardB (big blind) collected ($0.20)



PokerStars Game #20021653091:  Hold'em No Limit ($0.10/$0.25) - 2008/08/30 - 17:45:26 (ET)
Table 'Gienah' 9-max Seat #8 is the button
Seat 1: Mr. Lui bk ($13.75 in chips) 
Seat 2: AlexM80 ($5 in chips) 
Seat 3: TheCrazyBull ($25 in chips) 
Seat 4: Descartes10 ($25 in chips) 
Seat 5: Alameda22 ($25 in chips) 
Seat 6: ttc17 ($26.05 in chips) 
Seat 7: Burkinator99 ($54.05 in chips) 
Seat 8: Bjoerni89 ($25.85 in chips) 
Seat 9: GerhardB ($29.85 in chips) 
GerhardB: posts small blind $0.10
Mr. Lui bk: posts big blind $0.25
*** HOLE CARDS ***
Dealt to Alameda22 [3h Jh]
AlexM80: folds 
TheCrazyBull: folds 
Descartes10: folds 
Alameda22: folds 
ttc17: folds 
Burkinator99: raises $0.75 to $1
Bjoerni89: folds 
GerhardB: folds 
Mr. Lui bk: folds 
Uncalled bet ($0.75) returned to Burkinator99
Burkinator99 collected $0.60 from pot
Burkinator99: doesn't show hand 
*** SUMMARY ***
Total pot $0.60 | Rake $0 
Seat 1: Mr. Lui bk (big blind) folded before Flop
Seat 2: AlexM80 folded before Flop (didn't bet)
Seat 3: TheCrazyBull folded before Flop (didn't bet)
Seat 4: Descartes10 folded before Flop (didn't bet)
Seat 5: Alameda22 folded before Flop (didn't bet)
Seat 6: ttc17 folded before Flop (didn't bet)
Seat 7: Burkinator99 collected ($0.60)
Seat 8: Bjoerni89 (button) folded before Flop (didn't bet)
Seat 9: GerhardB (small blind) folded before Flop



PokerStars Game #20021666736:  Hold'em No Limit ($0.10/$0.25) - 2008/08/30 - 17:46:02 (ET)
Table 'Gienah' 9-max Seat #9 is the button
Seat 1: Mr. Lui bk ($13.50 in chips) 
Seat 2: AlexM80 ($5 in chips) 
Seat 3: TheCrazyBull ($25 in chips) 
Seat 4: Descartes10 ($25 in chips) 
Seat 5: Alameda22 ($25 in chips) 
Seat 6: ttc17 ($26.05 in chips) 
Seat 7: Burkinator99 ($54.40 in chips) 
Seat 8: Bjoerni89 ($25.85 in chips) 
Seat 9: GerhardB ($29.75 in chips) 
Mr. Lui bk: posts small blind $0.10
AlexM80: posts big blind $0.25
*** HOLE CARDS ***
Dealt to Alameda22 [4c Jd]
TheCrazyBull: folds 
Descartes10: folds 
Alameda22: folds 
ttc17: raises $0.50 to $0.75
Burkinator99: folds 
Bjoerni89: folds 
GerhardB: folds 
Mr. Lui bk: calls $0.65
AlexM80: folds 
*** FLOP *** [9s Qh Td]
Mr. Lui bk: checks 
ttc17: bets $0.75
Mr. Lui bk: folds 
Uncalled bet ($0.75) returned to ttc17
ttc17 collected $1.70 from pot
ttc17 is sitting out
ttc17: doesn't show hand 
*** SUMMARY ***
Total pot $1.75 | Rake $0.05 
Board [9s Qh Td]
Seat 1: Mr. Lui bk (small blind) folded on the Flop
Seat 2: AlexM80 (big blind) folded before Flop
Seat 3: TheCrazyBull folded before Flop (didn't bet)
Seat 4: Descartes10 folded before Flop (didn't bet)
Seat 5: Alameda22 folded before Flop (didn't bet)
Seat 6: ttc17 collected ($1.70)
Seat 7: Burkinator99 folded before Flop (didn't bet)
Seat 8: Bjoerni89 folded before Flop (didn't bet)
Seat 9: GerhardB (button) folded before Flop (didn't bet)



PokerStars Game #20021698899:  Hold'em No Limit ($0.10/$0.25) - 2008/08/30 - 17:47:28 (ET)
Table 'Gienah' 9-max Seat #1 is the button
Seat 1: Mr. Lui bk ($12.75 in chips) 
Seat 2: AlexM80 ($4.75 in chips) 
Seat 3: TheCrazyBull ($25 in chips) 
Seat 4: Descartes10 ($25 in chips) 
Seat 5: Alameda22 ($25 in chips) 
Seat 7: Burkinator99 ($54.40 in chips) 
Seat 8: Bjoerni89 ($25.85 in chips) 
Seat 9: GerhardB ($29.75 in chips) 
AlexM80: posts small blind $0.10
TheCrazyBull: posts big blind $0.25
*** HOLE CARDS ***
Dealt to Alameda22 [6d 9s]
Descartes10: folds 
Alameda22: folds 
Burkinator99: folds 
Bjoerni89: folds 
GerhardB: folds 
Mr. Lui bk: folds 
AlexM80: folds 
Uncalled bet ($0.15) returned to TheCrazyBull
TheCrazyBull collected $0.20 from pot
TheCrazyBull: doesn't show hand 
*** SUMMARY ***
Total pot $0.20 | Rake $0 
Seat 1: Mr. Lui bk (button) folded before Flop (didn't bet)
Seat 2: AlexM80 (small blind) folded before Flop
Seat 3: TheCrazyBull (big blind) collected ($0.20)
Seat 4: Descartes10 folded before Flop (didn't bet)
Seat 5: Alameda22 folded before Flop (didn't bet)
Seat 7: Burkinator99 folded before Flop (didn't bet)
Seat 8: Bjoerni89 folded before Flop (didn't bet)
Seat 9: GerhardB folded before Flop (didn't bet)



PokerStars Game #20021709330:  Hold'em No Limit ($0.10/$0.25) - 2008/08/30 - 17:47:56 (ET)
Table 'Gienah' 9-max Seat #2 is the button
Seat 1: Mr. Lui bk ($12.75 in chips) 
Seat 2: AlexM80 ($4.65 in chips) 
Seat 3: TheCrazyBull ($25.10 in chips) 
Seat 4: Descartes10 ($25 in chips) 
Seat 5: Alameda22 ($25 in chips) 
Seat 7: Burkinator99 ($54.40 in chips) 
Seat 8: Bjoerni89 ($25.85 in chips) 
Seat 9: GerhardB ($29.75 in chips) 
TheCrazyBull: posts small blind $0.10
Descartes10: posts big blind $0.25
*** HOLE CARDS ***
Dealt to Alameda22 [4s Qs]
Alameda22: folds 
Burkinator99: folds 
Bjoerni89: raises $0.75 to $1
GerhardB: folds 
Mr. Lui bk: calls $1
AlexM80: folds 
TheCrazyBull: calls $0.90
Descartes10: folds 
*** FLOP *** [3c 6s 8c]
TheCrazyBull: checks 
Bjoerni89: bets $1.70
Descartes10 leaves the table
Mr. Lui bk: folds 
TheCrazyBull: folds 
Uncalled bet ($1.70) returned to Bjoerni89
ttc17 has returned
Bjoerni89 collected $3.10 from pot
Bjoerni89: doesn't show hand 
*** SUMMARY ***
Total pot $3.25 | Rake $0.15 
Board [3c 6s 8c]
Seat 1: Mr. Lui bk folded on the Flop
Seat 2: AlexM80 (button) folded before Flop (didn't bet)
Seat 3: TheCrazyBull (small blind) folded on the Flop
Seat 4: Descartes10 (big blind) folded before Flop
Seat 5: Alameda22 folded before Flop (didn't bet)
Seat 7: Burkinator99 folded before Flop (didn't bet)
Seat 8: Bjoerni89 collected ($3.10)
Seat 9: GerhardB folded before Flop (didn't bet)



PokerStars Game #20021738369:  Hold'em No Limit ($0.10/$0.25) - 2008/08/30 - 17:49:14 (ET)
Table 'Gienah' 9-max Seat #3 is the button
Seat 1: Mr. Lui bk ($11.75 in chips) 
Seat 2: AlexM80 ($4.65 in chips) 
Seat 3: TheCrazyBull ($25 in chips) 
Seat 5: Alameda22 ($25 in chips) 
Seat 6: ttc17 ($27 in chips) 
Seat 7: Burkinator99 ($54.40 in chips) 
Seat 8: Bjoerni89 ($27.95 in chips) 
Seat 9: GerhardB ($29.75 in chips) 
Alameda22: posts small blind $0.10
ttc17: posts big blind $0.25
*** HOLE CARDS ***
Dealt to Alameda22 [2d Qc]
Burkinator99: folds 
fransmann31 joins the table at seat #4 
Bjoerni89: folds 
GerhardB: folds 
Mr. Lui bk: raises $0.75 to $1
AlexM80: folds 
TheCrazyBull: folds 
Alameda22: folds 
ttc17: folds 
Uncalled bet ($0.75) returned to Mr. Lui bk
Mr. Lui bk collected $0.60 from pot
Mr. Lui bk: doesn't show hand 
*** SUMMARY ***
Total pot $0.60 | Rake $0 
Seat 1: Mr. Lui bk collected ($0.60)
Seat 2: AlexM80 folded before Flop (didn't bet)
Seat 3: TheCrazyBull (button) folded before Flop (didn't bet)
Seat 5: Alameda22 (small blind) folded before Flop
Seat 6: ttc17 (big blind) folded before Flop
Seat 7: Burkinator99 folded before Flop (didn't bet)
Seat 8: Bjoerni89 folded before Flop (didn't bet)
Seat 9: GerhardB folded before Flop (didn't bet)



PokerStars Game #20021750883:  Hold'em No Limit ($0.10/$0.25) - 2008/08/30 - 17:49:48 (ET)
Table 'Gienah' 9-max Seat #5 is the button
Seat 1: Mr. Lui bk ($12.10 in chips) 
Seat 2: AlexM80 ($4.65 in chips) 
Seat 3: TheCrazyBull ($25 in chips) 
Seat 4: fransmann31 ($15 in chips) 
Seat 5: Alameda22 ($24.90 in chips) 
Seat 6: ttc17 ($26.75 in chips) 
Seat 7: Burkinator99 ($54.40 in chips) 
Seat 8: Bjoerni89 ($27.95 in chips) 
Seat 9: GerhardB ($29.75 in chips) 
ttc17: posts small blind $0.10
Burkinator99: posts big blind $0.25
fransmann31: posts big blind $0.25
*** HOLE CARDS ***
Dealt to Alameda22 [6c Kh]
Bjoerni89: folds 
GerhardB: raises $0.75 to $1
Mr. Lui bk: calls $1
AlexM80: folds 
TheCrazyBull: folds 
fransmann31: calls $0.75
Alameda22: folds 
ttc17: folds 
Burkinator99: folds 
*** FLOP *** [2s 4d Jd]
GerhardB: bets $2.50
Mr. Lui bk: calls $2.50
fransmann31: folds 
*** TURN *** [2s 4d Jd] [8h]
GerhardB: checks 
Mr. Lui bk: bets $8.60 and is all-in
GerhardB: folds 
Uncalled bet ($8.60) returned to Mr. Lui bk
Mr. Lui bk collected $7.95 from pot
Mr. Lui bk: doesn't show hand 
*** SUMMARY ***
Total pot $8.35 | Rake $0.40 
Board [2s 4d Jd 8h]
Seat 1: Mr. Lui bk collected ($7.95)
Seat 2: AlexM80 folded before Flop (didn't bet)
Seat 3: TheCrazyBull folded before Flop (didn't bet)
Seat 4: fransmann31 folded on the Flop
Seat 5: Alameda22 (button) folded before Flop (didn't bet)
Seat 6: ttc17 (small blind) folded before Flop
Seat 7: Burkinator99 (big blind) folded before Flop
Seat 8: Bjoerni89 folded before Flop (didn't bet)
Seat 9: GerhardB folded on the Turn



PokerStars Game #20021789157:  Hold'em No Limit ($0.10/$0.25) - 2008/08/30 - 17:51:30 (ET)
Table 'Gienah' 9-max Seat #6 is the button
Seat 1: Mr. Lui bk ($16.55 in chips) 
Seat 2: AlexM80 ($4.65 in chips) 
Seat 3: TheCrazyBull ($25 in chips) 
Seat 4: fransmann31 ($14 in chips) 
Seat 5: Alameda22 ($24.90 in chips) 
Seat 6: ttc17 ($26.65 in chips) 
Seat 7: Burkinator99 ($54.15 in chips) 
Seat 8: Bjoerni89 ($27.95 in chips) 
Seat 9: GerhardB ($26.25 in chips) 
Burkinator99: posts small blind $0.10
Bjoerni89: posts big blind $0.25
*** HOLE CARDS ***
Dealt to Alameda22 [3h 8h]
GerhardB: calls $0.25
Mr. Lui bk: folds 
AlexM80: folds 
TheCrazyBull: folds 
fransmann31: calls $0.25
Alameda22: folds 
ttc17: folds 
Burkinator99: folds 
Bjoerni89: checks 
*** FLOP *** [2h Td 8c]
Bjoerni89: checks 
GerhardB: checks 
fransmann31: checks 
*** TURN *** [2h Td 8c] [Ac]
Bjoerni89: checks 
GerhardB: checks 
fransmann31: checks 
*** RIVER *** [2h Td 8c Ac] [Tc]
Bjoerni89: checks 
GerhardB: checks 
fransmann31: checks 
*** SHOW DOWN ***
Bjoerni89: shows [7d 4c] (a pair of Tens)
GerhardB: shows [7s Ks] (a pair of Tens - Ace+King kicker)
fransmann31: mucks hand 
GerhardB collected $0.85 from pot
*** SUMMARY ***
Total pot $0.85 | Rake $0 
Board [2h Td 8c Ac Tc]
Seat 1: Mr. Lui bk folded before Flop (didn't bet)
Seat 2: AlexM80 folded before Flop (didn't bet)
Seat 3: TheCrazyBull folded before Flop (didn't bet)
Seat 4: fransmann31 mucked [6h Qs]
Seat 5: Alameda22 folded before Flop (didn't bet)
Seat 6: ttc17 (button) folded before Flop (didn't bet)
Seat 7: Burkinator99 (small blind) folded before Flop
Seat 8: Bjoerni89 (big blind) showed [7d 4c] and lost with a pair of Tens
Seat 9: GerhardB showed [7s Ks] and won ($0.85) with a pair of Tens



PokerStars Game #20021810109:  Hold'em No Limit ($0.10/$0.25) - 2008/08/30 - 17:52:27 (ET)
Table 'Gienah' 9-max Seat #7 is the button
Seat 1: Mr. Lui bk ($16.55 in chips) 
Seat 2: AlexM80 ($4.65 in chips) 
Seat 3: TheCrazyBull ($25 in chips) 
Seat 4: fransmann31 ($13.75 in chips) 
Seat 5: Alameda22 ($24.90 in chips) 
Seat 6: ttc17 ($26.65 in chips) 
Seat 7: Burkinator99 ($54.05 in chips) 
Seat 8: Bjoerni89 ($27.70 in chips) 
Seat 9: GerhardB ($26.85 in chips) 
Bjoerni89: posts small blind $0.10
GerhardB: posts big blind $0.25
*** HOLE CARDS ***
Dealt to Alameda22 [4d 5d]
Mr. Lui bk: folds 
AlexM80: folds 
TheCrazyBull: folds 
fransmann31: calls $0.25
Alameda22: folds 
ttc17: folds 
Burkinator99: folds 
Bjoerni89: calls $0.15
GerhardB: checks 
*** FLOP *** [9d Td 3s]
Bjoerni89: bets $0.50
GerhardB: calls $0.50
fransmann31: folds 
*** TURN *** [9d Td 3s] [6s]
Bjoerni89: bets $1
fransmann31 leaves the table
GerhardB: calls $1
*** RIVER *** [9d Td 3s 6s] [7h]
Bjoerni89: checks 
GerhardB: bets $1.75
Bjoerni89: folds 
Uncalled bet ($1.75) returned to GerhardB
GerhardB collected $3.60 from pot
GerhardB: doesn't show hand 
*** SUMMARY ***
Total pot $3.75 | Rake $0.15 
Board [9d Td 3s 6s 7h]
Seat 1: Mr. Lui bk folded before Flop (didn't bet)
Seat 2: AlexM80 folded before Flop (didn't bet)
Seat 3: TheCrazyBull folded before Flop (didn't bet)
Seat 4: fransmann31 folded on the Flop
Seat 5: Alameda22 folded before Flop (didn't bet)
Seat 6: ttc17 folded before Flop (didn't bet)
Seat 7: Burkinator99 (button) folded before Flop (didn't bet)
Seat 8: Bjoerni89 (small blind) folded on the River
Seat 9: GerhardB (big blind) collected ($3.60)



PokerStars Game #20021835096:  Hold'em No Limit ($0.10/$0.25) - 2008/08/30 - 17:53:33 (ET)
Table 'Gienah' 9-max Seat #8 is the button
Seat 1: Mr. Lui bk ($16.55 in chips) 
Seat 2: AlexM80 ($4.65 in chips) 
Seat 3: TheCrazyBull ($25 in chips) 
Seat 5: Alameda22 ($24.90 in chips) 
Seat 6: ttc17 ($26.65 in chips) 
Seat 7: Burkinator99 ($54.05 in chips) 
Seat 8: Bjoerni89 ($25.95 in chips) 
Seat 9: GerhardB ($28.70 in chips) 
GerhardB: posts small blind $0.10
Mr. Lui bk: posts big blind $0.25
*** HOLE CARDS ***
Dealt to Alameda22 [Kc 7s]
AlexM80: folds 
TheCrazyBull: folds 
Alameda22: folds 
ttc17: folds 
Burkinator99: folds 
Bjoerni89: folds 
GerhardB: calls $0.15
Mr. Lui bk: checks 
*** FLOP *** [5h 4d Qd]
GerhardB: bets $1
Mr. Lui bk: folds 
Uncalled bet ($1) returned to GerhardB
GerhardB collected $0.50 from pot
GerhardB: doesn't show hand 
*** SUMMARY ***
Total pot $0.50 | Rake $0 
Board [5h 4d Qd]
Seat 1: Mr. Lui bk (big blind) folded on the Flop
Seat 2: AlexM80 folded before Flop (didn't bet)
Seat 3: TheCrazyBull folded before Flop (didn't bet)
Seat 5: Alameda22 folded before Flop (didn't bet)
Seat 6: ttc17 folded before Flop (didn't bet)
Seat 7: Burkinator99 folded before Flop (didn't bet)
Seat 8: Bjoerni89 (button) folded before Flop (didn't bet)
Seat 9: GerhardB (small blind) collected ($0.50)



PokerStars Game #20021848642:  Hold'em No Limit ($0.10/$0.25) - 2008/08/30 - 17:54:10 (ET)
Table 'Gienah' 9-max Seat #9 is the button
Seat 1: Mr. Lui bk ($16.30 in chips) 
Seat 2: AlexM80 ($4.65 in chips) 
Seat 3: TheCrazyBull ($25 in chips) 
Seat 5: Alameda22 ($24.90 in chips) 
Seat 6: ttc17 ($26.65 in chips) 
Seat 7: Burkinator99 ($54.05 in chips) 
Seat 8: Bjoerni89 ($25.95 in chips) 
Seat 9: GerhardB ($28.95 in chips) 
Mr. Lui bk: posts small blind $0.10
AlexM80: posts big blind $0.25
*** HOLE CARDS ***
Dealt to Alameda22 [3s 6s]
TheCrazyBull: folds 
Alameda22: folds 
ttc17: folds 
Burkinator99: raises $0.75 to $1
Bjoerni89: folds 
GerhardB: folds 
GerhardB leaves the table
Mr. Lui bk: folds 
AlexM80: folds 
Uncalled bet ($0.75) returned to Burkinator99
Burkinator99 collected $0.60 from pot
Burkinator99: doesn't show hand 
*** SUMMARY ***
Total pot $0.60 | Rake $0 
Seat 1: Mr. Lui bk (small blind) folded before Flop
Seat 2: AlexM80 (big blind) folded before Flop
Seat 3: TheCrazyBull folded before Flop (didn't bet)
Seat 5: Alameda22 folded before Flop (didn't bet)
Seat 6: ttc17 folded before Flop (didn't bet)
Seat 7: Burkinator99 collected ($0.60)
Seat 8: Bjoerni89 folded before Flop (didn't bet)
Seat 9: GerhardB (button) folded before Flop (didn't bet)



PokerStars Game #20021867945:  Hold'em No Limit ($0.10/$0.25) - 2008/08/30 - 17:55:01 (ET)
Table 'Gienah' 9-max Seat #1 is the button
Seat 1: Mr. Lui bk ($16.20 in chips) 
Seat 2: AlexM80 ($4.40 in chips) 
Seat 3: TheCrazyBull ($25 in chips) 
Seat 5: Alameda22 ($24.90 in chips) 
Seat 6: ttc17 ($26.65 in chips) 
Seat 7: Burkinator99 ($54.40 in chips) 
Seat 8: Bjoerni89 ($25.95 in chips) 
AlexM80: posts small blind $0.10
TheCrazyBull: posts big blind $0.25
*** HOLE CARDS ***
Dealt to Alameda22 [6h 8c]
Alameda22: folds 
ttc17: folds 
Burkinator99: folds 
Bjoerni89: folds 
Mr. Lui bk: raises $0.25 to $0.50
AlexM80: folds 
TheCrazyBull: folds 
Uncalled bet ($0.25) returned to Mr. Lui bk
Mr. Lui bk collected $0.60 from pot
Mr. Lui bk: doesn't show hand 
*** SUMMARY ***
Total pot $0.60 | Rake $0 
Seat 1: Mr. Lui bk (button) collected ($0.60)
Seat 2: AlexM80 (small blind) folded before Flop
Seat 3: TheCrazyBull (big blind) folded before Flop
Seat 5: Alameda22 folded before Flop (didn't bet)
Seat 6: ttc17 folded before Flop (didn't bet)
Seat 7: Burkinator99 folded before Flop (didn't bet)
Seat 8: Bjoerni89 folded before Flop (didn't bet)



PokerStars Game #20021881257:  Hold'em No Limit ($0.10/$0.25) - 2008/08/30 - 17:55:38 (ET)
Table 'Gienah' 9-max Seat #2 is the button
Seat 1: Mr. Lui bk ($16.55 in chips) 
Seat 2: AlexM80 ($4.30 in chips) 
Seat 3: TheCrazyBull ($25 in chips) 
Seat 5: Alameda22 ($24.90 in chips) 
Seat 6: ttc17 ($26.65 in chips) 
Seat 7: Burkinator99 ($54.40 in chips) 
Seat 8: Bjoerni89 ($25.95 in chips) 
TheCrazyBull: posts small blind $0.10
Alameda22: posts big blind $0.25
*** HOLE CARDS ***
Dealt to Alameda22 [8s As]
ttc17: folds 
Burkinator99: folds 
Bjoerni89: folds 
Mr. Lui bk: raises $0.50 to $0.75
AlexM80: folds 
TheCrazyBull: folds 
Alameda22: folds 
Uncalled bet ($0.50) returned to Mr. Lui bk
Mr. Lui bk collected $0.60 from pot
Mr. Lui bk: doesn't show hand 
*** SUMMARY ***
Total pot $0.60 | Rake $0 
Seat 1: Mr. Lui bk collected ($0.60)
Seat 2: AlexM80 (button) folded before Flop (didn't bet)
Seat 3: TheCrazyBull (small blind) folded before Flop
Seat 5: Alameda22 (big blind) folded before Flop
Seat 6: ttc17 folded before Flop (didn't bet)
Seat 7: Burkinator99 folded before Flop (didn't bet)
Seat 8: Bjoerni89 folded before Flop (didn't bet)



PokerStars Game #20021892351:  Hold'em No Limit ($0.10/$0.25) - 2008/08/30 - 17:56:08 (ET)
Table 'Gienah' 9-max Seat #3 is the button
Seat 1: Mr. Lui bk ($16.90 in chips) 
Seat 2: AlexM80 ($4.30 in chips) 
Seat 3: TheCrazyBull ($25 in chips) 
Seat 5: Alameda22 ($24.65 in chips) 
Seat 6: ttc17 ($26.65 in chips) 
Seat 7: Burkinator99 ($54.40 in chips) 
Seat 8: Bjoerni89 ($25.95 in chips) 
Alameda22: posts small blind $0.10
ttc17: posts big blind $0.25
*** HOLE CARDS ***
Dealt to Alameda22 [7s 3h]
Burkinator99: folds 
Bjoerni89: folds 
Mr. Lui bk: calls $0.25
AlexM80: folds 
TheCrazyBull: raises $1 to $1.25
Alameda22: folds 
ttc17: folds 
Mr. Lui bk: calls $1
*** FLOP *** [8s 4h 7c]
Mr. Lui bk: checks 
TheCrazyBull: bets $2.25
Mr. Lui bk: folds 
Uncalled bet ($2.25) returned to TheCrazyBull
TheCrazyBull collected $2.75 from pot
TheCrazyBull: doesn't show hand 
*** SUMMARY ***
Total pot $2.85 | Rake $0.10 
Board [8s 4h 7c]
Seat 1: Mr. Lui bk folded on the Flop
Seat 2: AlexM80 folded before Flop (didn't bet)
Seat 3: TheCrazyBull (button) collected ($2.75)
Seat 5: Alameda22 (small blind) folded before Flop
Seat 6: ttc17 (big blind) folded before Flop
Seat 7: Burkinator99 folded before Flop (didn't bet)
Seat 8: Bjoerni89 folded before Flop (didn't bet)



PokerStars Game #20021908862:  Hold'em No Limit ($0.10/$0.25) - 2008/08/30 - 17:56:52 (ET)
Table 'Gienah' 9-max Seat #5 is the button
Seat 1: Mr. Lui bk ($15.65 in chips) 
Seat 2: AlexM80 ($4.30 in chips) 
Seat 3: TheCrazyBull ($26.50 in chips) 
Seat 5: Alameda22 ($24.55 in chips) 
Seat 6: ttc17 ($26.40 in chips) 
Seat 7: Burkinator99 ($54.40 in chips) 
Seat 8: Bjoerni89 ($25.95 in chips) 
ttc17: posts small blind $0.10
Burkinator99: posts big blind $0.25
*** HOLE CARDS ***
Dealt to Alameda22 [4s 8d]
Bjoerni89: folds 
Mr. Lui bk: folds 
AlexM80: folds 
TheCrazyBull: calls $0.25
Alameda22: folds 
ttc17: folds 
Burkinator99: raises $0.75 to $1
TheCrazyBull: calls $0.75
*** FLOP *** [Jc Ks Kd]
Burkinator99: bets $1.50
TheCrazyBull: folds 
Uncalled bet ($1.50) returned to Burkinator99
Burkinator99 collected $2 from pot
Burkinator99: doesn't show hand 
*** SUMMARY ***
Total pot $2.10 | Rake $0.10 
Board [Jc Ks Kd]
Seat 1: Mr. Lui bk folded before Flop (didn't bet)
Seat 2: AlexM80 folded before Flop (didn't bet)
Seat 3: TheCrazyBull folded on the Flop
Seat 5: Alameda22 (button) folded before Flop (didn't bet)
Seat 6: ttc17 (small blind) folded before Flop
Seat 7: Burkinator99 (big blind) collected ($2)
Seat 8: Bjoerni89 folded before Flop (didn't bet)



PokerStars Game #20021922076:  Hold'em No Limit ($0.10/$0.25) - 2008/08/30 - 17:57:27 (ET)
Table 'Gienah' 9-max Seat #6 is the button
Seat 1: Mr. Lui bk ($15.65 in chips) 
Seat 2: AlexM80 ($4.30 in chips) 
Seat 3: TheCrazyBull ($25.50 in chips) 
Seat 5: Alameda22 ($24.55 in chips) 
Seat 6: ttc17 ($26.30 in chips) 
Seat 7: Burkinator99 ($55.40 in chips) 
Seat 8: Bjoerni89 ($25.95 in chips) 
Burkinator99: posts small blind $0.10
Bjoerni89: posts big blind $0.25
*** HOLE CARDS ***
Dealt to Alameda22 [9d 8s]
Mr. Lui bk: calls $0.25
AlexM80: folds 
TheCrazyBull: folds 
Alameda22: folds 
ttc17: folds 
Burkinator99: folds 
Bjoerni89: checks 
*** FLOP *** [8h 5d 2d]
Bjoerni89: bets $0.40
Mr. Lui bk: calls $0.40
*** TURN *** [8h 5d 2d] [Ts]
Bjoerni89: bets $5
Mr. Lui bk: calls $5
*** RIVER *** [8h 5d 2d Ts] [4s]
Bjoerni89: checks 
Mr. Lui bk: bets $10 and is all-in
Bjoerni89: folds 
Uncalled bet ($10) returned to Mr. Lui bk
Mr. Lui bk collected $10.85 from pot
Mr. Lui bk: doesn't show hand 
*** SUMMARY ***
Total pot $11.40 | Rake $0.55 
Board [8h 5d 2d Ts 4s]
Seat 1: Mr. Lui bk collected ($10.85)
Seat 2: AlexM80 folded before Flop (didn't bet)
Seat 3: TheCrazyBull folded before Flop (didn't bet)
Seat 5: Alameda22 folded before Flop (didn't bet)
Seat 6: ttc17 (button) folded before Flop (didn't bet)
Seat 7: Burkinator99 (small blind) folded before Flop
Seat 8: Bjoerni89 (big blind) folded on the River



PokerStars Game #20021942128:  Hold'em No Limit ($0.10/$0.25) - 2008/08/30 - 17:58:21 (ET)
Table 'Gienah' 9-max Seat #7 is the button
Seat 1: Mr. Lui bk ($20.85 in chips) 
Seat 2: AlexM80 ($4.30 in chips) 
Seat 3: TheCrazyBull ($25.50 in chips) 
Seat 5: Alameda22 ($24.55 in chips) 
Seat 6: ttc17 ($26.30 in chips) 
Seat 7: Burkinator99 ($55.30 in chips) 
Seat 8: Bjoerni89 ($25 in chips) 
Bjoerni89: posts small blind $0.10
Mr. Lui bk: posts big blind $0.25
*** HOLE CARDS ***
Dealt to Alameda22 [8d 4s]
AlexM80: folds 
TheCrazyBull: folds 
Alameda22: folds 
ttc17: raises $0.75 to $1
Burkinator99: folds 
Bjoerni89: folds 
Mr. Lui bk: folds 
Uncalled bet ($0.75) returned to ttc17
ttc17 collected $0.60 from pot
ttc17: doesn't show hand 
*** SUMMARY ***
Total pot $0.60 | Rake $0 
Seat 1: Mr. Lui bk (big blind) folded before Flop
Seat 2: AlexM80 folded before Flop (didn't bet)
Seat 3: TheCrazyBull folded before Flop (didn't bet)
Seat 5: Alameda22 folded before Flop (didn't bet)
Seat 6: ttc17 collected ($0.60)
Seat 7: Burkinator99 (button) folded before Flop (didn't bet)
Seat 8: Bjoerni89 (small blind) folded before Flop



PokerStars Game #20021952985:  Hold'em No Limit ($0.10/$0.25) - 2008/08/30 - 17:58:50 (ET)
Table 'Gienah' 9-max Seat #8 is the button
Seat 1: Mr. Lui bk ($20.60 in chips) 
Seat 2: AlexM80 ($4.30 in chips) 
Seat 3: TheCrazyBull ($25.50 in chips) 
Seat 5: Alameda22 ($24.55 in chips) 
Seat 6: ttc17 ($26.65 in chips) 
Seat 7: Burkinator99 ($55.30 in chips) 
Seat 8: Bjoerni89 ($24.90 in chips) 
Mr. Lui bk: posts small blind $0.10
AlexM80: posts big blind $0.25
*** HOLE CARDS ***
Dealt to Alameda22 [Kd Ac]
TheCrazyBull: folds 
Alameda22: raises $0.75 to $1
ttc17: folds 
Burkinator99: folds 
Bjoerni89: folds 
Mr. Lui bk: folds 
AlexM80: folds 
Uncalled bet ($0.75) returned to Alameda22
Alameda22 collected $0.60 from pot
Alameda22: doesn't show hand 
*** SUMMARY ***
Total pot $0.60 | Rake $0 
Seat 1: Mr. Lui bk (small blind) folded before Flop
Seat 2: AlexM80 (big blind) folded before Flop
Seat 3: TheCrazyBull folded before Flop (didn't bet)
Seat 5: Alameda22 collected ($0.60)
Seat 6: ttc17 folded before Flop (didn't bet)
Seat 7: Burkinator99 folded before Flop (didn't bet)
Seat 8: Bjoerni89 (button) folded before Flop (didn't bet)



PokerStars Game #20021968422:  Hold'em No Limit ($0.10/$0.25) - 2008/08/30 - 17:59:32 (ET)
Table 'Gienah' 9-max Seat #1 is the button
Seat 1: Mr. Lui bk ($20.50 in chips) 
Seat 2: AlexM80 ($4.05 in chips) 
Seat 3: TheCrazyBull ($25.50 in chips) 
Seat 5: Alameda22 ($24.90 in chips) 
Seat 6: ttc17 ($26.65 in chips) 
Seat 7: Burkinator99 ($55.30 in chips) 
Seat 8: Bjoerni89 ($24.90 in chips) 
AlexM80: posts small blind $0.10
TheCrazyBull: posts big blind $0.25
*** HOLE CARDS ***
Dealt to Alameda22 [2d Ah]
Alameda22: folds 
ttc17: folds 
Burkinator99: folds 
Bjoerni89: folds 
Mr. Lui bk: folds 
AlexM80: folds 
Uncalled bet ($0.15) returned to TheCrazyBull
TheCrazyBull collected $0.20 from pot
TheCrazyBull: doesn't show hand 
*** SUMMARY ***
Total pot $0.20 | Rake $0 
Seat 1: Mr. Lui bk (button) folded before Flop (didn't bet)
Seat 2: AlexM80 (small blind) folded before Flop
Seat 3: TheCrazyBull (big blind) collected ($0.20)
Seat 5: Alameda22 folded before Flop (didn't bet)
Seat 6: ttc17 folded before Flop (didn't bet)
Seat 7: Burkinator99 folded before Flop (didn't bet)
Seat 8: Bjoerni89 folded before Flop (didn't bet)



PokerStars Game #20021978230:  Hold'em No Limit ($0.10/$0.25) - 2008/08/30 - 17:59:58 (ET)
Table 'Gienah' 9-max Seat #2 is the button
Seat 1: Mr. Lui bk ($20.50 in chips) 
Seat 2: AlexM80 ($3.95 in chips) 
Seat 3: TheCrazyBull ($25.60 in chips) 
Seat 5: Alameda22 ($24.90 in chips) 
Seat 6: ttc17 ($26.65 in chips) 
Seat 7: Burkinator99 ($55.30 in chips) 
Seat 8: Bjoerni89 ($24.90 in chips) 
TheCrazyBull: posts small blind $0.10
Alameda22: posts big blind $0.25
*** HOLE CARDS ***
Dealt to Alameda22 [6d 8c]
ttc17: folds 
Burkinator99: folds 
Bjoerni89: folds 
Mr. Lui bk: raises $0.50 to $0.75
AlexM80: folds 
TheCrazyBull: folds 
Alameda22: folds 
Uncalled bet ($0.50) returned to Mr. Lui bk
Mr. Lui bk collected $0.60 from pot
Mr. Lui bk: doesn't show hand 
*** SUMMARY ***
Total pot $0.60 | Rake $0 
Seat 1: Mr. Lui bk collected ($0.60)
Seat 2: AlexM80 (button) folded before Flop (didn't bet)
Seat 3: TheCrazyBull (small blind) folded before Flop
Seat 5: Alameda22 (big blind) folded before Flop
Seat 6: ttc17 folded before Flop (didn't bet)
Seat 7: Burkinator99 folded before Flop (didn't bet)
Seat 8: Bjoerni89 folded before Flop (didn't bet)



PokerStars Game #20021991592:  Hold'em No Limit ($0.10/$0.25) - 2008/08/30 - 18:00:33 (ET)
Table 'Gienah' 9-max Seat #3 is the button
Seat 1: Mr. Lui bk ($20.85 in chips) 
Seat 2: AlexM80 ($3.95 in chips) 
Seat 3: TheCrazyBull ($25.50 in chips) 
Seat 5: Alameda22 ($24.65 in chips) 
Seat 6: ttc17 ($26.65 in chips) 
Seat 7: Burkinator99 ($55.30 in chips) 
Seat 8: Bjoerni89 ($24.90 in chips) 
Alameda22: posts small blind $0.10
ttc17: posts big blind $0.25
*** HOLE CARDS ***
Dealt to Alameda22 [Qh 4d]
Burkinator99: folds 
Burkinator99 is sitting out
Bjoerni89: folds 
Mr. Lui bk: folds 
AlexM80: folds 
TheCrazyBull: raises $0.75 to $1
Alameda22: folds 
ttc17: folds 
Uncalled bet ($0.75) returned to TheCrazyBull
AlexM80 is sitting out
AlexM80 has returned
TheCrazyBull collected $0.60 from pot
TheCrazyBull: doesn't show hand 
*** SUMMARY ***
Total pot $0.60 | Rake $0 
Seat 1: Mr. Lui bk folded before Flop (didn't bet)
Seat 2: AlexM80 folded before Flop (didn't bet)
Seat 3: TheCrazyBull (button) collected ($0.60)
Seat 5: Alameda22 (small blind) folded before Flop
Seat 6: ttc17 (big blind) folded before Flop
Seat 7: Burkinator99 folded before Flop (didn't bet)
Seat 8: Bjoerni89 folded before Flop (didn't bet)



PokerStars Game #20021999839:  Hold'em No Limit ($0.10/$0.25) - 2008/08/30 - 18:00:56 (ET)
Table 'Gienah' 9-max Seat #5 is the button
Seat 1: Mr. Lui bk ($20.85 in chips) 
Seat 2: AlexM80 ($3.95 in chips) 
Seat 3: TheCrazyBull ($25.85 in chips) 
Seat 5: Alameda22 ($24.55 in chips) 
Seat 6: ttc17 ($26.40 in chips) 
Seat 8: Bjoerni89 ($24.90 in chips) 
ttc17: posts small blind $0.10
Bjoerni89: posts big blind $0.25
*** HOLE CARDS ***
Dealt to Alameda22 [Ts Kc]
Mr. Lui bk: folds 
AlexM80: folds 
TheCrazyBull: calls $0.25
Mr. Lui bk leaves the table
Alameda22: folds 
ttc17: folds 
Burkinator99 leaves the table
Bjoerni89: checks 
*** FLOP *** [5h 7d Ks]
Bjoerni89: bets $0.50
TheCrazyBull: folds 
Uncalled bet ($0.50) returned to Bjoerni89
Bjoerni89 collected $0.60 from pot
Bjoerni89: doesn't show hand 
*** SUMMARY ***
Total pot $0.60 | Rake $0 
Board [5h 7d Ks]
Seat 1: Mr. Lui bk folded before Flop (didn't bet)
Seat 2: AlexM80 folded before Flop (didn't bet)
Seat 3: TheCrazyBull folded on the Flop
Seat 5: Alameda22 (button) folded before Flop (didn't bet)
Seat 6: ttc17 (small blind) folded before Flop
Seat 8: Bjoerni89 (big blind) collected ($0.60)



PokerStars Game #20022015579:  Hold'em No Limit ($0.10/$0.25) - 2008/08/30 - 18:01:37 (ET)
Table 'Gienah' 9-max Seat #6 is the button
Seat 5: Alameda22 ($24.55 in chips) 
Seat 6: ttc17 ($26.30 in chips) 
Seat 8: Bjoerni89 ($25.25 in chips) 
Bjoerni89: posts small blind $0.10
AlexM80: is sitting out 
TheCrazyBull: is sitting out 
Alameda22: posts big blind $0.25
*** HOLE CARDS ***
Dealt to Alameda22 [Qc 8d]
TheCrazyBull leaves the table
ttc17: folds 
Bjoerni89: raises $0.75 to $1
Alameda22: folds 
Uncalled bet ($0.75) returned to Bjoerni89
Bjoerni89 collected $0.50 from pot
Bjoerni89: doesn't show hand 
*** SUMMARY ***
Total pot $0.50 | Rake $0 
Seat 5: Alameda22 (big blind) folded before Flop
Seat 6: ttc17 (button) folded before Flop (didn't bet)
Seat 8: Bjoerni89 (small blind) collected ($0.50)



