PokerStars Game #19897870336:  Hold'em No Limit ($0.10/$0.25) - 2008/08/25 - 19:37:31 (ET)
Table 'Biarmia' 9-max Seat #8 is the button
Seat 1: Alameda22 ($25 in chips) 
Seat 2: AcedePique ($23.35 in chips) 
Seat 3: evanapkins ($26 in chips) 
Seat 4: lpoolreds ($25 in chips) 
Seat 5: HootyMcTooty ($22.55 in chips) 
Seat 6: Superflush ($25.85 in chips) 
Seat 7: four2wenty ($54.65 in chips) 
Seat 8: SickBert ($56.25 in chips) 
Seat 9: t3stark ($11.30 in chips) 
t3stark: posts small blind $0.10
Alameda22: posts big blind $0.25
*** HOLE CARDS ***
Dealt to Alameda22 [2h 8s]
AcedePique: folds 
evanapkins: folds 
lpoolreds: folds 
HootyMcTooty: folds 
Superflush: folds 
four2wenty: calls $0.25
SickBert: calls $0.25
t3stark: calls $0.15
Alameda22: checks 
*** FLOP *** [8h 9d 8d]
t3stark: checks 
Alameda22: bets $0.50
four2wenty: folds 
SickBert: calls $0.50
t3stark: folds 
*** TURN *** [8h 9d 8d] [Ah]
Alameda22: bets $1.25
SickBert: calls $1.25
*** RIVER *** [8h 9d 8d Ah] [Qd]
Alameda22: bets $3
SickBert: folds 
Uncalled bet ($3) returned to Alameda22
Alameda22 collected $4.30 from pot
Alameda22: doesn't show hand 
*** SUMMARY ***
Total pot $4.50 | Rake $0.20 
Board [8h 9d 8d Ah Qd]
Seat 1: Alameda22 (big blind) collected ($4.30)
Seat 2: AcedePique folded before Flop (didn't bet)
Seat 3: evanapkins folded before Flop (didn't bet)
Seat 4: lpoolreds folded before Flop (didn't bet)
Seat 5: HootyMcTooty folded before Flop (didn't bet)
Seat 6: Superflush folded before Flop (didn't bet)
Seat 7: four2wenty folded on the Flop
Seat 8: SickBert (button) folded on the River
Seat 9: t3stark (small blind) folded on the Flop



PokerStars Game #19897906318:  Hold'em No Limit ($0.10/$0.25) - 2008/08/25 - 19:39:05 (ET)
Table 'Biarmia' 9-max Seat #9 is the button
Seat 1: Alameda22 ($27.30 in chips) 
Seat 2: AcedePique ($23.35 in chips) 
Seat 3: evanapkins ($26 in chips) 
Seat 4: lpoolreds ($25 in chips) 
Seat 5: HootyMcTooty ($22.55 in chips) 
Seat 6: Superflush ($25.85 in chips) 
Seat 7: four2wenty ($54.40 in chips) 
Seat 8: SickBert ($54.25 in chips) 
Seat 9: t3stark ($11.05 in chips) 
Alameda22: posts small blind $0.10
AcedePique: posts big blind $0.25
*** HOLE CARDS ***
Dealt to Alameda22 [Td Jh]
evanapkins: folds 
lpoolreds: raises $0.75 to $1
HootyMcTooty: folds 
Superflush: folds 
four2wenty: folds 
SickBert: folds 
t3stark: folds 
Alameda22: folds 
AcedePique: folds 
Uncalled bet ($0.75) returned to lpoolreds
lpoolreds collected $0.60 from pot
lpoolreds: doesn't show hand 
*** SUMMARY ***
Total pot $0.60 | Rake $0 
Seat 1: Alameda22 (small blind) folded before Flop
Seat 2: AcedePique (big blind) folded before Flop
Seat 3: evanapkins folded before Flop (didn't bet)
Seat 4: lpoolreds collected ($0.60)
Seat 5: HootyMcTooty folded before Flop (didn't bet)
Seat 6: Superflush folded before Flop (didn't bet)
Seat 7: four2wenty folded before Flop (didn't bet)
Seat 8: SickBert folded before Flop (didn't bet)
Seat 9: t3stark (button) folded before Flop (didn't bet)



PokerStars Game #19897919785:  Hold'em No Limit ($0.10/$0.25) - 2008/08/25 - 19:39:41 (ET)
Table 'Biarmia' 9-max Seat #1 is the button
Seat 1: Alameda22 ($27.20 in chips) 
Seat 2: AcedePique ($23.10 in chips) 
Seat 3: evanapkins ($26 in chips) 
Seat 4: lpoolreds ($25.35 in chips) 
Seat 5: HootyMcTooty ($22.55 in chips) 
Seat 6: Superflush ($25.85 in chips) 
Seat 7: four2wenty ($54.40 in chips) 
Seat 8: SickBert ($54.25 in chips) 
Seat 9: t3stark ($11.05 in chips) 
AcedePique: posts small blind $0.10
evanapkins: posts big blind $0.25
*** HOLE CARDS ***
Dealt to Alameda22 [Ac 7s]
lpoolreds: folds 
HootyMcTooty: folds 
Superflush: folds 
four2wenty: folds 
SickBert: folds 
t3stark: raises $0.50 to $0.75
Alameda22: folds 
AcedePique: folds 
evanapkins: folds 
Uncalled bet ($0.50) returned to t3stark
t3stark collected $0.60 from pot
*** SUMMARY ***
Total pot $0.60 | Rake $0 
Seat 1: Alameda22 (button) folded before Flop (didn't bet)
Seat 2: AcedePique (small blind) folded before Flop
Seat 3: evanapkins (big blind) folded before Flop
Seat 4: lpoolreds folded before Flop (didn't bet)
Seat 5: HootyMcTooty folded before Flop (didn't bet)
Seat 6: Superflush folded before Flop (didn't bet)
Seat 7: four2wenty folded before Flop (didn't bet)
Seat 8: SickBert folded before Flop (didn't bet)
Seat 9: t3stark collected ($0.60)



PokerStars Game #19897937083:  Hold'em No Limit ($0.10/$0.25) - 2008/08/25 - 19:40:24 (ET)
Table 'Biarmia' 9-max Seat #2 is the button
Seat 1: Alameda22 ($27.20 in chips) 
Seat 2: AcedePique ($23 in chips) 
Seat 3: evanapkins ($25.75 in chips) 
Seat 4: lpoolreds ($25.35 in chips) 
Seat 5: HootyMcTooty ($22.55 in chips) 
Seat 6: Superflush ($25.85 in chips) 
Seat 7: four2wenty ($54.40 in chips) 
Seat 8: SickBert ($54.25 in chips) 
Seat 9: t3stark ($11.40 in chips) 
evanapkins: posts small blind $0.10
lpoolreds: posts big blind $0.25
*** HOLE CARDS ***
Dealt to Alameda22 [8c 5h]
HootyMcTooty: folds 
Superflush: folds 
four2wenty: folds 
SickBert: folds 
t3stark: folds 
Alameda22: folds 
AcedePique: folds 
evanapkins: calls $0.15
lpoolreds: checks 
*** FLOP *** [5d 7s Qs]
evanapkins: checks 
lpoolreds: checks 
*** TURN *** [5d 7s Qs] [7h]
evanapkins: checks 
lpoolreds: checks 
*** RIVER *** [5d 7s Qs 7h] [4d]
evanapkins: checks 
lpoolreds: checks 
*** SHOW DOWN ***
evanapkins: shows [Ad Jc] (a pair of Sevens)
lpoolreds: mucks hand 
evanapkins collected $0.50 from pot
*** SUMMARY ***
Total pot $0.50 | Rake $0 
Board [5d 7s Qs 7h 4d]
Seat 1: Alameda22 folded before Flop (didn't bet)
Seat 2: AcedePique (button) folded before Flop (didn't bet)
Seat 3: evanapkins (small blind) showed [Ad Jc] and won ($0.50) with a pair of Sevens
Seat 4: lpoolreds (big blind) mucked [2h Ac]
Seat 5: HootyMcTooty folded before Flop (didn't bet)
Seat 6: Superflush folded before Flop (didn't bet)
Seat 7: four2wenty folded before Flop (didn't bet)
Seat 8: SickBert folded before Flop (didn't bet)
Seat 9: t3stark folded before Flop (didn't bet)



PokerStars Game #19897968738:  Hold'em No Limit ($0.10/$0.25) - 2008/08/25 - 19:41:47 (ET)
Table 'Biarmia' 9-max Seat #3 is the button
Seat 1: Alameda22 ($27.20 in chips) 
Seat 2: AcedePique ($23 in chips) 
Seat 3: evanapkins ($26 in chips) 
Seat 4: lpoolreds ($25.10 in chips) 
Seat 5: HootyMcTooty ($22.55 in chips) 
Seat 6: Superflush ($25.85 in chips) 
Seat 7: four2wenty ($54.40 in chips) 
Seat 8: SickBert ($54.25 in chips) 
Seat 9: t3stark ($11.40 in chips) 
lpoolreds: posts small blind $0.10
HootyMcTooty: posts big blind $0.25
*** HOLE CARDS ***
Dealt to Alameda22 [Ts 5d]
Superflush: folds 
four2wenty: folds 
SickBert: folds 
t3stark: folds 
Alameda22: folds 
AcedePique: folds 
evanapkins: folds 
lpoolreds: folds 
Uncalled bet ($0.15) returned to HootyMcTooty
HootyMcTooty collected $0.20 from pot
*** SUMMARY ***
Total pot $0.20 | Rake $0 
Seat 1: Alameda22 folded before Flop (didn't bet)
Seat 2: AcedePique folded before Flop (didn't bet)
Seat 3: evanapkins (button) folded before Flop (didn't bet)
Seat 4: lpoolreds (small blind) folded before Flop
Seat 5: HootyMcTooty (big blind) collected ($0.20)
Seat 6: Superflush folded before Flop (didn't bet)
Seat 7: four2wenty folded before Flop (didn't bet)
Seat 8: SickBert folded before Flop (didn't bet)
Seat 9: t3stark folded before Flop (didn't bet)



PokerStars Game #19897981408:  Hold'em No Limit ($0.10/$0.25) - 2008/08/25 - 19:42:19 (ET)
Table 'Biarmia' 9-max Seat #4 is the button
Seat 1: Alameda22 ($27.20 in chips) 
Seat 2: AcedePique ($23 in chips) 
Seat 3: evanapkins ($26 in chips) 
Seat 4: lpoolreds ($25 in chips) 
Seat 5: HootyMcTooty ($22.65 in chips) 
Seat 6: Superflush ($25.85 in chips) 
Seat 7: four2wenty ($54.40 in chips) 
Seat 8: SickBert ($54.25 in chips) 
Seat 9: t3stark ($11.40 in chips) 
HootyMcTooty: posts small blind $0.10
Superflush: posts big blind $0.25
*** HOLE CARDS ***
Dealt to Alameda22 [6s As]
four2wenty: calls $0.25
SickBert: folds 
t3stark: folds 
Alameda22: folds 
AcedePique: folds 
evanapkins: folds 
lpoolreds: folds 
HootyMcTooty: calls $0.15
Superflush: checks 
*** FLOP *** [Th 2d Ah]
HootyMcTooty: bets $0.50
Superflush: folds 
four2wenty: folds 
Uncalled bet ($0.50) returned to HootyMcTooty
HootyMcTooty collected $0.75 from pot
HootyMcTooty: doesn't show hand 
*** SUMMARY ***
Total pot $0.75 | Rake $0 
Board [Th 2d Ah]
Seat 1: Alameda22 folded before Flop (didn't bet)
Seat 2: AcedePique folded before Flop (didn't bet)
Seat 3: evanapkins folded before Flop (didn't bet)
Seat 4: lpoolreds (button) folded before Flop (didn't bet)
Seat 5: HootyMcTooty (small blind) collected ($0.75)
Seat 6: Superflush (big blind) folded on the Flop
Seat 7: four2wenty folded on the Flop
Seat 8: SickBert folded before Flop (didn't bet)
Seat 9: t3stark folded before Flop (didn't bet)



PokerStars Game #19897999181:  Hold'em No Limit ($0.10/$0.25) - 2008/08/25 - 19:43:05 (ET)
Table 'Biarmia' 9-max Seat #5 is the button
Seat 1: Alameda22 ($27.20 in chips) 
Seat 2: AcedePique ($23 in chips) 
Seat 3: evanapkins ($26 in chips) 
Seat 4: lpoolreds ($25 in chips) 
Seat 5: HootyMcTooty ($23.15 in chips) 
Seat 6: Superflush ($25.60 in chips) 
Seat 7: four2wenty ($54.15 in chips) 
Seat 8: SickBert ($54.25 in chips) 
Seat 9: t3stark ($11.40 in chips) 
Superflush: posts small blind $0.10
four2wenty: posts big blind $0.25
*** HOLE CARDS ***
Dealt to Alameda22 [Td Kd]
SickBert: calls $0.25
t3stark: folds 
Alameda22: folds 
AcedePique: calls $0.25
evanapkins: folds 
lpoolreds: folds 
HootyMcTooty: folds 
Superflush: folds 
four2wenty: checks 
*** FLOP *** [7d 7c Qh]
four2wenty: checks 
SickBert: bets $1
AcedePique: calls $1
four2wenty: folds 
*** TURN *** [7d 7c Qh] [6c]
SickBert: bets $1.25
AcedePique: calls $1.25
*** RIVER *** [7d 7c Qh 6c] [Jc]
SickBert: bets $2.25
AcedePique: folds 
Uncalled bet ($2.25) returned to SickBert
SickBert collected $5.10 from pot
SickBert: doesn't show hand 
*** SUMMARY ***
Total pot $5.35 | Rake $0.25 
Board [7d 7c Qh 6c Jc]
Seat 1: Alameda22 folded before Flop (didn't bet)
Seat 2: AcedePique folded on the River
Seat 3: evanapkins folded before Flop (didn't bet)
Seat 4: lpoolreds folded before Flop (didn't bet)
Seat 5: HootyMcTooty (button) folded before Flop (didn't bet)
Seat 6: Superflush (small blind) folded before Flop
Seat 7: four2wenty (big blind) folded on the Flop
Seat 8: SickBert collected ($5.10)
Seat 9: t3stark folded before Flop (didn't bet)



PokerStars Game #19898047077:  Hold'em No Limit ($0.10/$0.25) - 2008/08/25 - 19:45:11 (ET)
Table 'Biarmia' 9-max Seat #6 is the button
Seat 1: Alameda22 ($27.20 in chips) 
Seat 2: AcedePique ($20.50 in chips) 
Seat 3: evanapkins ($26 in chips) 
Seat 4: lpoolreds ($25 in chips) 
Seat 5: HootyMcTooty ($23.15 in chips) 
Seat 6: Superflush ($25.50 in chips) 
Seat 7: four2wenty ($53.90 in chips) 
Seat 8: SickBert ($56.85 in chips) 
Seat 9: t3stark ($11.40 in chips) 
four2wenty: posts small blind $0.10
SickBert: posts big blind $0.25
*** HOLE CARDS ***
Dealt to Alameda22 [7h As]
t3stark: folds 
Alameda22: folds 
AcedePique: folds 
evanapkins: folds 
lpoolreds: raises $0.75 to $1
HootyMcTooty: folds 
HootyMcTooty leaves the table
Superflush: folds 
four2wenty: raises $2 to $3
SickBert: folds 
lpoolreds: raises $5 to $8
supersteezy joins the table at seat #5 
four2wenty said, "ok"
four2wenty: folds 
Uncalled bet ($5) returned to lpoolreds
lpoolreds collected $6.25 from pot
lpoolreds: doesn't show hand 
four2wenty said, "10 10"
*** SUMMARY ***
Total pot $6.25 | Rake $0 
Seat 1: Alameda22 folded before Flop (didn't bet)
Seat 2: AcedePique folded before Flop (didn't bet)
Seat 3: evanapkins folded before Flop (didn't bet)
Seat 4: lpoolreds collected ($6.25)
Seat 5: HootyMcTooty folded before Flop (didn't bet)
Seat 6: Superflush (button) folded before Flop (didn't bet)
Seat 7: four2wenty (small blind) folded before Flop
Seat 8: SickBert (big blind) folded before Flop
Seat 9: t3stark folded before Flop (didn't bet)



PokerStars Game #19898079367:  Hold'em No Limit ($0.10/$0.25) - 2008/08/25 - 19:46:35 (ET)
Table 'Biarmia' 9-max Seat #7 is the button
Seat 1: Alameda22 ($27.20 in chips) 
Seat 2: AcedePique ($20.50 in chips) 
Seat 3: evanapkins ($26 in chips) 
Seat 4: lpoolreds ($28.25 in chips) 
Seat 5: supersteezy ($25 in chips) 
Seat 6: Superflush ($25.50 in chips) 
Seat 7: four2wenty ($50.90 in chips) 
Seat 8: SickBert ($56.60 in chips) 
Seat 9: t3stark ($11.40 in chips) 
SickBert: posts small blind $0.10
t3stark: posts big blind $0.25
supersteezy: posts big blind $0.25
*** HOLE CARDS ***
Dealt to Alameda22 [6d Kh]
Alameda22: folds 
AcedePique: raises $1 to $1.25
evanapkins: folds 
lpoolreds: folds 
supersteezy: folds 
Superflush: folds 
four2wenty: calls $1.25
SickBert: calls $1.15
t3stark: folds 
*** FLOP *** [8d 6h Jd]
SickBert: checks 
AcedePique: checks 
four2wenty: bets $2
SickBert: folds 
AcedePique: folds 
Uncalled bet ($2) returned to four2wenty
four2wenty collected $4.05 from pot
*** SUMMARY ***
Total pot $4.25 | Rake $0.20 
Board [8d 6h Jd]
Seat 1: Alameda22 folded before Flop (didn't bet)
Seat 2: AcedePique folded on the Flop
Seat 3: evanapkins folded before Flop (didn't bet)
Seat 4: lpoolreds folded before Flop (didn't bet)
Seat 5: supersteezy folded before Flop
Seat 6: Superflush folded before Flop (didn't bet)
Seat 7: four2wenty (button) collected ($4.05)
Seat 8: SickBert (small blind) folded on the Flop
Seat 9: t3stark (big blind) folded before Flop



PokerStars Game #19898117284:  Hold'em No Limit ($0.10/$0.25) - 2008/08/25 - 19:48:14 (ET)
Table 'Biarmia' 9-max Seat #8 is the button
Seat 1: Alameda22 ($27.20 in chips) 
Seat 2: AcedePique ($19.25 in chips) 
Seat 3: evanapkins ($26 in chips) 
Seat 4: lpoolreds ($28.25 in chips) 
Seat 5: supersteezy ($24.75 in chips) 
Seat 6: Superflush ($25.50 in chips) 
Seat 7: four2wenty ($53.70 in chips) 
Seat 8: SickBert ($55.35 in chips) 
Seat 9: t3stark ($11.15 in chips) 
t3stark: posts small blind $0.10
Alameda22: posts big blind $0.25
*** HOLE CARDS ***
Dealt to Alameda22 [5c Kh]
AcedePique: folds 
evanapkins: folds 
lpoolreds: folds 
supersteezy: folds 
Superflush: raises $0.75 to $1
four2wenty: folds 
SickBert: folds 
t3stark: folds 
Alameda22: folds 
Uncalled bet ($0.75) returned to Superflush
Superflush collected $0.60 from pot
*** SUMMARY ***
Total pot $0.60 | Rake $0 
Seat 1: Alameda22 (big blind) folded before Flop
Seat 2: AcedePique folded before Flop (didn't bet)
Seat 3: evanapkins folded before Flop (didn't bet)
Seat 4: lpoolreds folded before Flop (didn't bet)
Seat 5: supersteezy folded before Flop (didn't bet)
Seat 6: Superflush collected ($0.60)
Seat 7: four2wenty folded before Flop (didn't bet)
Seat 8: SickBert (button) folded before Flop (didn't bet)
Seat 9: t3stark (small blind) folded before Flop



PokerStars Game #19898133376:  Hold'em No Limit ($0.10/$0.25) - 2008/08/25 - 19:48:56 (ET)
Table 'Biarmia' 9-max Seat #9 is the button
Seat 1: Alameda22 ($26.95 in chips) 
Seat 2: AcedePique ($19.25 in chips) 
Seat 3: evanapkins ($26 in chips) 
Seat 4: lpoolreds ($28.25 in chips) 
Seat 5: supersteezy ($24.75 in chips) 
Seat 6: Superflush ($25.85 in chips) 
Seat 7: four2wenty ($53.70 in chips) 
Seat 8: SickBert ($55.35 in chips) 
Seat 9: t3stark ($11.05 in chips) 
Alameda22: posts small blind $0.10
AcedePique: posts big blind $0.25
*** HOLE CARDS ***
Dealt to Alameda22 [9c 7c]
evanapkins: folds 
lpoolreds: folds 
supersteezy: folds 
Superflush: folds 
four2wenty: calls $0.25
SickBert: folds 
t3stark: raises $0.75 to $1
Alameda22: folds 
AcedePique: folds 
four2wenty: calls $0.75
*** FLOP *** [5h 2d 3c]
four2wenty: checks 
t3stark: bets $1.75
four2wenty: folds 
Uncalled bet ($1.75) returned to t3stark
t3stark collected $2.25 from pot
*** SUMMARY ***
Total pot $2.35 | Rake $0.10 
Board [5h 2d 3c]
Seat 1: Alameda22 (small blind) folded before Flop
Seat 2: AcedePique (big blind) folded before Flop
Seat 3: evanapkins folded before Flop (didn't bet)
Seat 4: lpoolreds folded before Flop (didn't bet)
Seat 5: supersteezy folded before Flop (didn't bet)
Seat 6: Superflush folded before Flop (didn't bet)
Seat 7: four2wenty folded on the Flop
Seat 8: SickBert folded before Flop (didn't bet)
Seat 9: t3stark (button) collected ($2.25)



PokerStars Game #19898157400:  Hold'em No Limit ($0.10/$0.25) - 2008/08/25 - 19:49:59 (ET)
Table 'Biarmia' 9-max Seat #1 is the button
Seat 1: Alameda22 ($26.85 in chips) 
Seat 2: AcedePique ($19 in chips) 
Seat 3: evanapkins ($26 in chips) 
Seat 4: lpoolreds ($28.25 in chips) 
Seat 5: supersteezy ($24.75 in chips) 
Seat 6: Superflush ($25.85 in chips) 
Seat 7: four2wenty ($52.70 in chips) 
Seat 8: SickBert ($55.35 in chips) 
Seat 9: t3stark ($12.30 in chips) 
AcedePique: posts small blind $0.10
evanapkins: posts big blind $0.25
*** HOLE CARDS ***
Dealt to Alameda22 [5d Th]
lpoolreds: folds 
supersteezy: calls $0.25
Superflush: folds 
four2wenty: folds 
SickBert: folds 
t3stark: raises $0.50 to $0.75
Alameda22: folds 
AcedePique: folds 
evanapkins: folds 
supersteezy: calls $0.50
*** FLOP *** [7c Qh 4d]
supersteezy: bets $1.50
t3stark: folds 
Uncalled bet ($1.50) returned to supersteezy
supersteezy collected $1.80 from pot
supersteezy: doesn't show hand 
*** SUMMARY ***
Total pot $1.85 | Rake $0.05 
Board [7c Qh 4d]
Seat 1: Alameda22 (button) folded before Flop (didn't bet)
Seat 2: AcedePique (small blind) folded before Flop
Seat 3: evanapkins (big blind) folded before Flop
Seat 4: lpoolreds folded before Flop (didn't bet)
Seat 5: supersteezy collected ($1.80)
Seat 6: Superflush folded before Flop (didn't bet)
Seat 7: four2wenty folded before Flop (didn't bet)
Seat 8: SickBert folded before Flop (didn't bet)
Seat 9: t3stark folded on the Flop



PokerStars Game #19898177442:  Hold'em No Limit ($0.10/$0.25) - 2008/08/25 - 19:50:51 (ET)
Table 'Biarmia' 9-max Seat #2 is the button
Seat 1: Alameda22 ($26.85 in chips) 
Seat 2: AcedePique ($18.90 in chips) 
Seat 3: evanapkins ($25.75 in chips) 
Seat 4: lpoolreds ($28.25 in chips) 
Seat 5: supersteezy ($25.80 in chips) 
Seat 6: Superflush ($25.85 in chips) 
Seat 7: four2wenty ($52.70 in chips) 
Seat 8: SickBert ($55.35 in chips) 
Seat 9: t3stark ($11.55 in chips) 
evanapkins: posts small blind $0.10
lpoolreds: posts big blind $0.25
*** HOLE CARDS ***
Dealt to Alameda22 [9h 9c]
supersteezy: folds 
Superflush: folds 
four2wenty: folds 
SickBert: raises $0.75 to $1
t3stark: folds 
Alameda22: calls $1
AcedePique: folds 
evanapkins: folds 
lpoolreds: folds 
*** FLOP *** [7d 4d 3s]
SickBert: bets $1.50
Alameda22: calls $1.50
*** TURN *** [7d 4d 3s] [9d]
SickBert: checks 
Alameda22: bets $3.25
SickBert: folds 
Uncalled bet ($3.25) returned to Alameda22
Alameda22 collected $5.10 from pot
Alameda22: doesn't show hand 
*** SUMMARY ***
Total pot $5.35 | Rake $0.25 
Board [7d 4d 3s 9d]
Seat 1: Alameda22 collected ($5.10)
Seat 2: AcedePique (button) folded before Flop (didn't bet)
Seat 3: evanapkins (small blind) folded before Flop
Seat 4: lpoolreds (big blind) folded before Flop
Seat 5: supersteezy folded before Flop (didn't bet)
Seat 6: Superflush folded before Flop (didn't bet)
Seat 7: four2wenty folded before Flop (didn't bet)
Seat 8: SickBert folded on the Turn
Seat 9: t3stark folded before Flop (didn't bet)



PokerStars Game #19898212617:  Hold'em No Limit ($0.10/$0.25) - 2008/08/25 - 19:52:24 (ET)
Table 'Biarmia' 9-max Seat #3 is the button
Seat 1: Alameda22 ($29.45 in chips) 
Seat 2: AcedePique ($18.90 in chips) 
Seat 3: evanapkins ($25.65 in chips) 
Seat 4: lpoolreds ($28 in chips) 
Seat 5: supersteezy ($25.80 in chips) 
Seat 6: Superflush ($25.85 in chips) 
Seat 7: four2wenty ($52.70 in chips) 
Seat 8: SickBert ($52.85 in chips) 
Seat 9: t3stark ($11.55 in chips) 
lpoolreds: posts small blind $0.10
supersteezy: posts big blind $0.25
*** HOLE CARDS ***
Dealt to Alameda22 [Th Ah]
Superflush: folds 
four2wenty: folds 
SickBert: folds 
t3stark: folds 
Alameda22: folds 
AcedePique: folds 
evanapkins: raises $0.75 to $1
lpoolreds: raises $2.75 to $3.75
supersteezy: folds 
evanapkins: calls $2.75
*** FLOP *** [Td 5d 6d]
lpoolreds: checks 
evanapkins: checks 
*** TURN *** [Td 5d 6d] [2c]
lpoolreds: bets $6
evanapkins: calls $6
*** RIVER *** [Td 5d 6d 2c] [3h]
lpoolreds: checks 
evanapkins: checks 
*** SHOW DOWN ***
lpoolreds: shows [8c 8h] (a pair of Eights)
evanapkins: mucks hand 
evanapkins leaves the table
lpoolreds collected $18.80 from pot
*** SUMMARY ***
Total pot $19.75 | Rake $0.95 
Board [Td 5d 6d 2c 3h]
Seat 1: Alameda22 folded before Flop (didn't bet)
Seat 2: AcedePique folded before Flop (didn't bet)
Seat 3: evanapkins (button) mucked [7h 8d]
Seat 4: lpoolreds (small blind) showed [8c 8h] and won ($18.80) with a pair of Eights
Seat 5: supersteezy (big blind) folded before Flop
Seat 6: Superflush folded before Flop (didn't bet)
Seat 7: four2wenty folded before Flop (didn't bet)
Seat 8: SickBert folded before Flop (didn't bet)
Seat 9: t3stark folded before Flop (didn't bet)



PokerStars Game #19898247859:  Hold'em No Limit ($0.10/$0.25) - 2008/08/25 - 19:53:57 (ET)
Table 'Biarmia' 9-max Seat #4 is the button
Seat 1: Alameda22 ($29.45 in chips) 
Seat 2: AcedePique ($18.90 in chips) 
Seat 4: lpoolreds ($37.05 in chips) 
Seat 5: supersteezy ($25.55 in chips) 
Seat 6: Superflush ($25.85 in chips) 
Seat 7: four2wenty ($52.70 in chips) 
Seat 8: SickBert ($52.85 in chips) 
Seat 9: t3stark ($11.55 in chips) 
supersteezy: posts small blind $0.10
Superflush: posts big blind $0.25
*** HOLE CARDS ***
Dealt to Alameda22 [Kc 4h]
four2wenty: raises $1.50 to $1.75
SickBert: folds 
t3stark: folds 
Alameda22: folds 
betojch joins the table at seat #3 
AcedePique: folds 
lpoolreds: folds 
supersteezy: folds 
Superflush: folds 
Uncalled bet ($1.50) returned to four2wenty
four2wenty collected $0.60 from pot
four2wenty: doesn't show hand 
*** SUMMARY ***
Total pot $0.60 | Rake $0 
Seat 1: Alameda22 folded before Flop (didn't bet)
Seat 2: AcedePique folded before Flop (didn't bet)
Seat 4: lpoolreds (button) folded before Flop (didn't bet)
Seat 5: supersteezy (small blind) folded before Flop
Seat 6: Superflush (big blind) folded before Flop
Seat 7: four2wenty collected ($0.60)
Seat 8: SickBert folded before Flop (didn't bet)
Seat 9: t3stark folded before Flop (didn't bet)



PokerStars Game #19898264117:  Hold'em No Limit ($0.10/$0.25) - 2008/08/25 - 19:54:40 (ET)
Table 'Biarmia' 9-max Seat #5 is the button
Seat 1: Alameda22 ($29.45 in chips) 
Seat 2: AcedePique ($18.90 in chips) 
Seat 4: lpoolreds ($37.05 in chips) 
Seat 5: supersteezy ($25.45 in chips) 
Seat 6: Superflush ($25.60 in chips) 
Seat 7: four2wenty ($53.05 in chips) 
Seat 8: SickBert ($52.85 in chips) 
Seat 9: t3stark ($11.55 in chips) 
Superflush: posts small blind $0.10
four2wenty: posts big blind $0.25
betojch: sits out 
*** HOLE CARDS ***
Dealt to Alameda22 [2d Jh]
SickBert: calls $0.25
t3stark: calls $0.25
Alameda22: folds 
AcedePique: folds 
lpoolreds: folds 
supersteezy: folds 
Superflush: calls $0.15
four2wenty: checks 
*** FLOP *** [7s 2c 5s]
Superflush: checks 
four2wenty: checks 
SickBert: bets $1
t3stark: folds 
Superflush: folds 
four2wenty: folds 
Uncalled bet ($1) returned to SickBert
SickBert collected $0.95 from pot
SickBert: doesn't show hand 
*** SUMMARY ***
Total pot $1 | Rake $0.05 
Board [7s 2c 5s]
Seat 1: Alameda22 folded before Flop (didn't bet)
Seat 2: AcedePique folded before Flop (didn't bet)
Seat 4: lpoolreds folded before Flop (didn't bet)
Seat 5: supersteezy (button) folded before Flop (didn't bet)
Seat 6: Superflush (small blind) folded on the Flop
Seat 7: four2wenty (big blind) folded on the Flop
Seat 8: SickBert collected ($0.95)
Seat 9: t3stark folded on the Flop



PokerStars Game #19898292150:  Hold'em No Limit ($0.10/$0.25) - 2008/08/25 - 19:55:55 (ET)
Table 'Biarmia' 9-max Seat #6 is the button
Seat 1: Alameda22 ($29.45 in chips) 
Seat 2: AcedePique ($18.90 in chips) 
Seat 4: lpoolreds ($37.05 in chips) 
Seat 5: supersteezy ($25.45 in chips) 
Seat 6: Superflush ($25.35 in chips) 
Seat 7: four2wenty ($52.80 in chips) 
four2wenty: posts small blind $0.10
SickBert: is sitting out 
SickBert leaves the table
t3stark: is sitting out 
Alameda22: posts big blind $0.25
betojch: sits out 
*** HOLE CARDS ***
Dealt to Alameda22 [9s 4h]
t3stark leaves the table
AcedePique: folds 
lpoolreds: folds 
supersteezy: calls $0.25
Superflush: folds 
four2wenty: folds 
Alameda22: checks 
*** FLOP *** [Ac 3s Jh]
Alameda22: checks 
supersteezy: checks 
*** TURN *** [Ac 3s Jh] [2s]
Alameda22: checks 
supersteezy: checks 
*** RIVER *** [Ac 3s Jh 2s] [Ts]
four2wenty is sitting out
Alameda22: checks 
supersteezy: checks 
*** SHOW DOWN ***
Alameda22: shows [9s 4h] (high card Ace)
supersteezy: mucks hand 
Alameda22 collected $0.60 from pot
*** SUMMARY ***
Total pot $0.60 | Rake $0 
Board [Ac 3s Jh 2s Ts]
Seat 1: Alameda22 (big blind) showed [9s 4h] and won ($0.60) with high card Ace
Seat 2: AcedePique folded before Flop (didn't bet)
Seat 4: lpoolreds folded before Flop (didn't bet)
Seat 5: supersteezy mucked [8c 6c]
Seat 6: Superflush (button) folded before Flop (didn't bet)
Seat 7: four2wenty (small blind) folded before Flop



PokerStars Game #19898312049:  Hold'em No Limit ($0.10/$0.25) - 2008/08/25 - 19:56:48 (ET)
Table 'Biarmia' 9-max Seat #1 is the button
Seat 1: Alameda22 ($29.80 in chips) 
Seat 2: AcedePique ($25 in chips) 
Seat 3: betojch ($25 in chips) 
Seat 4: lpoolreds ($37.05 in chips) 
Seat 5: supersteezy ($25.20 in chips) 
Seat 6: Superflush ($25.35 in chips) 
AcedePique: posts small blind $0.10
betojch: posts big blind $0.25
*** HOLE CARDS ***
Dealt to Alameda22 [7h 5s]
lpoolreds: folds 
supersteezy: folds 
Superflush: folds 
Alameda22: folds 
AcedePique: raises $0.75 to $1
betojch: folds 
Uncalled bet ($0.75) returned to AcedePique
AcedePique collected $0.50 from pot
AcedePique: doesn't show hand 
*** SUMMARY ***
Total pot $0.50 | Rake $0 
Seat 1: Alameda22 (button) folded before Flop (didn't bet)
Seat 2: AcedePique (small blind) collected ($0.50)
Seat 3: betojch (big blind) folded before Flop
Seat 4: lpoolreds folded before Flop (didn't bet)
Seat 5: supersteezy folded before Flop (didn't bet)
Seat 6: Superflush folded before Flop (didn't bet)



PokerStars Game #19898325017:  Hold'em No Limit ($0.10/$0.25) - 2008/08/25 - 19:57:23 (ET)
Table 'Biarmia' 9-max Seat #2 is the button
Seat 1: Alameda22 ($29.80 in chips) 
Seat 2: AcedePique ($25.25 in chips) 
Seat 3: betojch ($24.75 in chips) 
Seat 4: lpoolreds ($37.05 in chips) 
Seat 5: supersteezy ($25.20 in chips) 
Seat 6: Superflush ($25.35 in chips) 
betojch: posts small blind $0.10
lpoolreds: posts big blind $0.25
*** HOLE CARDS ***
Dealt to Alameda22 [Qh Kh]
supersteezy: folds 
Superflush: folds 
Alameda22: raises $0.50 to $0.75
AcedePique: folds 
betojch: folds 
lpoolreds: folds 
Uncalled bet ($0.50) returned to Alameda22
Alameda22 collected $0.60 from pot
Alameda22: doesn't show hand 
*** SUMMARY ***
Total pot $0.60 | Rake $0 
Seat 1: Alameda22 collected ($0.60)
Seat 2: AcedePique (button) folded before Flop (didn't bet)
Seat 3: betojch (small blind) folded before Flop
Seat 4: lpoolreds (big blind) folded before Flop
Seat 5: supersteezy folded before Flop (didn't bet)
Seat 6: Superflush folded before Flop (didn't bet)



PokerStars Game #19898344181:  Hold'em No Limit ($0.10/$0.25) - 2008/08/25 - 19:58:14 (ET)
Table 'Biarmia' 9-max Seat #3 is the button
Seat 1: Alameda22 ($30.15 in chips) 
Seat 2: AcedePique ($25.25 in chips) 
Seat 3: betojch ($24.65 in chips) 
Seat 4: lpoolreds ($36.80 in chips) 
Seat 5: supersteezy ($25.20 in chips) 
Seat 6: Superflush ($25.35 in chips) 
lpoolreds: posts small blind $0.10
supersteezy: posts big blind $0.25
*** HOLE CARDS ***
Dealt to Alameda22 [6d Kd]
Superflush: folds 
Alameda22: folds 
AcedePique: folds 
betojch: raises $0.75 to $1
lpoolreds: folds 
supersteezy: folds 
Uncalled bet ($0.75) returned to betojch
betojch collected $0.60 from pot
betojch: doesn't show hand 
*** SUMMARY ***
Total pot $0.60 | Rake $0 
Seat 1: Alameda22 folded before Flop (didn't bet)
Seat 2: AcedePique folded before Flop (didn't bet)
Seat 3: betojch (button) collected ($0.60)
Seat 4: lpoolreds (small blind) folded before Flop
Seat 5: supersteezy (big blind) folded before Flop
Seat 6: Superflush folded before Flop (didn't bet)



PokerStars Game #19898359371:  Hold'em No Limit ($0.10/$0.25) - 2008/08/25 - 19:58:55 (ET)
Table 'Biarmia' 9-max Seat #4 is the button
Seat 1: Alameda22 ($30.15 in chips) 
Seat 2: AcedePique ($25.25 in chips) 
Seat 3: betojch ($25 in chips) 
Seat 4: lpoolreds ($36.70 in chips) 
Seat 5: supersteezy ($24.95 in chips) 
Seat 6: Superflush ($25.35 in chips) 
supersteezy: posts small blind $0.10
Superflush: posts big blind $0.25
*** HOLE CARDS ***
Dealt to Alameda22 [8h 9d]
Alameda22: folds 
AcedePique: folds 
betojch: folds 
lpoolreds: raises $0.50 to $0.75
supersteezy: folds 
Superflush: calls $0.50
*** FLOP *** [As 4d 3s]
Superflush: checks 
lpoolreds: bets $1.25
Superflush: folds 
Uncalled bet ($1.25) returned to lpoolreds
lpoolreds collected $1.55 from pot
lpoolreds: doesn't show hand 
*** SUMMARY ***
Total pot $1.60 | Rake $0.05 
Board [As 4d 3s]
Seat 1: Alameda22 folded before Flop (didn't bet)
Seat 2: AcedePique folded before Flop (didn't bet)
Seat 3: betojch folded before Flop (didn't bet)
Seat 4: lpoolreds (button) collected ($1.55)
Seat 5: supersteezy (small blind) folded before Flop
Seat 6: Superflush (big blind) folded on the Flop



PokerStars Game #19898381316:  Hold'em No Limit ($0.10/$0.25) - 2008/08/25 - 19:59:54 (ET)
Table 'Biarmia' 9-max Seat #5 is the button
Seat 1: Alameda22 ($30.15 in chips) 
Seat 2: AcedePique ($25.25 in chips) 
Seat 3: betojch ($25 in chips) 
Seat 4: lpoolreds ($37.50 in chips) 
Seat 5: supersteezy ($24.85 in chips) 
Seat 6: Superflush ($24.60 in chips) 
Superflush: posts small blind $0.10
Alameda22: posts big blind $0.25
*** HOLE CARDS ***
Dealt to Alameda22 [Js 4d]
AcedePique: folds 
betojch: folds 
lpoolreds: folds 
lpoolreds leaves the table
supersteezy: folds 
Superflush: folds 
Uncalled bet ($0.15) returned to Alameda22
Alameda22 collected $0.20 from pot
Alameda22: doesn't show hand 
*** SUMMARY ***
Total pot $0.20 | Rake $0 
Seat 1: Alameda22 (big blind) collected ($0.20)
Seat 2: AcedePique folded before Flop (didn't bet)
Seat 3: betojch folded before Flop (didn't bet)
Seat 4: lpoolreds folded before Flop (didn't bet)
Seat 5: supersteezy (button) folded before Flop (didn't bet)
Seat 6: Superflush (small blind) folded before Flop



PokerStars Game #19898393752:  Hold'em No Limit ($0.10/$0.25) - 2008/08/25 - 20:00:26 (ET)
Table 'Biarmia' 9-max Seat #6 is the button
Seat 1: Alameda22 ($30.25 in chips) 
Seat 2: AcedePique ($25.25 in chips) 
Seat 3: betojch ($25 in chips) 
Seat 5: supersteezy ($24.85 in chips) 
Seat 6: Superflush ($24.50 in chips) 
Alameda22: posts small blind $0.10
AcedePique: posts big blind $0.25
*** HOLE CARDS ***
Dealt to Alameda22 [5d Th]
betojch: folds 
supersteezy: calls $0.25
Superflush: folds 
Alameda22: folds 
AcedePique: checks 
*** FLOP *** [7c Kh 7s]
AcedePique: checks 
supersteezy: bets $0.40
AcedePique: folds 
Uncalled bet ($0.40) returned to supersteezy
supersteezy collected $0.60 from pot
supersteezy: doesn't show hand 
*** SUMMARY ***
Total pot $0.60 | Rake $0 
Board [7c Kh 7s]
Seat 1: Alameda22 (small blind) folded before Flop
Seat 2: AcedePique (big blind) folded on the Flop
Seat 3: betojch folded before Flop (didn't bet)
Seat 5: supersteezy collected ($0.60)
Seat 6: Superflush (button) folded before Flop (didn't bet)



PokerStars Game #19898410612:  Hold'em No Limit ($0.10/$0.25) - 2008/08/25 - 20:01:10 (ET)
Table 'Biarmia' 9-max Seat #1 is the button
Seat 1: Alameda22 ($30.15 in chips) 
Seat 2: AcedePique ($25 in chips) 
Seat 3: betojch ($25 in chips) 
Seat 5: supersteezy ($25.20 in chips) 
Seat 6: Superflush ($24.50 in chips) 
AcedePique: posts small blind $0.10
betojch: posts big blind $0.25
*** HOLE CARDS ***
Dealt to Alameda22 [Kd 2d]
supersteezy: folds 
Superflush: folds 
Alameda22: folds 
AcedePique: calls $0.15
betojch: raises $1 to $1.25
four2wenty has returned
AcedePique: folds 
Uncalled bet ($1) returned to betojch
betojch collected $0.50 from pot
betojch: doesn't show hand 
*** SUMMARY ***
Total pot $0.50 | Rake $0 
Seat 1: Alameda22 (button) folded before Flop (didn't bet)
Seat 2: AcedePique (small blind) folded before Flop
Seat 3: betojch (big blind) collected ($0.50)
Seat 5: supersteezy folded before Flop (didn't bet)
Seat 6: Superflush folded before Flop (didn't bet)



PokerStars Game #19898429131:  Hold'em No Limit ($0.10/$0.25) - 2008/08/25 - 20:01:57 (ET)
Table 'Biarmia' 9-max Seat #2 is the button
Seat 1: Alameda22 ($30.15 in chips) 
Seat 2: AcedePique ($24.75 in chips) 
Seat 3: betojch ($25.25 in chips) 
Seat 5: supersteezy ($25.20 in chips) 
Seat 6: Superflush ($24.50 in chips) 
Seat 7: four2wenty ($52.70 in chips) 
betojch: posts small blind $0.10
supersteezy: posts big blind $0.25
four2wenty: posts small & big blinds $0.35
*** HOLE CARDS ***
Dealt to Alameda22 [9d 9c]
Superflush: calls $0.25
four2wenty: checks 
Booginc joins the table at seat #9 
Alameda22: raises $1 to $1.25
AcedePique: folds 
betojch: folds 
supersteezy: folds 
Superflush: folds 
four2wenty: folds 
Uncalled bet ($1) returned to Alameda22
Alameda22 collected $1.20 from pot
Alameda22: doesn't show hand 
*** SUMMARY ***
Total pot $1.20 | Rake $0 
Seat 1: Alameda22 collected ($1.20)
Seat 2: AcedePique (button) folded before Flop (didn't bet)
Seat 3: betojch (small blind) folded before Flop
Seat 5: supersteezy (big blind) folded before Flop
Seat 6: Superflush folded before Flop
Seat 7: four2wenty folded before Flop



PokerStars Game #19898444996:  Hold'em No Limit ($0.10/$0.25) - 2008/08/25 - 20:02:39 (ET)
Table 'Biarmia' 9-max Seat #3 is the button
Seat 1: Alameda22 ($31.10 in chips) 
Seat 2: AcedePique ($24.75 in chips) 
Seat 3: betojch ($25.15 in chips) 
Seat 5: supersteezy ($24.95 in chips) 
Seat 6: Superflush ($24.25 in chips) 
Seat 7: four2wenty ($52.35 in chips) 
Seat 9: Booginc ($15 in chips) 
supersteezy: posts small blind $0.10
Superflush: posts big blind $0.25
Booginc: posts big blind $0.25
*** HOLE CARDS ***
Dealt to Alameda22 [Jd 4d]
four2wenty: calls $0.25
Booginc: checks 
Alameda22: folds 
AcedePique: folds 
betojch: folds 
supersteezy: folds 
Superflush: checks 
*** FLOP *** [5h 2h 6d]
Superflush: checks 
four2wenty: checks 
Booginc: bets $0.75
Superflush: raises $0.75 to $1.50
four2wenty: folds 
Booginc: calls $0.75
*** TURN *** [5h 2h 6d] [Tc]
queenbee8828 joins the table at seat #8 
Superflush: bets $1
Booginc: calls $1
*** RIVER *** [5h 2h 6d Tc] [2s]
Superflush: bets $3
Booginc: folds 
Uncalled bet ($3) returned to Superflush
Superflush collected $5.60 from pot
*** SUMMARY ***
Total pot $5.85 | Rake $0.25 
Board [5h 2h 6d Tc 2s]
Seat 1: Alameda22 folded before Flop (didn't bet)
Seat 2: AcedePique folded before Flop (didn't bet)
Seat 3: betojch (button) folded before Flop (didn't bet)
Seat 5: supersteezy (small blind) folded before Flop
Seat 6: Superflush (big blind) collected ($5.60)
Seat 7: four2wenty folded on the Flop
Seat 9: Booginc folded on the River



PokerStars Game #19898477691:  Hold'em No Limit ($0.10/$0.25) - 2008/08/25 - 20:04:04 (ET)
Table 'Biarmia' 9-max Seat #5 is the button
Seat 1: Alameda22 ($31.10 in chips) 
Seat 2: AcedePique ($24.75 in chips) 
Seat 3: betojch ($25.15 in chips) 
Seat 5: supersteezy ($24.85 in chips) 
Seat 6: Superflush ($27.10 in chips) 
Seat 7: four2wenty ($52.10 in chips) 
Seat 8: queenbee8828 ($15 in chips) 
Seat 9: Booginc ($12.25 in chips) 
Superflush: posts small blind $0.10
four2wenty: posts big blind $0.25
queenbee8828: posts big blind $0.25
*** HOLE CARDS ***
Dealt to Alameda22 [9c Kc]
queenbee8828: checks 
Booginc: folds 
bev123poker joins the table at seat #4 
Alameda22: folds 
AcedePique: folds 
betojch: folds 
supersteezy: folds 
Superflush: folds 
four2wenty: checks 
*** FLOP *** [7h Th 2s]
four2wenty: checks 
queenbee8828: bets $0.50
four2wenty: folds 
Uncalled bet ($0.50) returned to queenbee8828
queenbee8828 collected $0.60 from pot
queenbee8828: doesn't show hand 
*** SUMMARY ***
Total pot $0.60 | Rake $0 
Board [7h Th 2s]
Seat 1: Alameda22 folded before Flop (didn't bet)
Seat 2: AcedePique folded before Flop (didn't bet)
Seat 3: betojch folded before Flop (didn't bet)
Seat 5: supersteezy (button) folded before Flop (didn't bet)
Seat 6: Superflush (small blind) folded before Flop
Seat 7: four2wenty (big blind) folded on the Flop
Seat 8: queenbee8828 collected ($0.60)
Seat 9: Booginc folded before Flop (didn't bet)



PokerStars Game #19898497980:  Hold'em No Limit ($0.10/$0.25) - 2008/08/25 - 20:04:57 (ET)
Table 'Biarmia' 9-max Seat #6 is the button
Seat 1: Alameda22 ($31.10 in chips) 
Seat 2: AcedePique ($24.75 in chips) 
Seat 3: betojch ($25.15 in chips) 
Seat 4: bev123poker ($15 in chips) 
Seat 5: supersteezy ($24.85 in chips) 
Seat 6: Superflush ($27 in chips) 
Seat 7: four2wenty ($51.85 in chips) 
Seat 8: queenbee8828 ($15.35 in chips) 
Seat 9: Booginc ($12.25 in chips) 
four2wenty: posts small blind $0.10
queenbee8828: posts big blind $0.25
bev123poker: posts big blind $0.25
*** HOLE CARDS ***
Dealt to Alameda22 [5s As]
Booginc: folds 
Alameda22: folds 
AcedePique: folds 
betojch: folds 
bev123poker: checks 
supersteezy: folds 
Superflush: folds 
four2wenty: folds 
queenbee8828: checks 
*** FLOP *** [6c 3d Ac]
queenbee8828: bets $0.25
bev123poker: folds 
Uncalled bet ($0.25) returned to queenbee8828
queenbee8828 collected $0.60 from pot
queenbee8828: doesn't show hand 
*** SUMMARY ***
Total pot $0.60 | Rake $0 
Board [6c 3d Ac]
Seat 1: Alameda22 folded before Flop (didn't bet)
Seat 2: AcedePique folded before Flop (didn't bet)
Seat 3: betojch folded before Flop (didn't bet)
Seat 4: bev123poker folded on the Flop
Seat 5: supersteezy folded before Flop (didn't bet)
Seat 6: Superflush (button) folded before Flop (didn't bet)
Seat 7: four2wenty (small blind) folded before Flop
Seat 8: queenbee8828 (big blind) collected ($0.60)
Seat 9: Booginc folded before Flop (didn't bet)



PokerStars Game #19898519331:  Hold'em No Limit ($0.10/$0.25) - 2008/08/25 - 20:05:53 (ET)
Table 'Biarmia' 9-max Seat #7 is the button
Seat 1: Alameda22 ($31.10 in chips) 
Seat 2: AcedePique ($24.75 in chips) 
Seat 3: betojch ($25.15 in chips) 
Seat 4: bev123poker ($14.75 in chips) 
Seat 5: supersteezy ($24.85 in chips) 
Seat 6: Superflush ($27 in chips) 
Seat 7: four2wenty ($51.75 in chips) 
Seat 8: queenbee8828 ($15.70 in chips) 
Seat 9: Booginc ($12.25 in chips) 
queenbee8828: posts small blind $0.10
Booginc: posts big blind $0.25
*** HOLE CARDS ***
Dealt to Alameda22 [Ts Ac]
Alameda22: folds 
AcedePique: folds 
betojch: folds 
bev123poker: folds 
supersteezy: folds 
Superflush: folds 
four2wenty is disconnected 
four2wenty has timed out while disconnected
four2wenty: folds 
four2wenty is sitting out
queenbee8828: calls $0.15
Booginc: checks 
*** FLOP *** [Qd As 9h]
four2wenty is connected 
queenbee8828: checks 
four2wenty has returned
Booginc: checks 
*** TURN *** [Qd As 9h] [2c]
queenbee8828: checks 
Booginc: checks 
*** RIVER *** [Qd As 9h 2c] [Js]
queenbee8828: checks 
Booginc: bets $0.50
queenbee8828: folds 
Uncalled bet ($0.50) returned to Booginc
Booginc collected $0.50 from pot
Booginc: shows [7c 2d] (a pair of Deuces)
*** SUMMARY ***
Total pot $0.50 | Rake $0 
Board [Qd As 9h 2c Js]
Seat 1: Alameda22 folded before Flop (didn't bet)
Seat 2: AcedePique folded before Flop (didn't bet)
Seat 3: betojch folded before Flop (didn't bet)
Seat 4: bev123poker folded before Flop (didn't bet)
Seat 5: supersteezy folded before Flop (didn't bet)
Seat 6: Superflush folded before Flop (didn't bet)
Seat 7: four2wenty (button) folded before Flop (didn't bet)
Seat 8: queenbee8828 (small blind) folded on the River
Seat 9: Booginc (big blind) collected ($0.50)



PokerStars Game #19898554869:  Hold'em No Limit ($0.10/$0.25) - 2008/08/25 - 20:07:26 (ET)
Table 'Biarmia' 9-max Seat #8 is the button
Seat 1: Alameda22 ($31.10 in chips) 
Seat 2: AcedePique ($24.75 in chips) 
Seat 3: betojch ($25.15 in chips) 
Seat 4: bev123poker ($14.75 in chips) 
Seat 5: supersteezy ($24.85 in chips) 
Seat 6: Superflush ($27 in chips) 
Seat 7: four2wenty ($51.75 in chips) 
Seat 8: queenbee8828 ($15.45 in chips) 
Seat 9: Booginc ($12.50 in chips) 
Booginc: posts small blind $0.10
Alameda22: posts big blind $0.25
*** HOLE CARDS ***
Dealt to Alameda22 [Kc 7c]
AcedePique: folds 
betojch: calls $0.25
bev123poker: calls $0.25
supersteezy: folds 
Superflush: folds 
four2wenty: folds 
queenbee8828: folds 
Booginc: folds 
Alameda22: checks 
*** FLOP *** [Ah 6d Jc]
Alameda22: checks 
betojch: checks 
bev123poker: bets $0.25
four2wenty is sitting out
Alameda22: folds 
betojch: folds 
Uncalled bet ($0.25) returned to bev123poker
bev123poker collected $0.85 from pot
bev123poker: doesn't show hand 
*** SUMMARY ***
Total pot $0.85 | Rake $0 
Board [Ah 6d Jc]
Seat 1: Alameda22 (big blind) folded on the Flop
Seat 2: AcedePique folded before Flop (didn't bet)
Seat 3: betojch folded on the Flop
Seat 4: bev123poker collected ($0.85)
Seat 5: supersteezy folded before Flop (didn't bet)
Seat 6: Superflush folded before Flop (didn't bet)
Seat 7: four2wenty folded before Flop (didn't bet)
Seat 8: queenbee8828 (button) folded before Flop (didn't bet)
Seat 9: Booginc (small blind) folded before Flop



PokerStars Game #19898578228:  Hold'em No Limit ($0.10/$0.25) - 2008/08/25 - 20:08:26 (ET)
Table 'Biarmia' 9-max Seat #9 is the button
Seat 1: Alameda22 ($30.85 in chips) 
Seat 2: AcedePique ($24.75 in chips) 
Seat 3: betojch ($24.90 in chips) 
Seat 4: bev123poker ($15.35 in chips) 
Seat 5: supersteezy ($24.85 in chips) 
Seat 6: Superflush ($27 in chips) 
Seat 8: queenbee8828 ($15.45 in chips) 
Seat 9: Booginc ($12.40 in chips) 
Alameda22: posts small blind $0.10
AcedePique: posts big blind $0.25
*** HOLE CARDS ***
Dealt to Alameda22 [5c Kd]
betojch: folds 
bev123poker is disconnected 
bev123poker has timed out while disconnected
bev123poker: folds 
bev123poker is sitting out
supersteezy: calls $0.25
Superflush: folds 
queenbee8828: calls $0.25
Booginc: raises $0.75 to $1
Alameda22: folds 
AcedePique: folds 
supersteezy: folds 
queenbee8828: folds 
Uncalled bet ($0.75) returned to Booginc
Booginc collected $1.10 from pot
*** SUMMARY ***
Total pot $1.10 | Rake $0 
Seat 1: Alameda22 (small blind) folded before Flop
Seat 2: AcedePique (big blind) folded before Flop
Seat 3: betojch folded before Flop (didn't bet)
Seat 4: bev123poker folded before Flop (didn't bet)
Seat 5: supersteezy folded before Flop
Seat 6: Superflush folded before Flop (didn't bet)
Seat 8: queenbee8828 folded before Flop
Seat 9: Booginc (button) collected ($1.10)



PokerStars Game #19898612383:  Hold'em No Limit ($0.10/$0.25) - 2008/08/25 - 20:09:56 (ET)
Table 'Biarmia' 9-max Seat #1 is the button
Seat 1: Alameda22 ($30.75 in chips) 
Seat 2: AcedePique ($24.50 in chips) 
Seat 3: betojch ($24.90 in chips) 
Seat 5: supersteezy ($24.60 in chips) 
Seat 6: Superflush ($27 in chips) 
Seat 8: queenbee8828 ($15.20 in chips) 
Seat 9: Booginc ($13.25 in chips) 
AcedePique: posts small blind $0.10
betojch: posts big blind $0.25
*** HOLE CARDS ***
Dealt to Alameda22 [Ac Ah]
supersteezy: calls $0.25
Superflush: folds 
queenbee8828: folds 
Booginc: folds 
four2wenty has returned
Alameda22: raises $0.75 to $1
AcedePique: folds 
betojch: folds 
supersteezy: folds 
Uncalled bet ($0.75) returned to Alameda22
Alameda22 collected $0.85 from pot
Alameda22: doesn't show hand 
*** SUMMARY ***
Total pot $0.85 | Rake $0 
Seat 1: Alameda22 (button) collected ($0.85)
Seat 2: AcedePique (small blind) folded before Flop
Seat 3: betojch (big blind) folded before Flop
Seat 5: supersteezy folded before Flop
Seat 6: Superflush folded before Flop (didn't bet)
Seat 8: queenbee8828 folded before Flop (didn't bet)
Seat 9: Booginc folded before Flop (didn't bet)



PokerStars Game #19898629804:  Hold'em No Limit ($0.10/$0.25) - 2008/08/25 - 20:10:42 (ET)
Table 'Biarmia' 9-max Seat #2 is the button
Seat 1: Alameda22 ($31.35 in chips) 
Seat 2: AcedePique ($24.40 in chips) 
Seat 3: betojch ($24.65 in chips) 
Seat 5: supersteezy ($24.35 in chips) 
Seat 6: Superflush ($27 in chips) 
Seat 7: four2wenty ($51.75 in chips) 
Seat 8: queenbee8828 ($15.20 in chips) 
Seat 9: Booginc ($13.25 in chips) 
betojch: posts small blind $0.10
supersteezy: posts big blind $0.25
*** HOLE CARDS ***
Dealt to Alameda22 [5c 4s]
Superflush: folds 
four2wenty: raises $0.25 to $0.50
queenbee8828: raises $0.50 to $1
Booginc: raises $0.50 to $1.50
Alameda22: folds 
AcedePique: folds 
betojch: folds 
supersteezy: folds 
four2wenty: calls $1
bev123poker is connected 
queenbee8828: calls $0.50
*** FLOP *** [Tc 9s 7c]
bev123poker has returned
four2wenty: checks 
queenbee8828: bets $1
Booginc: calls $1
four2wenty: folds 
*** TURN *** [Tc 9s 7c] [Ac]
queenbee8828: bets $1
Booginc: calls $1
*** RIVER *** [Tc 9s 7c Ac] [9c]
queenbee8828: bets $1
bev123poker leaves the table
Booginc: folds 
Uncalled bet ($1) returned to queenbee8828
queenbee8828 collected $8.45 from pot
queenbee8828: doesn't show hand 
*** SUMMARY ***
Total pot $8.85 | Rake $0.40 
Board [Tc 9s 7c Ac 9c]
Seat 1: Alameda22 folded before Flop (didn't bet)
Seat 2: AcedePique (button) folded before Flop (didn't bet)
Seat 3: betojch (small blind) folded before Flop
Seat 5: supersteezy (big blind) folded before Flop
Seat 6: Superflush folded before Flop (didn't bet)
Seat 7: four2wenty folded on the Flop
Seat 8: queenbee8828 collected ($8.45)
Seat 9: Booginc folded on the River



PokerStars Game #19898660303:  Hold'em No Limit ($0.10/$0.25) - 2008/08/25 - 20:12:02 (ET)
Table 'Biarmia' 9-max Seat #3 is the button
Seat 1: Alameda22 ($31.35 in chips) 
Seat 2: AcedePique ($24.40 in chips) 
Seat 3: betojch ($24.55 in chips) 
Seat 5: supersteezy ($24.10 in chips) 
Seat 6: Superflush ($27 in chips) 
Seat 7: four2wenty ($50.25 in chips) 
Seat 8: queenbee8828 ($20.15 in chips) 
Seat 9: Booginc ($9.75 in chips) 
supersteezy: posts small blind $0.10
Superflush: posts big blind $0.25
*** HOLE CARDS ***
Dealt to Alameda22 [Qh Qc]
four2wenty is disconnected 
four2wenty has timed out while disconnected
four2wenty: folds 
four2wenty is sitting out
queenbee8828: calls $0.25
Booginc: folds 
four2wenty is connected 
Alameda22: raises $0.75 to $1
four2wenty has returned
AcedePique: folds 
SNU83 joins the table at seat #4 
betojch: folds 
supersteezy: folds 
Superflush: folds 
queenbee8828: folds 
Uncalled bet ($0.75) returned to Alameda22
Alameda22 collected $0.85 from pot
Alameda22: doesn't show hand 
*** SUMMARY ***
Total pot $0.85 | Rake $0 
Seat 1: Alameda22 collected ($0.85)
Seat 2: AcedePique folded before Flop (didn't bet)
Seat 3: betojch (button) folded before Flop (didn't bet)
Seat 5: supersteezy (small blind) folded before Flop
Seat 6: Superflush (big blind) folded before Flop
Seat 7: four2wenty folded before Flop (didn't bet)
Seat 8: queenbee8828 folded before Flop
Seat 9: Booginc folded before Flop (didn't bet)



PokerStars Game #19898696891:  Hold'em No Limit ($0.10/$0.25) - 2008/08/25 - 20:13:39 (ET)
Table 'Biarmia' 9-max Seat #5 is the button
Seat 1: Alameda22 ($31.95 in chips) 
Seat 2: AcedePique ($24.40 in chips) 
Seat 3: betojch ($24.55 in chips) 
Seat 4: SNU83 ($15 in chips) 
Seat 5: supersteezy ($24 in chips) 
Seat 6: Superflush ($26.75 in chips) 
Seat 7: four2wenty ($50.25 in chips) 
Seat 8: queenbee8828 ($19.90 in chips) 
Seat 9: Booginc ($9.75 in chips) 
Superflush: posts small blind $0.10
four2wenty: posts big blind $0.25
SNU83: posts big blind $0.25
*** HOLE CARDS ***
Dealt to Alameda22 [7h 8h]
queenbee8828: raises $0.75 to $1
Booginc: folds 
Booginc leaves the table
Alameda22: folds 
AcedePique: folds 
ApBrynyFedw joins the table at seat #9 
betojch: folds 
SNU83: folds 
supersteezy has timed out
supersteezy: folds 
supersteezy is sitting out
Superflush: folds 
four2wenty: folds 
Uncalled bet ($0.75) returned to queenbee8828
queenbee8828 collected $0.85 from pot
queenbee8828: doesn't show hand 
*** SUMMARY ***
Total pot $0.85 | Rake $0 
Seat 1: Alameda22 folded before Flop (didn't bet)
Seat 2: AcedePique folded before Flop (didn't bet)
Seat 3: betojch folded before Flop (didn't bet)
Seat 4: SNU83 folded before Flop
Seat 5: supersteezy (button) folded before Flop (didn't bet)
Seat 6: Superflush (small blind) folded before Flop
Seat 7: four2wenty (big blind) folded before Flop
Seat 8: queenbee8828 collected ($0.85)
Seat 9: Booginc folded before Flop (didn't bet)



PokerStars Game #19898732505:  Hold'em No Limit ($0.10/$0.25) - 2008/08/25 - 20:15:11 (ET)
Table 'Biarmia' 9-max Seat #6 is the button
Seat 1: Alameda22 ($31.95 in chips) 
Seat 2: AcedePique ($24.40 in chips) 
Seat 3: betojch ($24.55 in chips) 
Seat 4: SNU83 ($14.75 in chips) 
Seat 6: Superflush ($26.65 in chips) 
Seat 7: four2wenty ($50 in chips) 
Seat 8: queenbee8828 ($20.50 in chips) 
Seat 9: ApBrynyFedw ($10 in chips) 
four2wenty: posts small blind $0.10
queenbee8828: posts big blind $0.25
ApBrynyFedw: posts big blind $0.25
*** HOLE CARDS ***
Dealt to Alameda22 [8c 2s]
ApBrynyFedw: checks 
Alameda22: folds 
AcedePique: folds 
betojch: folds 
SNU83: folds 
Superflush: folds 
four2wenty: folds 
queenbee8828: checks 
*** FLOP *** [Th 3d 5c]
queenbee8828: checks 
ApBrynyFedw: bets $0.50
queenbee8828: folds 
Uncalled bet ($0.50) returned to ApBrynyFedw
ApBrynyFedw collected $0.60 from pot
ApBrynyFedw: doesn't show hand 
*** SUMMARY ***
Total pot $0.60 | Rake $0 
Board [Th 3d 5c]
Seat 1: Alameda22 folded before Flop (didn't bet)
Seat 2: AcedePique folded before Flop (didn't bet)
Seat 3: betojch folded before Flop (didn't bet)
Seat 4: SNU83 folded before Flop (didn't bet)
Seat 6: Superflush (button) folded before Flop (didn't bet)
Seat 7: four2wenty (small blind) folded before Flop
Seat 8: queenbee8828 (big blind) folded on the Flop
Seat 9: ApBrynyFedw collected ($0.60)



PokerStars Game #19898748656:  Hold'em No Limit ($0.10/$0.25) - 2008/08/25 - 20:15:53 (ET)
Table 'Biarmia' 9-max Seat #7 is the button
Seat 1: Alameda22 ($31.95 in chips) 
Seat 2: AcedePique ($24.40 in chips) 
Seat 3: betojch ($24.55 in chips) 
Seat 4: SNU83 ($14.75 in chips) 
Seat 6: Superflush ($26.65 in chips) 
Seat 7: four2wenty ($49.90 in chips) 
Seat 8: queenbee8828 ($20.25 in chips) 
Seat 9: ApBrynyFedw ($10.35 in chips) 
queenbee8828: posts small blind $0.10
ApBrynyFedw: posts big blind $0.25
*** HOLE CARDS ***
Dealt to Alameda22 [5h 8h]
Alameda22: folds 
AcedePique: folds 
betojch: folds 
SNU83: folds 
Superflush: folds 
four2wenty: calls $0.25
queenbee8828: calls $0.15
ApBrynyFedw: checks 
*** FLOP *** [Jc Jd Qd]
queenbee8828: checks 
ApBrynyFedw: bets $0.50
four2wenty: folds 
queenbee8828: calls $0.50
*** TURN *** [Jc Jd Qd] [Tc]
queenbee8828: checks 
ApBrynyFedw: checks 
*** RIVER *** [Jc Jd Qd Tc] [As]
queenbee8828: checks 
ApBrynyFedw: checks 
*** SHOW DOWN ***
queenbee8828: shows [4d 5d] (a pair of Jacks)
ApBrynyFedw: shows [8c 7c] (a pair of Jacks)
queenbee8828 collected $0.85 from pot
ApBrynyFedw collected $0.85 from pot
*** SUMMARY ***
Total pot $1.75 | Rake $0.05 
Board [Jc Jd Qd Tc As]
Seat 1: Alameda22 folded before Flop (didn't bet)
Seat 2: AcedePique folded before Flop (didn't bet)
Seat 3: betojch folded before Flop (didn't bet)
Seat 4: SNU83 folded before Flop (didn't bet)
Seat 6: Superflush folded before Flop (didn't bet)
Seat 7: four2wenty (button) folded on the Flop
Seat 8: queenbee8828 (small blind) showed [4d 5d] and won ($0.85) with a pair of Jacks
Seat 9: ApBrynyFedw (big blind) showed [8c 7c] and won ($0.85) with a pair of Jacks



PokerStars Game #19898768842:  Hold'em No Limit ($0.10/$0.25) - 2008/08/25 - 20:16:44 (ET)
Table 'Biarmia' 9-max Seat #8 is the button
Seat 1: Alameda22 ($31.95 in chips) 
Seat 2: AcedePique ($24.40 in chips) 
Seat 3: betojch ($24.55 in chips) 
Seat 4: SNU83 ($14.75 in chips) 
Seat 6: Superflush ($26.65 in chips) 
Seat 7: four2wenty ($49.65 in chips) 
Seat 8: queenbee8828 ($20.35 in chips) 
Seat 9: ApBrynyFedw ($10.45 in chips) 
ApBrynyFedw: posts small blind $0.10
Alameda22: posts big blind $0.25
*** HOLE CARDS ***
Dealt to Alameda22 [Kh 6d]
AcedePique: folds 
betojch: folds 
SNU83: folds 
Superflush: folds 
four2wenty: folds 
queenbee8828: raises $0.75 to $1
ApBrynyFedw: calls $0.90
Alameda22: folds 
*** FLOP *** [Qh Kd Th]
ApBrynyFedw: checks 
queenbee8828: bets $1.50
ApBrynyFedw: calls $1.50
*** TURN *** [Qh Kd Th] [7c]
ApBrynyFedw: checks 
queenbee8828: bets $2
ApBrynyFedw: calls $2
*** RIVER *** [Qh Kd Th 7c] [Ks]
ApBrynyFedw: checks 
SNU83 is disconnected 
queenbee8828: bets $1
ApBrynyFedw: calls $1
SNU83 is connected 
*** SHOW DOWN ***
queenbee8828: shows [Qs Qc] (a full house, Queens full of Kings)
ApBrynyFedw: mucks hand 
queenbee8828 collected $10.75 from pot
*** SUMMARY ***
Total pot $11.25 | Rake $0.50 
Board [Qh Kd Th 7c Ks]
Seat 1: Alameda22 (big blind) folded before Flop
Seat 2: AcedePique folded before Flop (didn't bet)
Seat 3: betojch folded before Flop (didn't bet)
Seat 4: SNU83 folded before Flop (didn't bet)
Seat 6: Superflush folded before Flop (didn't bet)
Seat 7: four2wenty folded before Flop (didn't bet)
Seat 8: queenbee8828 (button) showed [Qs Qc] and won ($10.75) with a full house, Queens full of Kings
Seat 9: ApBrynyFedw (small blind) mucked [Ac Qd]



PokerStars Game #19898801826:  Hold'em No Limit ($0.10/$0.25) - 2008/08/25 - 20:18:07 (ET)
Table 'Biarmia' 9-max Seat #9 is the button
Seat 1: Alameda22 ($31.70 in chips) 
Seat 2: AcedePique ($24.40 in chips) 
Seat 3: betojch ($24.55 in chips) 
Seat 4: SNU83 ($14.75 in chips) 
Seat 6: Superflush ($26.65 in chips) 
Seat 7: four2wenty ($49.65 in chips) 
Seat 8: queenbee8828 ($25.60 in chips) 
Seat 9: ApBrynyFedw ($4.95 in chips) 
Alameda22: posts small blind $0.10
AcedePique: posts big blind $0.25
*** HOLE CARDS ***
Dealt to Alameda22 [5d 7s]
betojch: folds 
SNU83: calls $0.25
Superflush: folds 
four2wenty: folds 
queenbee8828: folds 
ApBrynyFedw: calls $0.25
Alameda22: folds 
AcedePique: raises $0.75 to $1
SNU83: calls $0.75
ApBrynyFedw: calls $0.75
*** FLOP *** [8s Qh 7h]
AcedePique: bets $0.75
SNU83: calls $0.75
ApBrynyFedw: calls $0.75
*** TURN *** [8s Qh 7h] [8c]
AcedePique: bets $0.75
SNU83: calls $0.75
ApBrynyFedw: calls $0.75
*** RIVER *** [8s Qh 7h 8c] [4c]
AcedePique: bets $0.75
SNU83: calls $0.75
ApBrynyFedw: folds 
*** SHOW DOWN ***
AcedePique: shows [Ts Th] (two pair, Tens and Eights)
SNU83: shows [Jc Qd] (two pair, Queens and Eights)
SNU83 collected $8.70 from pot
ApBrynyFedw leaves the table
*** SUMMARY ***
Total pot $9.10 | Rake $0.40 
Board [8s Qh 7h 8c 4c]
Seat 1: Alameda22 (small blind) folded before Flop
Seat 2: AcedePique (big blind) showed [Ts Th] and lost with two pair, Tens and Eights
Seat 3: betojch folded before Flop (didn't bet)
Seat 4: SNU83 showed [Jc Qd] and won ($8.70) with two pair, Queens and Eights
Seat 6: Superflush folded before Flop (didn't bet)
Seat 7: four2wenty folded before Flop (didn't bet)
Seat 8: queenbee8828 folded before Flop (didn't bet)
Seat 9: ApBrynyFedw (button) folded on the River



PokerStars Game #19898838161:  Hold'em No Limit ($0.10/$0.25) - 2008/08/25 - 20:19:39 (ET)
Table 'Biarmia' 9-max Seat #1 is the button
Seat 1: Alameda22 ($31.60 in chips) 
Seat 2: AcedePique ($21.15 in chips) 
Seat 3: betojch ($24.55 in chips) 
Seat 4: SNU83 ($20.20 in chips) 
Seat 6: Superflush ($26.65 in chips) 
Seat 7: four2wenty ($49.65 in chips) 
Seat 8: queenbee8828 ($25.60 in chips) 
AcedePique: posts small blind $0.10
betojch: posts big blind $0.25
*** HOLE CARDS ***
Dealt to Alameda22 [9c 2c]
SNU83: folds 
Superflush: folds 
four2wenty: folds 
queenbee8828: calls $0.25
Alameda22: folds 
AcedePique: folds 
betojch: checks 
*** FLOP *** [9h 8d Js]
betojch: checks 
queenbee8828: bets $0.50
betojch: calls $0.50
*** TURN *** [9h 8d Js] [Kd]
betojch: checks 
queenbee8828: bets $0.50
betojch: calls $0.50
*** RIVER *** [9h 8d Js Kd] [5s]
betojch: checks 
queenbee8828: checks 
*** SHOW DOWN ***
betojch: shows [Th 5d] (a pair of Fives)
queenbee8828: shows [Qs Jh] (a pair of Jacks)
queenbee8828 collected $2.50 from pot
*** SUMMARY ***
Total pot $2.60 | Rake $0.10 
Board [9h 8d Js Kd 5s]
Seat 1: Alameda22 (button) folded before Flop (didn't bet)
Seat 2: AcedePique (small blind) folded before Flop
Seat 3: betojch (big blind) showed [Th 5d] and lost with a pair of Fives
Seat 4: SNU83 folded before Flop (didn't bet)
Seat 6: Superflush folded before Flop (didn't bet)
Seat 7: four2wenty folded before Flop (didn't bet)
Seat 8: queenbee8828 showed [Qs Jh] and won ($2.50) with a pair of Jacks



PokerStars Game #19898861316:  Hold'em No Limit ($0.10/$0.25) - 2008/08/25 - 20:20:38 (ET)
Table 'Biarmia' 9-max Seat #2 is the button
Seat 1: Alameda22 ($31.60 in chips) 
Seat 2: AcedePique ($21.05 in chips) 
Seat 3: betojch ($23.30 in chips) 
Seat 4: SNU83 ($20.20 in chips) 
Seat 6: Superflush ($26.65 in chips) 
Seat 7: four2wenty ($49.65 in chips) 
Seat 8: queenbee8828 ($26.85 in chips) 
betojch: posts small blind $0.10
SNU83: posts big blind $0.25
*** HOLE CARDS ***
Dealt to Alameda22 [5d 3h]
Superflush: folds 
four2wenty: folds 
queenbee8828: calls $0.25
Alameda22: folds 
AcedePique: folds 
betojch: folds 
SNU83: checks 
*** FLOP *** [3c 4d Qs]
SNU83: checks 
queenbee8828: bets $0.25
SNU83: raises $0.25 to $0.50
queenbee8828: calls $0.25
*** TURN *** [3c 4d Qs] [Jc]
SNU83: checks 
queenbee8828: checks 
*** RIVER *** [3c 4d Qs Jc] [7h]
SNU83: bets $1.50
queenbee8828: calls $1.50
*** SHOW DOWN ***
SNU83: shows [Td Qd] (a pair of Queens)
queenbee8828: shows [Th Qh] (a pair of Queens)
SNU83 collected $2.20 from pot
queenbee8828 collected $2.20 from pot
*** SUMMARY ***
Total pot $4.60 | Rake $0.20 
Board [3c 4d Qs Jc 7h]
Seat 1: Alameda22 folded before Flop (didn't bet)
Seat 2: AcedePique (button) folded before Flop (didn't bet)
Seat 3: betojch (small blind) folded before Flop
Seat 4: SNU83 (big blind) showed [Td Qd] and won ($2.20) with a pair of Queens
Seat 6: Superflush folded before Flop (didn't bet)
Seat 7: four2wenty folded before Flop (didn't bet)
Seat 8: queenbee8828 showed [Th Qh] and won ($2.20) with a pair of Queens



PokerStars Game #19898881283:  Hold'em No Limit ($0.10/$0.25) - 2008/08/25 - 20:21:29 (ET)
Table 'Biarmia' 9-max Seat #3 is the button
Seat 1: Alameda22 ($31.60 in chips) 
Seat 2: AcedePique ($21.05 in chips) 
Seat 3: betojch ($23.20 in chips) 
Seat 4: SNU83 ($20.15 in chips) 
Seat 6: Superflush ($26.65 in chips) 
Seat 7: four2wenty ($49.65 in chips) 
Seat 8: queenbee8828 ($26.80 in chips) 
SNU83: posts small blind $0.10
Superflush: posts big blind $0.25
*** HOLE CARDS ***
Dealt to Alameda22 [Ah Js]
four2wenty: folds 
queenbee8828: calls $0.25
Alameda22: raises $0.75 to $1
AcedePique: folds 
betojch: folds 
SNU83: folds 
Superflush: folds 
queenbee8828: folds 
Uncalled bet ($0.75) returned to Alameda22
Alameda22 collected $0.85 from pot
Alameda22: doesn't show hand 
*** SUMMARY ***
Total pot $0.85 | Rake $0 
Seat 1: Alameda22 collected ($0.85)
Seat 2: AcedePique folded before Flop (didn't bet)
Seat 3: betojch (button) folded before Flop (didn't bet)
Seat 4: SNU83 (small blind) folded before Flop
Seat 6: Superflush (big blind) folded before Flop
Seat 7: four2wenty folded before Flop (didn't bet)
Seat 8: queenbee8828 folded before Flop



PokerStars Game #19898898404:  Hold'em No Limit ($0.10/$0.25) - 2008/08/25 - 20:22:13 (ET)
Table 'Biarmia' 9-max Seat #4 is the button
Seat 1: Alameda22 ($32.20 in chips) 
Seat 2: AcedePique ($21.05 in chips) 
Seat 3: betojch ($23.20 in chips) 
Seat 4: SNU83 ($20.05 in chips) 
Seat 6: Superflush ($26.40 in chips) 
Seat 7: four2wenty ($49.65 in chips) 
Seat 8: queenbee8828 ($26.55 in chips) 
Superflush: posts small blind $0.10
four2wenty: posts big blind $0.25
*** HOLE CARDS ***
Dealt to Alameda22 [Ac 4s]
supersteezy has returned
queenbee8828: calls $0.25
Alameda22: folds 
AcedePique: folds 
betojch: folds 
SNU83: folds 
Superflush: calls $0.15
four2wenty: checks 
*** FLOP *** [2h 8c 4h]
Superflush: bets $0.75
four2wenty: folds 
queenbee8828: folds 
Uncalled bet ($0.75) returned to Superflush
Superflush collected $0.75 from pot
*** SUMMARY ***
Total pot $0.75 | Rake $0 
Board [2h 8c 4h]
Seat 1: Alameda22 folded before Flop (didn't bet)
Seat 2: AcedePique folded before Flop (didn't bet)
Seat 3: betojch folded before Flop (didn't bet)
Seat 4: SNU83 (button) folded before Flop (didn't bet)
Seat 6: Superflush (small blind) collected ($0.75)
Seat 7: four2wenty (big blind) folded on the Flop
Seat 8: queenbee8828 folded on the Flop



PokerStars Game #19898916374:  Hold'em No Limit ($0.10/$0.25) - 2008/08/25 - 20:23:00 (ET)
Table 'Biarmia' 9-max Seat #6 is the button
Seat 1: Alameda22 ($32.20 in chips) 
Seat 2: AcedePique ($21.05 in chips) 
Seat 3: betojch ($23.20 in chips) 
Seat 4: SNU83 ($20.05 in chips) 
Seat 5: supersteezy ($24 in chips) 
Seat 6: Superflush ($26.90 in chips) 
Seat 7: four2wenty ($49.40 in chips) 
Seat 8: queenbee8828 ($26.30 in chips) 
four2wenty: posts small blind $0.10
queenbee8828: posts big blind $0.25
supersteezy: posts small & big blinds $0.35
*** HOLE CARDS ***
Dealt to Alameda22 [Tc 9c]
Alameda22: folds 
AcedePique: folds 
betojch: folds 
SNU83: calls $0.25
supersteezy: checks 
Superflush: folds 
four2wenty: folds 
queenbee8828: checks 
*** FLOP *** [9d Kd Qh]
queenbee8828: checks 
SNU83: bets $0.50
supersteezy: folds 
queenbee8828: folds 
Uncalled bet ($0.50) returned to SNU83
SNU83 collected $0.95 from pot
SNU83: doesn't show hand 
*** SUMMARY ***
Total pot $0.95 | Rake $0 
Board [9d Kd Qh]
Seat 1: Alameda22 folded before Flop (didn't bet)
Seat 2: AcedePique folded before Flop (didn't bet)
Seat 3: betojch folded before Flop (didn't bet)
Seat 4: SNU83 collected ($0.95)
Seat 5: supersteezy folded on the Flop
Seat 6: Superflush (button) folded before Flop (didn't bet)
Seat 7: four2wenty (small blind) folded before Flop
Seat 8: queenbee8828 (big blind) folded on the Flop



PokerStars Game #19898937028:  Hold'em No Limit ($0.10/$0.25) - 2008/08/25 - 20:23:53 (ET)
Table 'Biarmia' 9-max Seat #7 is the button
Seat 1: Alameda22 ($32.20 in chips) 
Seat 2: AcedePique ($21.05 in chips) 
Seat 3: betojch ($23.20 in chips) 
Seat 4: SNU83 ($20.75 in chips) 
Seat 5: supersteezy ($23.65 in chips) 
Seat 6: Superflush ($26.90 in chips) 
Seat 7: four2wenty ($49.30 in chips) 
Seat 8: queenbee8828 ($26.05 in chips) 
queenbee8828: posts small blind $0.10
Alameda22: posts big blind $0.25
*** HOLE CARDS ***
Dealt to Alameda22 [6h Qc]
AcedePique: folds 
betojch: folds 
SNU83: folds 
supersteezy: raises $0.75 to $1
Superflush: folds 
four2wenty: folds 
queenbee8828: folds 
Alameda22: folds 
Uncalled bet ($0.75) returned to supersteezy
supersteezy collected $0.60 from pot
supersteezy: doesn't show hand 
*** SUMMARY ***
Total pot $0.60 | Rake $0 
Seat 1: Alameda22 (big blind) folded before Flop
Seat 2: AcedePique folded before Flop (didn't bet)
Seat 3: betojch folded before Flop (didn't bet)
Seat 4: SNU83 folded before Flop (didn't bet)
Seat 5: supersteezy collected ($0.60)
Seat 6: Superflush folded before Flop (didn't bet)
Seat 7: four2wenty (button) folded before Flop (didn't bet)
Seat 8: queenbee8828 (small blind) folded before Flop



PokerStars Game #19898947004:  Hold'em No Limit ($0.10/$0.25) - 2008/08/25 - 20:24:19 (ET)
Table 'Biarmia' 9-max Seat #8 is the button
Seat 1: Alameda22 ($31.95 in chips) 
Seat 2: AcedePique ($21.05 in chips) 
Seat 3: betojch ($23.20 in chips) 
Seat 4: SNU83 ($20.75 in chips) 
Seat 5: supersteezy ($24 in chips) 
Seat 6: Superflush ($26.90 in chips) 
Seat 7: four2wenty ($49.30 in chips) 
Seat 8: queenbee8828 ($25.95 in chips) 
Alameda22: posts small blind $0.10
AcedePique: posts big blind $0.25
*** HOLE CARDS ***
Dealt to Alameda22 [2s Ks]
betojch: folds 
SNU83: folds 
supersteezy: folds 
Superflush: folds 
four2wenty: folds 
queenbee8828: calls $0.25
Alameda22: folds 
AcedePique: checks 
*** FLOP *** [Qc 9c 5c]
AcedePique: checks 
queenbee8828: bets $0.25
AcedePique: folds 
Uncalled bet ($0.25) returned to queenbee8828
queenbee8828 collected $0.60 from pot
queenbee8828: doesn't show hand 
*** SUMMARY ***
Total pot $0.60 | Rake $0 
Board [Qc 9c 5c]
Seat 1: Alameda22 (small blind) folded before Flop
Seat 2: AcedePique (big blind) folded on the Flop
Seat 3: betojch folded before Flop (didn't bet)
Seat 4: SNU83 folded before Flop (didn't bet)
Seat 5: supersteezy folded before Flop (didn't bet)
Seat 6: Superflush folded before Flop (didn't bet)
Seat 7: four2wenty folded before Flop (didn't bet)
Seat 8: queenbee8828 (button) collected ($0.60)



PokerStars Game #19898964881:  Hold'em No Limit ($0.10/$0.25) - 2008/08/25 - 20:25:05 (ET)
Table 'Biarmia' 9-max Seat #1 is the button
Seat 1: Alameda22 ($31.85 in chips) 
Seat 2: AcedePique ($20.80 in chips) 
Seat 3: betojch ($23.20 in chips) 
Seat 4: SNU83 ($20.75 in chips) 
Seat 5: supersteezy ($24 in chips) 
Seat 6: Superflush ($26.90 in chips) 
Seat 7: four2wenty ($49.30 in chips) 
Seat 8: queenbee8828 ($26.30 in chips) 
AcedePique: posts small blind $0.10
betojch: posts big blind $0.25
*** HOLE CARDS ***
Dealt to Alameda22 [4h 9d]
SNU83: folds 
supersteezy: folds 
Superflush: calls $0.25
four2wenty: folds 
queenbee8828: calls $0.25
SNU83 leaves the table
Alameda22: folds 
AcedePique: folds 
betojch: raises $1.50 to $1.75
Superflush: calls $1.50
queenbee8828: calls $1.50
*** FLOP *** [Jd Js 8s]
betojch: checks 
Superflush: bets $2
queenbee8828: folds 
betojch: calls $2
*** TURN *** [Jd Js 8s] [Kh]
betojch: checks 
Superflush: checks 
*** RIVER *** [Jd Js 8s Kh] [Ts]
betojch: checks 
Superflush: checks 
*** SHOW DOWN ***
betojch: shows [As Ks] (a flush, Ace high)
Superflush: mucks hand 
betojch collected $8.90 from pot
*** SUMMARY ***
Total pot $9.35 | Rake $0.45 
Board [Jd Js 8s Kh Ts]
Seat 1: Alameda22 (button) folded before Flop (didn't bet)
Seat 2: AcedePique (small blind) folded before Flop
Seat 3: betojch (big blind) showed [As Ks] and won ($8.90) with a flush, Ace high
Seat 4: SNU83 folded before Flop (didn't bet)
Seat 5: supersteezy folded before Flop (didn't bet)
Seat 6: Superflush mucked [9s 9c]
Seat 7: four2wenty folded before Flop (didn't bet)
Seat 8: queenbee8828 folded on the Flop



PokerStars Game #19899006514:  Hold'em No Limit ($0.10/$0.25) - 2008/08/25 - 20:26:52 (ET)
Table 'Biarmia' 9-max Seat #2 is the button
Seat 1: Alameda22 ($31.85 in chips) 
Seat 2: AcedePique ($20.70 in chips) 
Seat 3: betojch ($28.35 in chips) 
Seat 5: supersteezy ($24 in chips) 
Seat 6: Superflush ($23.15 in chips) 
Seat 7: four2wenty ($49.30 in chips) 
Seat 8: queenbee8828 ($24.55 in chips) 
betojch: posts small blind $0.10
supersteezy: posts big blind $0.25
*** HOLE CARDS ***
Dealt to Alameda22 [Qd Ac]
Superflush: folds 
four2wenty: folds 
queenbee8828: folds 
Alameda22: raises $0.50 to $0.75
AcedePique: folds 
queenbee8828 leaves the table
betojch: folds 
supersteezy: folds 
Uncalled bet ($0.50) returned to Alameda22
Alameda22 collected $0.60 from pot
Alameda22: doesn't show hand 
*** SUMMARY ***
Total pot $0.60 | Rake $0 
Seat 1: Alameda22 collected ($0.60)
Seat 2: AcedePique (button) folded before Flop (didn't bet)
Seat 3: betojch (small blind) folded before Flop
Seat 5: supersteezy (big blind) folded before Flop
Seat 6: Superflush folded before Flop (didn't bet)
Seat 7: four2wenty folded before Flop (didn't bet)
Seat 8: queenbee8828 folded before Flop (didn't bet)



PokerStars Game #19899022536:  Hold'em No Limit ($0.10/$0.25) - 2008/08/25 - 20:27:32 (ET)
Table 'Biarmia' 9-max Seat #3 is the button
Seat 1: Alameda22 ($32.20 in chips) 
Seat 2: AcedePique ($20.70 in chips) 
Seat 3: betojch ($28.25 in chips) 
Seat 5: supersteezy ($23.75 in chips) 
Seat 6: Superflush ($23.15 in chips) 
Seat 7: four2wenty ($49.30 in chips) 
supersteezy: posts small blind $0.10
Superflush: posts big blind $0.25
*** HOLE CARDS ***
Dealt to Alameda22 [Kd 6s]
four2wenty: folds 
Alameda22: folds 
AcedePique: raises $0.75 to $1
betojch: folds 
supersteezy: folds 
Superflush: calls $0.75
*** FLOP *** [9h Tc Qd]
Superflush: checks 
AcedePique: bets $2
Superflush: folds 
Uncalled bet ($2) returned to AcedePique
AcedePique collected $2 from pot
AcedePique: doesn't show hand 
*** SUMMARY ***
Total pot $2.10 | Rake $0.10 
Board [9h Tc Qd]
Seat 1: Alameda22 folded before Flop (didn't bet)
Seat 2: AcedePique collected ($2)
Seat 3: betojch (button) folded before Flop (didn't bet)
Seat 5: supersteezy (small blind) folded before Flop
Seat 6: Superflush (big blind) folded on the Flop
Seat 7: four2wenty folded before Flop (didn't bet)



PokerStars Game #19899042504:  Hold'em No Limit ($0.10/$0.25) - 2008/08/25 - 20:28:24 (ET)
Table 'Biarmia' 9-max Seat #5 is the button
Seat 1: Alameda22 ($32.20 in chips) 
Seat 2: AcedePique ($21.70 in chips) 
Seat 3: betojch ($28.25 in chips) 
Seat 5: supersteezy ($23.65 in chips) 
Seat 6: Superflush ($25 in chips) 
Seat 7: four2wenty ($49.30 in chips) 
Superflush: posts small blind $0.10
four2wenty: posts big blind $0.25
*** HOLE CARDS ***
Dealt to Alameda22 [8d Kc]
Alameda22: folds 
AcedePique: folds 
betojch: folds 
supersteezy: folds 
Superflush: raises $0.50 to $0.75
four2wenty: folds 
Uncalled bet ($0.50) returned to Superflush
Superflush collected $0.50 from pot
*** SUMMARY ***
Total pot $0.50 | Rake $0 
Seat 1: Alameda22 folded before Flop (didn't bet)
Seat 2: AcedePique folded before Flop (didn't bet)
Seat 3: betojch folded before Flop (didn't bet)
Seat 5: supersteezy (button) folded before Flop (didn't bet)
Seat 6: Superflush (small blind) collected ($0.50)
Seat 7: four2wenty (big blind) folded before Flop



PokerStars Game #19899065085:  Hold'em No Limit ($0.10/$0.25) - 2008/08/25 - 20:29:22 (ET)
Table 'Biarmia' 9-max Seat #6 is the button
Seat 1: Alameda22 ($32.20 in chips) 
Seat 2: AcedePique ($21.70 in chips) 
Seat 3: betojch ($28.25 in chips) 
Seat 5: supersteezy ($23.65 in chips) 
Seat 6: Superflush ($25.25 in chips) 
Seat 7: four2wenty ($49.05 in chips) 
four2wenty: posts small blind $0.10
Alameda22: posts big blind $0.25
*** HOLE CARDS ***
Dealt to Alameda22 [3s Th]
AcedePique: folds 
betojch: folds 
supersteezy: folds 
Superflush: raises $0.50 to $0.75
four2wenty: calls $0.65
Alameda22: folds 
*** FLOP *** [Ad Jh 9s]
four2wenty: checks 
Superflush: bets $1
four2wenty: folds 
Uncalled bet ($1) returned to Superflush
Superflush collected $1.70 from pot
*** SUMMARY ***
Total pot $1.75 | Rake $0.05 
Board [Ad Jh 9s]
Seat 1: Alameda22 (big blind) folded before Flop
Seat 2: AcedePique folded before Flop (didn't bet)
Seat 3: betojch folded before Flop (didn't bet)
Seat 5: supersteezy folded before Flop (didn't bet)
Seat 6: Superflush (button) collected ($1.70)
Seat 7: four2wenty (small blind) folded on the Flop



PokerStars Game #19899083871:  Hold'em No Limit ($0.10/$0.25) - 2008/08/25 - 20:30:11 (ET)
Table 'Biarmia' 9-max Seat #7 is the button
Seat 1: Alameda22 ($31.95 in chips) 
Seat 2: AcedePique ($21.70 in chips) 
Seat 3: betojch ($28.25 in chips) 
Seat 5: supersteezy ($23.65 in chips) 
Seat 6: Superflush ($26.20 in chips) 
Seat 7: four2wenty ($48.30 in chips) 
Alameda22: posts small blind $0.10
AcedePique: posts big blind $0.25
*** HOLE CARDS ***
Dealt to Alameda22 [8c Th]
betojch: folds 
supersteezy: folds 
Superflush: folds 
four2wenty: folds 
Alameda22: folds 
Uncalled bet ($0.15) returned to AcedePique
AcedePique collected $0.20 from pot
AcedePique: doesn't show hand 
*** SUMMARY ***
Total pot $0.20 | Rake $0 
Seat 1: Alameda22 (small blind) folded before Flop
Seat 2: AcedePique (big blind) collected ($0.20)
Seat 3: betojch folded before Flop (didn't bet)
Seat 5: supersteezy folded before Flop (didn't bet)
Seat 6: Superflush folded before Flop (didn't bet)
Seat 7: four2wenty (button) folded before Flop (didn't bet)



PokerStars Game #19899094907:  Hold'em No Limit ($0.10/$0.25) - 2008/08/25 - 20:30:39 (ET)
Table 'Biarmia' 9-max Seat #1 is the button
Seat 1: Alameda22 ($31.85 in chips) 
Seat 2: AcedePique ($21.80 in chips) 
Seat 3: betojch ($28.25 in chips) 
Seat 5: supersteezy ($23.65 in chips) 
Seat 6: Superflush ($26.20 in chips) 
Seat 7: four2wenty ($48.30 in chips) 
AcedePique: posts small blind $0.10
betojch: posts big blind $0.25
*** HOLE CARDS ***
Dealt to Alameda22 [Qd 9h]
supersteezy: raises $0.75 to $1
Superflush: folds 
four2wenty: folds 
Alameda22: folds 
AcedePique: folds 
betojch: folds 
Uncalled bet ($0.75) returned to supersteezy
supersteezy collected $0.60 from pot
supersteezy: doesn't show hand 
*** SUMMARY ***
Total pot $0.60 | Rake $0 
Seat 1: Alameda22 (button) folded before Flop (didn't bet)
Seat 2: AcedePique (small blind) folded before Flop
Seat 3: betojch (big blind) folded before Flop
Seat 5: supersteezy collected ($0.60)
Seat 6: Superflush folded before Flop (didn't bet)
Seat 7: four2wenty folded before Flop (didn't bet)



PokerStars Game #19899107387:  Hold'em No Limit ($0.10/$0.25) - 2008/08/25 - 20:31:11 (ET)
Table 'Biarmia' 9-max Seat #2 is the button
Seat 1: Alameda22 ($31.85 in chips) 
Seat 2: AcedePique ($21.70 in chips) 
Seat 3: betojch ($28 in chips) 
Seat 5: supersteezy ($24 in chips) 
Seat 6: Superflush ($26.20 in chips) 
Seat 7: four2wenty ($48.30 in chips) 
betojch: posts small blind $0.10
supersteezy: posts big blind $0.25
*** HOLE CARDS ***
Dealt to Alameda22 [Jc 4d]
Superflush: folds 
four2wenty: folds 
Superflush leaves the table
Alameda22: folds 
AcedePique: calls $0.25
betojch: folds 
supersteezy: checks 
*** FLOP *** [3c 2h Kh]
supersteezy: checks 
AcedePique: bets $0.75
supersteezy: folds 
Uncalled bet ($0.75) returned to AcedePique
supersteezy leaves the table
AcedePique collected $0.60 from pot
AcedePique: doesn't show hand 
*** SUMMARY ***
Total pot $0.60 | Rake $0 
Board [3c 2h Kh]
Seat 1: Alameda22 folded before Flop (didn't bet)
Seat 2: AcedePique (button) collected ($0.60)
Seat 3: betojch (small blind) folded before Flop
Seat 5: supersteezy (big blind) folded on the Flop
Seat 6: Superflush folded before Flop (didn't bet)
Seat 7: four2wenty folded before Flop (didn't bet)



PokerStars Game #19899120369:  Hold'em No Limit ($0.10/$0.25) - 2008/08/25 - 20:31:41 (ET)
Table 'Biarmia' 9-max Seat #3 is the button
Seat 1: Alameda22 ($31.85 in chips) 
Seat 2: AcedePique ($22.05 in chips) 
Seat 3: betojch ($27.90 in chips) 
Seat 7: four2wenty ($48.30 in chips) 
four2wenty: posts small blind $0.10
Alameda22: posts big blind $0.25
*** HOLE CARDS ***
Dealt to Alameda22 [Qs Jc]
AcedePique: folds 
betojch: folds 
four2wenty: folds 
Uncalled bet ($0.15) returned to Alameda22
four2wenty is sitting out
Alameda22 collected $0.20 from pot
Alameda22: doesn't show hand 
four2wenty leaves the table
*** SUMMARY ***
Total pot $0.20 | Rake $0 
Seat 1: Alameda22 (big blind) collected ($0.20)
Seat 2: AcedePique folded before Flop (didn't bet)
Seat 3: betojch (button) folded before Flop (didn't bet)
Seat 7: four2wenty (small blind) folded before Flop



PokerStars Game #19899128400:  Hold'em No Limit ($0.10/$0.25) - 2008/08/25 - 20:32:02 (ET)
Table 'Biarmia' 9-max Seat #1 is the button
Seat 1: Alameda22 ($31.95 in chips) 
Seat 3: betojch ($27.90 in chips) 
AcedePique: is sitting out 
Alameda22: posts small blind $0.10
betojch: posts big blind $0.25
*** HOLE CARDS ***
Dealt to Alameda22 [4c Ad]
Alameda22: folds 
Uncalled bet ($0.15) returned to betojch
AcedePique leaves the table
betojch collected $0.20 from pot
*** SUMMARY ***
Total pot $0.20 | Rake $0 
Seat 1: Alameda22 (button) (small blind) folded before Flop
Seat 3: betojch (big blind) collected ($0.20)



PokerStars Game #19899134254:  Hold'em No Limit ($0.10/$0.25) - 2008/08/25 - 20:32:16 (ET)
Table 'Biarmia' 9-max Seat #3 is the button
Seat 1: Alameda22 ($31.85 in chips) 
Seat 3: betojch ($28 in chips) 
betojch: posts small blind $0.10
Alameda22: posts big blind $0.25
*** HOLE CARDS ***
Dealt to Alameda22 [Ac Ts]
betojch: raises $0.75 to $1
DEAL85 joins the table at seat #8 
Alameda22: folds 
Uncalled bet ($0.75) returned to betojch
betojch collected $0.50 from pot
betojch is sitting out
betojch leaves the table
*** SUMMARY ***
Total pot $0.50 | Rake $0 
Seat 1: Alameda22 (big blind) folded before Flop
Seat 3: betojch (button) (small blind) collected ($0.50)



