PokerStars Game #19569857224:  Hold'em No Limit ($0.10/$0.25) - 2008/08/12 - 18:28:03 (ET)
Table 'Josefa' 9-max Seat #1 is the button
Seat 1: MissStax ($22.50 in chips) 
Seat 2: arf919111 ($5.45 in chips) 
Seat 3: wasserss ($5 in chips) 
Seat 4: Dablo82 ($43.15 in chips) 
Seat 5: gado1 ($8.65 in chips) 
Seat 6: Albarab ($25 in chips) 
Seat 7: soup87 ($24.65 in chips) 
Seat 8: flow124 ($42.20 in chips) 
Seat 9: Alameda22 ($25 in chips) 
arf919111: posts small blind $0.10
wasserss: posts big blind $0.25
Alameda22: posts big blind $0.25
*** HOLE CARDS ***
Dealt to Alameda22 [7h 6c]
Dablo82: folds 
gado1: folds 
Albarab: folds 
soup87: folds 
flow124: folds 
Alameda22: checks 
MissStax: calls $0.25
arf919111: calls $0.15
wasserss: checks 
*** FLOP *** [3c 9s Ah]
arf919111: checks 
wasserss: bets $0.75
Alameda22: folds 
MissStax: calls $0.75
arf919111: folds 
*** TURN *** [3c 9s Ah] [Jh]
wasserss: bets $1.50
MissStax: folds 
Uncalled bet ($1.50) returned to wasserss
wasserss collected $2.40 from pot
wasserss: doesn't show hand 
*** SUMMARY ***
Total pot $2.50 | Rake $0.10 
Board [3c 9s Ah Jh]
Seat 1: MissStax (button) folded on the Turn
Seat 2: arf919111 (small blind) folded on the Flop
Seat 3: wasserss (big blind) collected ($2.40)
Seat 4: Dablo82 folded before Flop (didn't bet)
Seat 5: gado1 folded before Flop (didn't bet)
Seat 6: Albarab folded before Flop (didn't bet)
Seat 7: soup87 folded before Flop (didn't bet)
Seat 8: flow124 folded before Flop (didn't bet)
Seat 9: Alameda22 folded on the Flop



PokerStars Game #19569890655:  Hold'em No Limit ($0.10/$0.25) - 2008/08/12 - 18:29:28 (ET)
Table 'Josefa' 9-max Seat #2 is the button
Seat 1: MissStax ($21.50 in chips) 
Seat 2: arf919111 ($5.20 in chips) 
Seat 3: wasserss ($6.40 in chips) 
Seat 4: Dablo82 ($43.15 in chips) 
Seat 5: gado1 ($8.65 in chips) 
Seat 6: Albarab ($25 in chips) 
Seat 7: soup87 ($24.65 in chips) 
Seat 8: flow124 ($42.20 in chips) 
Seat 9: Alameda22 ($24.75 in chips) 
wasserss: posts small blind $0.10
Dablo82: posts big blind $0.25
*** HOLE CARDS ***
Dealt to Alameda22 [3d 9s]
gado1: folds 
Albarab: folds 
soup87: folds 
flow124: folds 
Alameda22: folds 
MissStax: folds 
arf919111: folds 
wasserss: folds 
Uncalled bet ($0.15) returned to Dablo82
Dablo82 collected $0.20 from pot
Dablo82: doesn't show hand 
*** SUMMARY ***
Total pot $0.20 | Rake $0 
Seat 1: MissStax folded before Flop (didn't bet)
Seat 2: arf919111 (button) folded before Flop (didn't bet)
Seat 3: wasserss (small blind) folded before Flop
Seat 4: Dablo82 (big blind) collected ($0.20)
Seat 5: gado1 folded before Flop (didn't bet)
Seat 6: Albarab folded before Flop (didn't bet)
Seat 7: soup87 folded before Flop (didn't bet)
Seat 8: flow124 folded before Flop (didn't bet)
Seat 9: Alameda22 folded before Flop (didn't bet)



PokerStars Game #19569914872:  Hold'em No Limit ($0.10/$0.25) - 2008/08/12 - 18:30:28 (ET)
Table 'Josefa' 9-max Seat #3 is the button
Seat 1: MissStax ($21.50 in chips) 
Seat 2: arf919111 ($5.20 in chips) 
Seat 3: wasserss ($6.30 in chips) 
Seat 4: Dablo82 ($43.25 in chips) 
Seat 5: gado1 ($8.65 in chips) 
Seat 6: Albarab ($25 in chips) 
Seat 7: soup87 ($24.65 in chips) 
Seat 8: flow124 ($42.20 in chips) 
Seat 9: Alameda22 ($24.75 in chips) 
Dablo82: posts small blind $0.10
gado1: posts big blind $0.25
*** HOLE CARDS ***
Dealt to Alameda22 [3c 5h]
Albarab: folds 
soup87: folds 
flow124: folds 
Alameda22: folds 
MissStax: raises $0.25 to $0.50
arf919111: calls $0.50
wasserss: folds 
Dablo82: folds 
gado1: calls $0.25
*** FLOP *** [8s 6c Th]
gado1: bets $0.75
MissStax: folds 
arf919111: calls $0.75
*** TURN *** [8s 6c Th] [4s]
gado1: bets $0.75
arf919111: calls $0.75
*** RIVER *** [8s 6c Th 4s] [Kh]
gado1: bets $0.75
arf919111: calls $0.75
*** SHOW DOWN ***
gado1: shows [9d 9s] (a pair of Nines)
arf919111: mucks hand 
gado1 collected $5.85 from pot
*** SUMMARY ***
Total pot $6.10 | Rake $0.25 
Board [8s 6c Th 4s Kh]
Seat 1: MissStax folded on the Flop
Seat 2: arf919111 mucked [7d 6d]
Seat 3: wasserss (button) folded before Flop (didn't bet)
Seat 4: Dablo82 (small blind) folded before Flop
Seat 5: gado1 (big blind) showed [9d 9s] and won ($5.85) with a pair of Nines
Seat 6: Albarab folded before Flop (didn't bet)
Seat 7: soup87 folded before Flop (didn't bet)
Seat 8: flow124 folded before Flop (didn't bet)
Seat 9: Alameda22 folded before Flop (didn't bet)



PokerStars Game #19569946864:  Hold'em No Limit ($0.10/$0.25) - 2008/08/12 - 18:31:48 (ET)
Table 'Josefa' 9-max Seat #4 is the button
Seat 1: MissStax ($21 in chips) 
Seat 2: arf919111 ($4.60 in chips) 
Seat 3: wasserss ($6.30 in chips) 
Seat 4: Dablo82 ($43.15 in chips) 
Seat 5: gado1 ($11.75 in chips) 
Seat 6: Albarab ($25 in chips) 
Seat 7: soup87 ($24.65 in chips) 
Seat 8: flow124 ($42.20 in chips) 
Seat 9: Alameda22 ($24.75 in chips) 
gado1: posts small blind $0.10
Albarab: posts big blind $0.25
*** HOLE CARDS ***
Dealt to Alameda22 [Kc Ah]
soup87: folds 
flow124: folds 
Alameda22: raises $0.50 to $0.75
MissStax: folds 
arf919111: folds 
wasserss: folds 
Dablo82: folds 
gado1: calls $0.65
Albarab: folds 
*** FLOP *** [2s 7c 2d]
gado1: checks 
Alameda22: bets $1
gado1: folds 
Uncalled bet ($1) returned to Alameda22
Alameda22 collected $1.70 from pot
Alameda22: doesn't show hand 
*** SUMMARY ***
Total pot $1.75 | Rake $0.05 
Board [2s 7c 2d]
Seat 1: MissStax folded before Flop (didn't bet)
Seat 2: arf919111 folded before Flop (didn't bet)
Seat 3: wasserss folded before Flop (didn't bet)
Seat 4: Dablo82 (button) folded before Flop (didn't bet)
Seat 5: gado1 (small blind) folded on the Flop
Seat 6: Albarab (big blind) folded before Flop
Seat 7: soup87 folded before Flop (didn't bet)
Seat 8: flow124 folded before Flop (didn't bet)
Seat 9: Alameda22 collected ($1.70)



PokerStars Game #19569966626:  Hold'em No Limit ($0.10/$0.25) - 2008/08/12 - 18:32:39 (ET)
Table 'Josefa' 9-max Seat #5 is the button
Seat 1: MissStax ($21 in chips) 
Seat 2: arf919111 ($4.60 in chips) 
Seat 3: wasserss ($6.30 in chips) 
Seat 4: Dablo82 ($43.15 in chips) 
Seat 5: gado1 ($11 in chips) 
Seat 6: Albarab ($24.75 in chips) 
Seat 7: soup87 ($24.65 in chips) 
Seat 8: flow124 ($42.20 in chips) 
Seat 9: Alameda22 ($25.70 in chips) 
Albarab: posts small blind $0.10
soup87: posts big blind $0.25
*** HOLE CARDS ***
Dealt to Alameda22 [2d Jc]
flow124: folds 
Alameda22: folds 
MissStax: folds 
arf919111: calls $0.25
wasserss: raises $1 to $1.25
Dablo82: folds 
gado1: folds 
Albarab: folds 
soup87: folds 
arf919111: folds 
Uncalled bet ($1) returned to wasserss
wasserss collected $0.85 from pot
wasserss: doesn't show hand 
*** SUMMARY ***
Total pot $0.85 | Rake $0 
Seat 1: MissStax folded before Flop (didn't bet)
Seat 2: arf919111 folded before Flop
Seat 3: wasserss collected ($0.85)
Seat 4: Dablo82 folded before Flop (didn't bet)
Seat 5: gado1 (button) folded before Flop (didn't bet)
Seat 6: Albarab (small blind) folded before Flop
Seat 7: soup87 (big blind) folded before Flop
Seat 8: flow124 folded before Flop (didn't bet)
Seat 9: Alameda22 folded before Flop (didn't bet)



PokerStars Game #19569983041:  Hold'em No Limit ($0.10/$0.25) - 2008/08/12 - 18:33:20 (ET)
Table 'Josefa' 9-max Seat #6 is the button
Seat 1: MissStax ($21 in chips) 
Seat 2: arf919111 ($4.35 in chips) 
Seat 3: wasserss ($6.90 in chips) 
Seat 4: Dablo82 ($43.15 in chips) 
Seat 5: gado1 ($11 in chips) 
Seat 6: Albarab ($24.65 in chips) 
Seat 7: soup87 ($24.40 in chips) 
Seat 8: flow124 ($42.20 in chips) 
Seat 9: Alameda22 ($25.70 in chips) 
soup87: posts small blind $0.10
flow124: posts big blind $0.25
*** HOLE CARDS ***
Dealt to Alameda22 [3h Ks]
Alameda22: folds 
MissStax: folds 
arf919111: calls $0.25
wasserss: folds 
Dablo82: folds 
gado1: folds 
Albarab: folds 
soup87: folds 
flow124: checks 
*** FLOP *** [Ad 2s 6s]
flow124: checks 
arf919111: checks 
*** TURN *** [Ad 2s 6s] [5h]
flow124: bets $1.50
arf919111: folds 
Uncalled bet ($1.50) returned to flow124
flow124 collected $0.60 from pot
flow124: doesn't show hand 
*** SUMMARY ***
Total pot $0.60 | Rake $0 
Board [Ad 2s 6s 5h]
Seat 1: MissStax folded before Flop (didn't bet)
Seat 2: arf919111 folded on the Turn
Seat 3: wasserss folded before Flop (didn't bet)
Seat 4: Dablo82 folded before Flop (didn't bet)
Seat 5: gado1 folded before Flop (didn't bet)
Seat 6: Albarab (button) folded before Flop (didn't bet)
Seat 7: soup87 (small blind) folded before Flop
Seat 8: flow124 (big blind) collected ($0.60)
Seat 9: Alameda22 folded before Flop (didn't bet)



PokerStars Game #19570005693:  Hold'em No Limit ($0.10/$0.25) - 2008/08/12 - 18:34:18 (ET)
Table 'Josefa' 9-max Seat #7 is the button
Seat 1: MissStax ($21 in chips) 
Seat 2: arf919111 ($4.10 in chips) 
Seat 3: wasserss ($6.90 in chips) 
Seat 4: Dablo82 ($43.15 in chips) 
Seat 5: gado1 ($11 in chips) 
Seat 6: Albarab ($24.65 in chips) 
Seat 7: soup87 ($24.30 in chips) 
Seat 8: flow124 ($42.55 in chips) 
Seat 9: Alameda22 ($25.70 in chips) 
flow124: posts small blind $0.10
Alameda22: posts big blind $0.25
*** HOLE CARDS ***
Dealt to Alameda22 [Js 2h]
MissStax: folds 
arf919111: folds 
wasserss: folds 
Dablo82: folds 
gado1: folds 
Albarab: folds 
soup87: raises $0.50 to $0.75
flow124: calls $0.65
Alameda22: folds 
*** FLOP *** [4s 4c 5d]
flow124: checks 
soup87: bets $1
flow124: raises $3.75 to $4.75
soup87: folds 
Uncalled bet ($3.75) returned to flow124
flow124 collected $3.60 from pot
flow124: doesn't show hand 
*** SUMMARY ***
Total pot $3.75 | Rake $0.15 
Board [4s 4c 5d]
Seat 1: MissStax folded before Flop (didn't bet)
Seat 2: arf919111 folded before Flop (didn't bet)
Seat 3: wasserss folded before Flop (didn't bet)
Seat 4: Dablo82 folded before Flop (didn't bet)
Seat 5: gado1 folded before Flop (didn't bet)
Seat 6: Albarab folded before Flop (didn't bet)
Seat 7: soup87 (button) folded on the Flop
Seat 8: flow124 (small blind) collected ($3.60)
Seat 9: Alameda22 (big blind) folded before Flop



PokerStars Game #19570038891:  Hold'em No Limit ($0.10/$0.25) - 2008/08/12 - 18:35:43 (ET)
Table 'Josefa' 9-max Seat #8 is the button
Seat 1: MissStax ($21 in chips) 
Seat 2: arf919111 ($4.10 in chips) 
Seat 3: wasserss ($6.90 in chips) 
Seat 4: Dablo82 ($43.15 in chips) 
Seat 5: gado1 ($11 in chips) 
Seat 6: Albarab ($24.65 in chips) 
Seat 7: soup87 ($22.55 in chips) 
Seat 8: flow124 ($44.40 in chips) 
Seat 9: Alameda22 ($25.45 in chips) 
Alameda22: posts small blind $0.10
MissStax: posts big blind $0.25
*** HOLE CARDS ***
Dealt to Alameda22 [Tc Qh]
arf919111: calls $0.25
wasserss: folds 
Dablo82: folds 
gado1: calls $0.25
Albarab: folds 
soup87: calls $0.25
flow124: folds 
Alameda22: calls $0.15
MissStax: checks 
*** FLOP *** [Kh 8h Qd]
Alameda22: checks 
MissStax: checks 
arf919111: checks 
gado1: checks 
soup87: checks 
*** TURN *** [Kh 8h Qd] [4d]
Alameda22: checks 
MissStax: checks 
arf919111: checks 
gado1: checks 
soup87: checks 
*** RIVER *** [Kh 8h Qd 4d] [5d]
Alameda22: checks 
MissStax: checks 
arf919111: checks 
gado1: checks 
soup87: bets $1
Alameda22: folds 
MissStax: folds 
arf919111: folds 
gado1: folds 
Uncalled bet ($1) returned to soup87
soup87 collected $1.20 from pot
soup87: doesn't show hand 
*** SUMMARY ***
Total pot $1.25 | Rake $0.05 
Board [Kh 8h Qd 4d 5d]
Seat 1: MissStax (big blind) folded on the River
Seat 2: arf919111 folded on the River
Seat 3: wasserss folded before Flop (didn't bet)
Seat 4: Dablo82 folded before Flop (didn't bet)
Seat 5: gado1 folded on the River
Seat 6: Albarab folded before Flop (didn't bet)
Seat 7: soup87 collected ($1.20)
Seat 8: flow124 (button) folded before Flop (didn't bet)
Seat 9: Alameda22 (small blind) folded on the River



PokerStars Game #19570085802:  Hold'em No Limit ($0.10/$0.25) - 2008/08/12 - 18:37:44 (ET)
Table 'Josefa' 9-max Seat #9 is the button
Seat 1: MissStax ($20.75 in chips) 
Seat 2: arf919111 ($3.85 in chips) 
Seat 3: wasserss ($6.90 in chips) 
Seat 4: Dablo82 ($43.15 in chips) 
Seat 5: gado1 ($10.75 in chips) 
Seat 6: Albarab ($24.65 in chips) 
Seat 7: soup87 ($23.50 in chips) 
Seat 8: flow124 ($44.40 in chips) 
Seat 9: Alameda22 ($25.20 in chips) 
MissStax: posts small blind $0.10
arf919111: posts big blind $0.25
*** HOLE CARDS ***
Dealt to Alameda22 [9h 5c]
wasserss: folds 
Dablo82: folds 
gado1: folds 
Albarab: folds 
soup87: folds 
flow124: folds 
Alameda22: folds 
MissStax: folds 
Uncalled bet ($0.15) returned to arf919111
arf919111 collected $0.20 from pot
*** SUMMARY ***
Total pot $0.20 | Rake $0 
Seat 1: MissStax (small blind) folded before Flop
Seat 2: arf919111 (big blind) collected ($0.20)
Seat 3: wasserss folded before Flop (didn't bet)
Seat 4: Dablo82 folded before Flop (didn't bet)
Seat 5: gado1 folded before Flop (didn't bet)
Seat 6: Albarab folded before Flop (didn't bet)
Seat 7: soup87 folded before Flop (didn't bet)
Seat 8: flow124 folded before Flop (didn't bet)
Seat 9: Alameda22 (button) folded before Flop (didn't bet)



PokerStars Game #19570096826:  Hold'em No Limit ($0.10/$0.25) - 2008/08/12 - 18:38:12 (ET)
Table 'Josefa' 9-max Seat #1 is the button
Seat 1: MissStax ($20.65 in chips) 
Seat 2: arf919111 ($3.95 in chips) 
Seat 4: Dablo82 ($43.15 in chips) 
Seat 5: gado1 ($10.75 in chips) 
Seat 6: Albarab ($24.65 in chips) 
Seat 7: soup87 ($23.50 in chips) 
Seat 8: flow124 ($44.40 in chips) 
Seat 9: Alameda22 ($25.20 in chips) 
arf919111: posts small blind $0.10
wasserss: is sitting out 
wasserss leaves the table
Dablo82: posts big blind $0.25
*** HOLE CARDS ***
Dealt to Alameda22 [6h 4c]
gado1: raises $0.25 to $0.50
Albarab: folds 
soup87: folds 
flow124: folds 
Alameda22: folds 
MissStax: folds 
arf919111: calls $0.40
Dablo82: raises $1.25 to $1.75
gado1: folds 
arf919111: folds 
Uncalled bet ($1.25) returned to Dablo82
Jaybraham joins the table at seat #3 
Dablo82 collected $1.50 from pot
Dablo82: doesn't show hand 
*** SUMMARY ***
Total pot $1.50 | Rake $0 
Seat 1: MissStax (button) folded before Flop (didn't bet)
Seat 2: arf919111 (small blind) folded before Flop
Seat 4: Dablo82 (big blind) collected ($1.50)
Seat 5: gado1 folded before Flop
Seat 6: Albarab folded before Flop (didn't bet)
Seat 7: soup87 folded before Flop (didn't bet)
Seat 8: flow124 folded before Flop (didn't bet)
Seat 9: Alameda22 folded before Flop (didn't bet)



PokerStars Game #19570120815:  Hold'em No Limit ($0.10/$0.25) - 2008/08/12 - 18:39:13 (ET)
Table 'Josefa' 9-max Seat #2 is the button
Seat 1: MissStax ($20.65 in chips) 
Seat 2: arf919111 ($3.45 in chips) 
Seat 4: Dablo82 ($44.15 in chips) 
Seat 5: gado1 ($10.25 in chips) 
Seat 6: Albarab ($24.65 in chips) 
Seat 7: soup87 ($23.50 in chips) 
Seat 8: flow124 ($44.40 in chips) 
Seat 9: Alameda22 ($25.20 in chips) 
Jaybraham will be allowed to play after the button
Dablo82: posts small blind $0.10
gado1: posts big blind $0.25
*** HOLE CARDS ***
Dealt to Alameda22 [3d 8d]
Albarab: folds 
soup87: folds 
flow124: folds 
Alameda22: folds 
Jaybraham leaves the table
MissStax: folds 
arf919111: folds 
Dablo82: calls $0.15
gado1: checks 
*** FLOP *** [9d Kd Ah]
Dablo82: checks 
gado1: bets $0.50
Dablo82: calls $0.50
*** TURN *** [9d Kd Ah] [Th]
Dablo82: checks 
gado1: checks 
*** RIVER *** [9d Kd Ah Th] [4c]
Dablo82: checks 
JHBrenes joins the table at seat #3 
gado1: checks 
*** SHOW DOWN ***
Dablo82: shows [Ts Qs] (a pair of Tens)
gado1: mucks hand 
Dablo82 collected $1.45 from pot
*** SUMMARY ***
Total pot $1.50 | Rake $0.05 
Board [9d Kd Ah Th 4c]
Seat 1: MissStax folded before Flop (didn't bet)
Seat 2: arf919111 (button) folded before Flop (didn't bet)
Seat 4: Dablo82 (small blind) showed [Ts Qs] and won ($1.45) with a pair of Tens
Seat 5: gado1 (big blind) mucked [5c 7c]
Seat 6: Albarab folded before Flop (didn't bet)
Seat 7: soup87 folded before Flop (didn't bet)
Seat 8: flow124 folded before Flop (didn't bet)
Seat 9: Alameda22 folded before Flop (didn't bet)



PokerStars Game #19570147258:  Hold'em No Limit ($0.10/$0.25) - 2008/08/12 - 18:40:19 (ET)
Table 'Josefa' 9-max Seat #4 is the button
Seat 1: MissStax ($20.65 in chips) 
Seat 2: arf919111 ($3.45 in chips) 
Seat 3: JHBrenes ($25 in chips) 
Seat 4: Dablo82 ($44.85 in chips) 
Seat 5: gado1 ($9.50 in chips) 
Seat 6: Albarab ($24.65 in chips) 
Seat 7: soup87 ($23.50 in chips) 
Seat 8: flow124 ($44.40 in chips) 
Seat 9: Alameda22 ($25.20 in chips) 
gado1: posts small blind $0.10
Albarab: posts big blind $0.25
JHBrenes: posts big blind $0.25
*** HOLE CARDS ***
Dealt to Alameda22 [5d Js]
soup87: folds 
flow124 is disconnected 
flow124 is connected 
flow124: folds 
Alameda22: folds 
MissStax: raises $0.75 to $1
arf919111: folds 
JHBrenes: folds 
Dablo82: folds 
gado1: folds 
Albarab: folds 
Uncalled bet ($0.75) returned to MissStax
MissStax collected $0.85 from pot
MissStax: doesn't show hand 
*** SUMMARY ***
Total pot $0.85 | Rake $0 
Seat 1: MissStax collected ($0.85)
Seat 2: arf919111 folded before Flop (didn't bet)
Seat 3: JHBrenes folded before Flop
Seat 4: Dablo82 (button) folded before Flop (didn't bet)
Seat 5: gado1 (small blind) folded before Flop
Seat 6: Albarab (big blind) folded before Flop
Seat 7: soup87 folded before Flop (didn't bet)
Seat 8: flow124 folded before Flop (didn't bet)
Seat 9: Alameda22 folded before Flop (didn't bet)



PokerStars Game #19570172178:  Hold'em No Limit ($0.10/$0.25) - 2008/08/12 - 18:41:23 (ET)
Table 'Josefa' 9-max Seat #5 is the button
Seat 1: MissStax ($21.25 in chips) 
Seat 2: arf919111 ($3.45 in chips) 
Seat 3: JHBrenes ($24.75 in chips) 
Seat 4: Dablo82 ($44.85 in chips) 
Seat 5: gado1 ($9.40 in chips) 
Seat 6: Albarab ($24.40 in chips) 
Seat 7: soup87 ($23.50 in chips) 
Seat 8: flow124 ($44.40 in chips) 
Seat 9: Alameda22 ($25.20 in chips) 
Albarab: posts small blind $0.10
soup87: posts big blind $0.25
*** HOLE CARDS ***
Dealt to Alameda22 [Js 3s]
flow124: folds 
Alameda22: folds 
MissStax: folds 
arf919111: raises $0.75 to $1
JHBrenes: folds 
Dablo82: calls $1
gado1: folds 
Albarab: folds 
soup87: calls $0.75
*** FLOP *** [Ah 4s 4d]
soup87: checks 
arf919111: checks 
Dablo82: bets $1.50
soup87: folds 
arf919111: folds 
Uncalled bet ($1.50) returned to Dablo82
Dablo82 collected $2.95 from pot
Dablo82: doesn't show hand 
*** SUMMARY ***
Total pot $3.10 | Rake $0.15 
Board [Ah 4s 4d]
Seat 1: MissStax folded before Flop (didn't bet)
Seat 2: arf919111 folded on the Flop
Seat 3: JHBrenes folded before Flop (didn't bet)
Seat 4: Dablo82 collected ($2.95)
Seat 5: gado1 (button) folded before Flop (didn't bet)
Seat 6: Albarab (small blind) folded before Flop
Seat 7: soup87 (big blind) folded on the Flop
Seat 8: flow124 folded before Flop (didn't bet)
Seat 9: Alameda22 folded before Flop (didn't bet)



PokerStars Game #19570198606:  Hold'em No Limit ($0.10/$0.25) - 2008/08/12 - 18:42:30 (ET)
Table 'Josefa' 9-max Seat #6 is the button
Seat 1: MissStax ($21.25 in chips) 
Seat 2: arf919111 ($2.45 in chips) 
Seat 3: JHBrenes ($24.75 in chips) 
Seat 4: Dablo82 ($46.80 in chips) 
Seat 5: gado1 ($9.40 in chips) 
Seat 6: Albarab ($24.30 in chips) 
Seat 7: soup87 ($22.50 in chips) 
Seat 8: flow124 ($44.40 in chips) 
Seat 9: Alameda22 ($25.20 in chips) 
soup87: posts small blind $0.10
flow124: posts big blind $0.25
*** HOLE CARDS ***
Dealt to Alameda22 [2h 6d]
Alameda22: folds 
MissStax: raises $0.50 to $0.75
arf919111: folds 
JHBrenes: folds 
Dablo82: raises $1.25 to $2
gado1: folds 
Albarab: folds 
soup87: folds 
flow124: folds 
MissStax: calls $1.25
*** FLOP *** [Qc 4c 3c]
MissStax: checks 
Dablo82: bets $2
MissStax: folds 
Uncalled bet ($2) returned to Dablo82
Dablo82 collected $4.15 from pot
Dablo82: doesn't show hand 
*** SUMMARY ***
Total pot $4.35 | Rake $0.20 
Board [Qc 4c 3c]
Seat 1: MissStax folded on the Flop
Seat 2: arf919111 folded before Flop (didn't bet)
Seat 3: JHBrenes folded before Flop (didn't bet)
Seat 4: Dablo82 collected ($4.15)
Seat 5: gado1 folded before Flop (didn't bet)
Seat 6: Albarab (button) folded before Flop (didn't bet)
Seat 7: soup87 (small blind) folded before Flop
Seat 8: flow124 (big blind) folded before Flop
Seat 9: Alameda22 folded before Flop (didn't bet)



PokerStars Game #19570216425:  Hold'em No Limit ($0.10/$0.25) - 2008/08/12 - 18:43:15 (ET)
Table 'Josefa' 9-max Seat #7 is the button
Seat 1: MissStax ($19.25 in chips) 
Seat 2: arf919111 ($2.45 in chips) 
Seat 3: JHBrenes ($24.75 in chips) 
Seat 4: Dablo82 ($48.95 in chips) 
Seat 5: gado1 ($9.40 in chips) 
Seat 6: Albarab ($24.30 in chips) 
Seat 7: soup87 ($22.40 in chips) 
Seat 8: flow124 ($44.15 in chips) 
Seat 9: Alameda22 ($25.20 in chips) 
flow124: posts small blind $0.10
Alameda22: posts big blind $0.25
*** HOLE CARDS ***
Dealt to Alameda22 [7h 5s]
MissStax: folds 
arf919111: folds 
JHBrenes: folds 
Dablo82: folds 
gado1: calls $0.25
Albarab: folds 
soup87: folds 
flow124: calls $0.15
Alameda22: checks 
*** FLOP *** [3d Kh 4c]
flow124: checks 
Alameda22: checks 
gado1: bets $0.75
flow124: calls $0.75
Alameda22: folds 
*** TURN *** [3d Kh 4c] [4s]
flow124: bets $1
gado1: calls $1
*** RIVER *** [3d Kh 4c 4s] [Jd]
flow124: bets $5
gado1: folds 
Uncalled bet ($5) returned to flow124
flow124 collected $4.05 from pot
flow124: doesn't show hand 
*** SUMMARY ***
Total pot $4.25 | Rake $0.20 
Board [3d Kh 4c 4s Jd]
Seat 1: MissStax folded before Flop (didn't bet)
Seat 2: arf919111 folded before Flop (didn't bet)
Seat 3: JHBrenes folded before Flop (didn't bet)
Seat 4: Dablo82 folded before Flop (didn't bet)
Seat 5: gado1 folded on the River
Seat 6: Albarab folded before Flop (didn't bet)
Seat 7: soup87 (button) folded before Flop (didn't bet)
Seat 8: flow124 (small blind) collected ($4.05)
Seat 9: Alameda22 (big blind) folded on the Flop



PokerStars Game #19570249360:  Hold'em No Limit ($0.10/$0.25) - 2008/08/12 - 18:44:39 (ET)
Table 'Josefa' 9-max Seat #8 is the button
Seat 1: MissStax ($19.25 in chips) 
Seat 2: arf919111 ($2.45 in chips) 
Seat 3: JHBrenes ($24.75 in chips) 
Seat 4: Dablo82 ($48.95 in chips) 
Seat 5: gado1 ($7.40 in chips) 
Seat 6: Albarab ($24.30 in chips) 
Seat 7: soup87 ($22.40 in chips) 
Seat 8: flow124 ($46.20 in chips) 
Seat 9: Alameda22 ($24.95 in chips) 
Alameda22: posts small blind $0.10
MissStax: posts big blind $0.25
*** HOLE CARDS ***
Dealt to Alameda22 [2s Qh]
arf919111: calls $0.25
JHBrenes: folds 
Dablo82: raises $1 to $1.25
gado1: folds 
Albarab: folds 
soup87: folds 
flow124: folds 
Alameda22: folds 
MissStax: folds 
arf919111: folds 
Uncalled bet ($1) returned to Dablo82
Dablo82 collected $0.85 from pot
Dablo82: doesn't show hand 
*** SUMMARY ***
Total pot $0.85 | Rake $0 
Seat 1: MissStax (big blind) folded before Flop
Seat 2: arf919111 folded before Flop
Seat 3: JHBrenes folded before Flop (didn't bet)
Seat 4: Dablo82 collected ($0.85)
Seat 5: gado1 folded before Flop (didn't bet)
Seat 6: Albarab folded before Flop (didn't bet)
Seat 7: soup87 folded before Flop (didn't bet)
Seat 8: flow124 (button) folded before Flop (didn't bet)
Seat 9: Alameda22 (small blind) folded before Flop



PokerStars Game #19570263434:  Hold'em No Limit ($0.10/$0.25) - 2008/08/12 - 18:45:15 (ET)
Table 'Josefa' 9-max Seat #9 is the button
Seat 1: MissStax ($19 in chips) 
Seat 2: arf919111 ($2.20 in chips) 
Seat 3: JHBrenes ($24.75 in chips) 
Seat 4: Dablo82 ($49.55 in chips) 
Seat 5: gado1 ($7.40 in chips) 
Seat 6: Albarab ($24.30 in chips) 
Seat 7: soup87 ($22.40 in chips) 
Seat 8: flow124 ($46.20 in chips) 
Seat 9: Alameda22 ($24.85 in chips) 
MissStax: posts small blind $0.10
arf919111: posts big blind $0.25
*** HOLE CARDS ***
Dealt to Alameda22 [2c 2h]
JHBrenes: folds 
Dablo82: folds 
gado1: folds 
Albarab: folds 
soup87: folds 
flow124: folds 
Alameda22: folds 
MissStax: calls $0.15
arf919111: checks 
*** FLOP *** [Tc 5s 6d]
MissStax: checks 
arf919111: bets $1
MissStax: folds 
Uncalled bet ($1) returned to arf919111
arf919111 collected $0.50 from pot
arf919111: doesn't show hand 
*** SUMMARY ***
Total pot $0.50 | Rake $0 
Board [Tc 5s 6d]
Seat 1: MissStax (small blind) folded on the Flop
Seat 2: arf919111 (big blind) collected ($0.50)
Seat 3: JHBrenes folded before Flop (didn't bet)
Seat 4: Dablo82 folded before Flop (didn't bet)
Seat 5: gado1 folded before Flop (didn't bet)
Seat 6: Albarab folded before Flop (didn't bet)
Seat 7: soup87 folded before Flop (didn't bet)
Seat 8: flow124 folded before Flop (didn't bet)
Seat 9: Alameda22 (button) folded before Flop (didn't bet)



PokerStars Game #19570283156:  Hold'em No Limit ($0.10/$0.25) - 2008/08/12 - 18:46:06 (ET)
Table 'Josefa' 9-max Seat #1 is the button
Seat 1: MissStax ($18.75 in chips) 
Seat 2: arf919111 ($2.45 in chips) 
Seat 3: JHBrenes ($24.75 in chips) 
Seat 4: Dablo82 ($49.55 in chips) 
Seat 5: gado1 ($7.40 in chips) 
Seat 6: Albarab ($24.30 in chips) 
Seat 7: soup87 ($22.40 in chips) 
Seat 8: flow124 ($46.20 in chips) 
Seat 9: Alameda22 ($24.85 in chips) 
arf919111: posts small blind $0.10
JHBrenes: posts big blind $0.25
*** HOLE CARDS ***
Dealt to Alameda22 [Jc 7c]
Dablo82: folds 
gado1: folds 
Albarab: folds 
soup87: folds 
flow124: folds 
Alameda22: folds 
MissStax: folds 
arf919111: raises $0.25 to $0.50
JHBrenes: calls $0.25
*** FLOP *** [4h 3h 8c]
arf919111: checks 
JHBrenes: checks 
*** TURN *** [4h 3h 8c] [Qd]
arf919111: bets $1.95 and is all-in
JHBrenes: folds 
Uncalled bet ($1.95) returned to arf919111
arf919111 collected $0.95 from pot
*** SUMMARY ***
Total pot $1 | Rake $0.05 
Board [4h 3h 8c Qd]
Seat 1: MissStax (button) folded before Flop (didn't bet)
Seat 2: arf919111 (small blind) collected ($0.95)
Seat 3: JHBrenes (big blind) folded on the Turn
Seat 4: Dablo82 folded before Flop (didn't bet)
Seat 5: gado1 folded before Flop (didn't bet)
Seat 6: Albarab folded before Flop (didn't bet)
Seat 7: soup87 folded before Flop (didn't bet)
Seat 8: flow124 folded before Flop (didn't bet)
Seat 9: Alameda22 folded before Flop (didn't bet)



PokerStars Game #19570313507:  Hold'em No Limit ($0.10/$0.25) - 2008/08/12 - 18:47:23 (ET)
Table 'Josefa' 9-max Seat #2 is the button
Seat 1: MissStax ($18.75 in chips) 
Seat 2: arf919111 ($10.90 in chips) 
Seat 3: JHBrenes ($24.25 in chips) 
Seat 4: Dablo82 ($49.55 in chips) 
Seat 5: gado1 ($7.40 in chips) 
Seat 6: Albarab ($24.30 in chips) 
Seat 7: soup87 ($22.40 in chips) 
Seat 8: flow124 ($46.20 in chips) 
Seat 9: Alameda22 ($24.85 in chips) 
JHBrenes: posts small blind $0.10
Dablo82: posts big blind $0.25
*** HOLE CARDS ***
Dealt to Alameda22 [9s 4h]
gado1: folds 
Albarab: folds 
soup87: folds 
flow124: folds 
Alameda22: folds 
MissStax: raises $0.25 to $0.50
arf919111: folds 
JHBrenes: raises $1.25 to $1.75
Dablo82: folds 
MissStax: calls $1.25
*** FLOP *** [Ad 2d 9h]
JHBrenes: checks 
MissStax: bets $1.25
JHBrenes: calls $1.25
*** TURN *** [Ad 2d 9h] [5h]
JHBrenes: checks 
MissStax: checks 
*** RIVER *** [Ad 2d 9h 5h] [Qs]
JHBrenes: bets $2.50
MissStax: folds 
Uncalled bet ($2.50) returned to JHBrenes
JHBrenes collected $5.95 from pot
*** SUMMARY ***
Total pot $6.25 | Rake $0.30 
Board [Ad 2d 9h 5h Qs]
Seat 1: MissStax folded on the River
Seat 2: arf919111 (button) folded before Flop (didn't bet)
Seat 3: JHBrenes (small blind) collected ($5.95)
Seat 4: Dablo82 (big blind) folded before Flop
Seat 5: gado1 folded before Flop (didn't bet)
Seat 6: Albarab folded before Flop (didn't bet)
Seat 7: soup87 folded before Flop (didn't bet)
Seat 8: flow124 folded before Flop (didn't bet)
Seat 9: Alameda22 folded before Flop (didn't bet)



PokerStars Game #19570361209:  Hold'em No Limit ($0.10/$0.25) - 2008/08/12 - 18:49:25 (ET)
Table 'Josefa' 9-max Seat #3 is the button
Seat 1: MissStax ($15.75 in chips) 
Seat 2: arf919111 ($10.90 in chips) 
Seat 3: JHBrenes ($27.20 in chips) 
Seat 4: Dablo82 ($49.30 in chips) 
Seat 5: gado1 ($7.40 in chips) 
Seat 6: Albarab ($24.30 in chips) 
Seat 7: soup87 ($22.40 in chips) 
Seat 8: flow124 ($46.20 in chips) 
Seat 9: Alameda22 ($24.85 in chips) 
Dablo82: posts small blind $0.10
gado1: posts big blind $0.25
*** HOLE CARDS ***
Dealt to Alameda22 [7c 8h]
Albarab: folds 
soup87: folds 
flow124: calls $0.25
Alameda22: folds 
MissStax: folds 
arf919111: folds 
JHBrenes: folds 
Dablo82: calls $0.15
gado1: checks 
*** FLOP *** [6c 5c Qs]
Dablo82: checks 
gado1: bets $1
flow124: folds 
Dablo82: calls $1
*** TURN *** [6c 5c Qs] [4s]
Dablo82: checks 
gado1: bets $1.50
Dablo82: raises $6.75 to $8.25
gado1: folds 
Uncalled bet ($6.75) returned to Dablo82
Dablo82 collected $5.50 from pot
Dablo82: doesn't show hand 
*** SUMMARY ***
Total pot $5.75 | Rake $0.25 
Board [6c 5c Qs 4s]
Seat 1: MissStax folded before Flop (didn't bet)
Seat 2: arf919111 folded before Flop (didn't bet)
Seat 3: JHBrenes (button) folded before Flop (didn't bet)
Seat 4: Dablo82 (small blind) collected ($5.50)
Seat 5: gado1 (big blind) folded on the Turn
Seat 6: Albarab folded before Flop (didn't bet)
Seat 7: soup87 folded before Flop (didn't bet)
Seat 8: flow124 folded on the Flop
Seat 9: Alameda22 folded before Flop (didn't bet)



PokerStars Game #19570389910:  Hold'em No Limit ($0.10/$0.25) - 2008/08/12 - 18:50:39 (ET)
Table 'Josefa' 9-max Seat #4 is the button
Seat 1: MissStax ($15.75 in chips) 
Seat 2: arf919111 ($10.90 in chips) 
Seat 3: JHBrenes ($27.20 in chips) 
Seat 4: Dablo82 ($52.05 in chips) 
Seat 5: gado1 ($4.65 in chips) 
Seat 6: Albarab ($24.30 in chips) 
Seat 7: soup87 ($22.40 in chips) 
Seat 8: flow124 ($45.95 in chips) 
Seat 9: Alameda22 ($24.85 in chips) 
gado1: posts small blind $0.10
Albarab: posts big blind $0.25
*** HOLE CARDS ***
Dealt to Alameda22 [2c Kd]
soup87: folds 
flow124: folds 
Alameda22: folds 
MissStax: folds 
arf919111: folds 
JHBrenes: calls $0.25
Dablo82: folds 
gado1: calls $0.15
Albarab: raises $1 to $1.25
JHBrenes: calls $1
gado1: folds 
*** FLOP *** [8d Ah Ac]
Albarab: bets $1.75
JHBrenes: folds 
Uncalled bet ($1.75) returned to Albarab
Albarab collected $2.65 from pot
Albarab: doesn't show hand 
*** SUMMARY ***
Total pot $2.75 | Rake $0.10 
Board [8d Ah Ac]
Seat 1: MissStax folded before Flop (didn't bet)
Seat 2: arf919111 folded before Flop (didn't bet)
Seat 3: JHBrenes folded on the Flop
Seat 4: Dablo82 (button) folded before Flop (didn't bet)
Seat 5: gado1 (small blind) folded before Flop
Seat 6: Albarab (big blind) collected ($2.65)
Seat 7: soup87 folded before Flop (didn't bet)
Seat 8: flow124 folded before Flop (didn't bet)
Seat 9: Alameda22 folded before Flop (didn't bet)



PokerStars Game #19570410019:  Hold'em No Limit ($0.10/$0.25) - 2008/08/12 - 18:51:31 (ET)
Table 'Josefa' 9-max Seat #5 is the button
Seat 1: MissStax ($15.75 in chips) 
Seat 2: arf919111 ($10.90 in chips) 
Seat 3: JHBrenes ($25.95 in chips) 
Seat 4: Dablo82 ($52.05 in chips) 
Seat 5: gado1 ($4.40 in chips) 
Seat 6: Albarab ($25.70 in chips) 
Seat 7: soup87 ($22.40 in chips) 
Seat 8: flow124 ($45.95 in chips) 
Seat 9: Alameda22 ($24.85 in chips) 
Albarab: posts small blind $0.10
soup87: posts big blind $0.25
*** HOLE CARDS ***
Dealt to Alameda22 [7s 8h]
flow124: folds 
Alameda22: folds 
MissStax: folds 
arf919111: folds 
JHBrenes: raises $0.50 to $0.75
Dablo82: folds 
gado1: folds 
Albarab: folds 
soup87: folds 
Uncalled bet ($0.50) returned to JHBrenes
JHBrenes collected $0.60 from pot
*** SUMMARY ***
Total pot $0.60 | Rake $0 
Seat 1: MissStax folded before Flop (didn't bet)
Seat 2: arf919111 folded before Flop (didn't bet)
Seat 3: JHBrenes collected ($0.60)
Seat 4: Dablo82 folded before Flop (didn't bet)
Seat 5: gado1 (button) folded before Flop (didn't bet)
Seat 6: Albarab (small blind) folded before Flop
Seat 7: soup87 (big blind) folded before Flop
Seat 8: flow124 folded before Flop (didn't bet)
Seat 9: Alameda22 folded before Flop (didn't bet)



PokerStars Game #19570422469:  Hold'em No Limit ($0.10/$0.25) - 2008/08/12 - 18:52:03 (ET)
Table 'Josefa' 9-max Seat #6 is the button
Seat 1: MissStax ($15.75 in chips) 
Seat 2: arf919111 ($10.90 in chips) 
Seat 3: JHBrenes ($26.30 in chips) 
Seat 4: Dablo82 ($52.05 in chips) 
Seat 5: gado1 ($4.40 in chips) 
Seat 6: Albarab ($25.60 in chips) 
Seat 7: soup87 ($22.15 in chips) 
Seat 8: flow124 ($45.95 in chips) 
Seat 9: Alameda22 ($24.85 in chips) 
soup87: posts small blind $0.10
flow124: posts big blind $0.25
*** HOLE CARDS ***
Dealt to Alameda22 [Ks 9s]
Alameda22: folds 
MissStax: calls $0.25
arf919111: folds 
JHBrenes: folds 
Dablo82: folds 
gado1: folds 
Albarab: folds 
soup87: folds 
flow124: checks 
*** FLOP *** [6s 7c 7s]
flow124: checks 
MissStax: checks 
*** TURN *** [6s 7c 7s] [Td]
flow124: bets $2.25
MissStax: folds 
Uncalled bet ($2.25) returned to flow124
flow124 collected $0.60 from pot
flow124: doesn't show hand 
*** SUMMARY ***
Total pot $0.60 | Rake $0 
Board [6s 7c 7s Td]
Seat 1: MissStax folded on the Turn
Seat 2: arf919111 folded before Flop (didn't bet)
Seat 3: JHBrenes folded before Flop (didn't bet)
Seat 4: Dablo82 folded before Flop (didn't bet)
Seat 5: gado1 folded before Flop (didn't bet)
Seat 6: Albarab (button) folded before Flop (didn't bet)
Seat 7: soup87 (small blind) folded before Flop
Seat 8: flow124 (big blind) collected ($0.60)
Seat 9: Alameda22 folded before Flop (didn't bet)



PokerStars Game #19570446184:  Hold'em No Limit ($0.10/$0.25) - 2008/08/12 - 18:53:04 (ET)
Table 'Josefa' 9-max Seat #7 is the button
Seat 1: MissStax ($15.50 in chips) 
Seat 2: arf919111 ($10.90 in chips) 
Seat 3: JHBrenes ($26.30 in chips) 
Seat 4: Dablo82 ($52.05 in chips) 
Seat 5: gado1 ($4.40 in chips) 
Seat 6: Albarab ($25.60 in chips) 
Seat 7: soup87 ($22.05 in chips) 
Seat 8: flow124 ($46.30 in chips) 
Seat 9: Alameda22 ($24.85 in chips) 
flow124: posts small blind $0.10
Alameda22: posts big blind $0.25
*** HOLE CARDS ***
Dealt to Alameda22 [Jc As]
MissStax: folds 
arf919111: calls $0.25
JHBrenes: calls $0.25
Dablo82: raises $1 to $1.25
gado1: folds 
Albarab: folds 
soup87: folds 
flow124: folds 
Alameda22: folds 
arf919111: folds 
JHBrenes: folds 
Uncalled bet ($1) returned to Dablo82
Dablo82 collected $1.10 from pot
Dablo82: doesn't show hand 
*** SUMMARY ***
Total pot $1.10 | Rake $0 
Seat 1: MissStax folded before Flop (didn't bet)
Seat 2: arf919111 folded before Flop
Seat 3: JHBrenes folded before Flop
Seat 4: Dablo82 collected ($1.10)
Seat 5: gado1 folded before Flop (didn't bet)
Seat 6: Albarab folded before Flop (didn't bet)
Seat 7: soup87 (button) folded before Flop (didn't bet)
Seat 8: flow124 (small blind) folded before Flop
Seat 9: Alameda22 (big blind) folded before Flop



PokerStars Game #19570465843:  Hold'em No Limit ($0.10/$0.25) - 2008/08/12 - 18:53:55 (ET)
Table 'Josefa' 9-max Seat #8 is the button
Seat 1: MissStax ($15.50 in chips) 
Seat 2: arf919111 ($10.65 in chips) 
Seat 3: JHBrenes ($26.05 in chips) 
Seat 4: Dablo82 ($52.90 in chips) 
Seat 5: gado1 ($4.40 in chips) 
Seat 6: Albarab ($25.60 in chips) 
Seat 7: soup87 ($22.05 in chips) 
Seat 8: flow124 ($46.20 in chips) 
Seat 9: Alameda22 ($24.60 in chips) 
Alameda22: posts small blind $0.10
MissStax: posts big blind $0.25
*** HOLE CARDS ***
Dealt to Alameda22 [3d 4h]
arf919111: folds 
JHBrenes: folds 
Dablo82: folds 
gado1: folds 
Albarab: folds 
soup87: folds 
flow124: folds 
Alameda22: folds 
Uncalled bet ($0.15) returned to MissStax
MissStax collected $0.20 from pot
MissStax: doesn't show hand 
*** SUMMARY ***
Total pot $0.20 | Rake $0 
Seat 1: MissStax (big blind) collected ($0.20)
Seat 2: arf919111 folded before Flop (didn't bet)
Seat 3: JHBrenes folded before Flop (didn't bet)
Seat 4: Dablo82 folded before Flop (didn't bet)
Seat 5: gado1 folded before Flop (didn't bet)
Seat 6: Albarab folded before Flop (didn't bet)
Seat 7: soup87 folded before Flop (didn't bet)
Seat 8: flow124 (button) folded before Flop (didn't bet)
Seat 9: Alameda22 (small blind) folded before Flop



PokerStars Game #19570476844:  Hold'em No Limit ($0.10/$0.25) - 2008/08/12 - 18:54:23 (ET)
Table 'Josefa' 9-max Seat #9 is the button
Seat 1: MissStax ($15.60 in chips) 
Seat 2: arf919111 ($10.65 in chips) 
Seat 3: JHBrenes ($26.05 in chips) 
Seat 4: Dablo82 ($52.90 in chips) 
Seat 5: gado1 ($4.40 in chips) 
Seat 6: Albarab ($25.60 in chips) 
Seat 7: soup87 ($22.05 in chips) 
Seat 8: flow124 ($46.20 in chips) 
Seat 9: Alameda22 ($24.50 in chips) 
MissStax: posts small blind $0.10
arf919111: posts big blind $0.25
*** HOLE CARDS ***
Dealt to Alameda22 [Kh 2c]
JHBrenes: folds 
Dablo82: calls $0.25
gado1: folds 
Albarab: folds 
soup87: folds 
flow124: folds 
Alameda22: folds 
MissStax: folds 
arf919111: checks 
*** FLOP *** [5s 8s 7d]
arf919111: checks 
Dablo82: checks 
*** TURN *** [5s 8s 7d] [Ah]
arf919111: checks 
Dablo82: bets $0.75
arf919111: folds 
Uncalled bet ($0.75) returned to Dablo82
Dablo82 collected $0.60 from pot
Dablo82: doesn't show hand 
*** SUMMARY ***
Total pot $0.60 | Rake $0 
Board [5s 8s 7d Ah]
Seat 1: MissStax (small blind) folded before Flop
Seat 2: arf919111 (big blind) folded on the Turn
Seat 3: JHBrenes folded before Flop (didn't bet)
Seat 4: Dablo82 collected ($0.60)
Seat 5: gado1 folded before Flop (didn't bet)
Seat 6: Albarab folded before Flop (didn't bet)
Seat 7: soup87 folded before Flop (didn't bet)
Seat 8: flow124 folded before Flop (didn't bet)
Seat 9: Alameda22 (button) folded before Flop (didn't bet)



PokerStars Game #19570500067:  Hold'em No Limit ($0.10/$0.25) - 2008/08/12 - 18:55:24 (ET)
Table 'Josefa' 9-max Seat #1 is the button
Seat 1: MissStax ($15.50 in chips) 
Seat 2: arf919111 ($10.40 in chips) 
Seat 3: JHBrenes ($26.05 in chips) 
Seat 4: Dablo82 ($53.25 in chips) 
Seat 5: gado1 ($4.40 in chips) 
Seat 6: Albarab ($25.60 in chips) 
Seat 7: soup87 ($22.05 in chips) 
Seat 8: flow124 ($46.20 in chips) 
Seat 9: Alameda22 ($24.50 in chips) 
arf919111: posts small blind $0.10
JHBrenes: posts big blind $0.25
*** HOLE CARDS ***
Dealt to Alameda22 [6c 9d]
Dablo82: calls $0.25
gado1: folds 
Albarab: folds 
soup87: folds 
flow124: calls $0.25
Alameda22: folds 
MissStax: folds 
arf919111: raises $1 to $1.25
JHBrenes: folds 
Dablo82: calls $1
flow124: folds 
*** FLOP *** [8s 2s 7h]
arf919111: bets $1.75
Dablo82: folds 
Uncalled bet ($1.75) returned to arf919111
arf919111 collected $2.85 from pot
*** SUMMARY ***
Total pot $3 | Rake $0.15 
Board [8s 2s 7h]
Seat 1: MissStax (button) folded before Flop (didn't bet)
Seat 2: arf919111 (small blind) collected ($2.85)
Seat 3: JHBrenes (big blind) folded before Flop
Seat 4: Dablo82 folded on the Flop
Seat 5: gado1 folded before Flop (didn't bet)
Seat 6: Albarab folded before Flop (didn't bet)
Seat 7: soup87 folded before Flop (didn't bet)
Seat 8: flow124 folded before Flop
Seat 9: Alameda22 folded before Flop (didn't bet)



PokerStars Game #19570519568:  Hold'em No Limit ($0.10/$0.25) - 2008/08/12 - 18:56:14 (ET)
Table 'Josefa' 9-max Seat #2 is the button
Seat 1: MissStax ($15.50 in chips) 
Seat 2: arf919111 ($12 in chips) 
Seat 3: JHBrenes ($25.80 in chips) 
Seat 4: Dablo82 ($52 in chips) 
Seat 5: gado1 ($4.40 in chips) 
Seat 6: Albarab ($25.60 in chips) 
Seat 7: soup87 ($22.05 in chips) 
Seat 8: flow124 ($45.95 in chips) 
Seat 9: Alameda22 ($24.50 in chips) 
JHBrenes: posts small blind $0.10
Dablo82: posts big blind $0.25
*** HOLE CARDS ***
Dealt to Alameda22 [9h Qs]
gado1: folds 
Albarab: folds 
soup87: folds 
flow124: folds 
Alameda22: folds 
MissStax: folds 
arf919111: folds 
JHBrenes: calls $0.15
Dablo82: checks 
*** FLOP *** [5h 6c 3h]
JHBrenes: checks 
Dablo82: checks 
*** TURN *** [5h 6c 3h] [5d]
JHBrenes: bets $0.50
Dablo82: raises $1.25 to $1.75
JHBrenes: calls $1.25
*** RIVER *** [5h 6c 3h 5d] [Ad]
JHBrenes: checks 
Dablo82: bets $5
JHBrenes: calls $5
*** SHOW DOWN ***
Dablo82: shows [4h 7h] (a straight, Three to Seven)
JHBrenes: mucks hand 
Dablo82 collected $13.35 from pot
*** SUMMARY ***
Total pot $14 | Rake $0.65 
Board [5h 6c 3h 5d Ad]
Seat 1: MissStax folded before Flop (didn't bet)
Seat 2: arf919111 (button) folded before Flop (didn't bet)
Seat 3: JHBrenes (small blind) mucked [8d 8h]
Seat 4: Dablo82 (big blind) showed [4h 7h] and won ($13.35) with a straight, Three to Seven
Seat 5: gado1 folded before Flop (didn't bet)
Seat 6: Albarab folded before Flop (didn't bet)
Seat 7: soup87 folded before Flop (didn't bet)
Seat 8: flow124 folded before Flop (didn't bet)
Seat 9: Alameda22 folded before Flop (didn't bet)



PokerStars Game #19570554143:  Hold'em No Limit ($0.10/$0.25) - 2008/08/12 - 18:57:44 (ET)
Table 'Josefa' 9-max Seat #3 is the button
Seat 1: MissStax ($15.50 in chips) 
Seat 2: arf919111 ($12 in chips) 
Seat 3: JHBrenes ($18.80 in chips) 
Seat 4: Dablo82 ($58.35 in chips) 
Seat 5: gado1 ($4.40 in chips) 
Seat 6: Albarab ($25.60 in chips) 
Seat 7: soup87 ($22.05 in chips) 
Seat 8: flow124 ($45.95 in chips) 
Seat 9: Alameda22 ($24.50 in chips) 
Dablo82: posts small blind $0.10
gado1: posts big blind $0.25
*** HOLE CARDS ***
Dealt to Alameda22 [Ad Td]
Albarab: folds 
soup87: folds 
flow124: folds 
JHBrenes said, "lol nh"
Alameda22: folds 
MissStax: folds 
arf919111: folds 
JHBrenes: folds 
Dablo82: folds 
Uncalled bet ($0.15) returned to gado1
gado1 collected $0.20 from pot
gado1: doesn't show hand 
*** SUMMARY ***
Total pot $0.20 | Rake $0 
Seat 1: MissStax folded before Flop (didn't bet)
Seat 2: arf919111 folded before Flop (didn't bet)
Seat 3: JHBrenes (button) folded before Flop (didn't bet)
Seat 4: Dablo82 (small blind) folded before Flop
Seat 5: gado1 (big blind) collected ($0.20)
Seat 6: Albarab folded before Flop (didn't bet)
Seat 7: soup87 folded before Flop (didn't bet)
Seat 8: flow124 folded before Flop (didn't bet)
Seat 9: Alameda22 folded before Flop (didn't bet)



PokerStars Game #19570563934:  Hold'em No Limit ($0.10/$0.25) - 2008/08/12 - 18:58:10 (ET)
Table 'Josefa' 9-max Seat #4 is the button
Seat 1: MissStax ($15.50 in chips) 
Seat 2: arf919111 ($12 in chips) 
Seat 3: JHBrenes ($18.80 in chips) 
Seat 4: Dablo82 ($58.25 in chips) 
Seat 5: gado1 ($4.50 in chips) 
Seat 6: Albarab ($25.60 in chips) 
Seat 7: soup87 ($22.05 in chips) 
Seat 8: flow124 ($45.95 in chips) 
Seat 9: Alameda22 ($24.50 in chips) 
gado1: posts small blind $0.10
Albarab: posts big blind $0.25
*** HOLE CARDS ***
Dealt to Alameda22 [9d 9s]
soup87: folds 
flow124: folds 
Alameda22: folds 
MissStax: folds 
arf919111: folds 
JHBrenes: raises $0.50 to $0.75
Dablo82: folds 
gado1: folds 
Albarab: folds 
Uncalled bet ($0.50) returned to JHBrenes
JHBrenes collected $0.60 from pot
*** SUMMARY ***
Total pot $0.60 | Rake $0 
Seat 1: MissStax folded before Flop (didn't bet)
Seat 2: arf919111 folded before Flop (didn't bet)
Seat 3: JHBrenes collected ($0.60)
Seat 4: Dablo82 (button) folded before Flop (didn't bet)
Seat 5: gado1 (small blind) folded before Flop
Seat 6: Albarab (big blind) folded before Flop
Seat 7: soup87 folded before Flop (didn't bet)
Seat 8: flow124 folded before Flop (didn't bet)
Seat 9: Alameda22 folded before Flop (didn't bet)



PokerStars Game #19570576777:  Hold'em No Limit ($0.10/$0.25) - 2008/08/12 - 18:58:44 (ET)
Table 'Josefa' 9-max Seat #5 is the button
Seat 1: MissStax ($15.50 in chips) 
Seat 2: arf919111 ($12 in chips) 
Seat 3: JHBrenes ($19.15 in chips) 
Seat 4: Dablo82 ($58.25 in chips) 
Seat 5: gado1 ($4.40 in chips) 
Seat 6: Albarab ($25.35 in chips) 
Seat 7: soup87 ($22.05 in chips) 
Seat 8: flow124 ($45.95 in chips) 
Seat 9: Alameda22 ($24.50 in chips) 
Albarab: posts small blind $0.10
soup87: posts big blind $0.25
*** HOLE CARDS ***
Dealt to Alameda22 [As Jd]
flow124: folds 
Alameda22: folds 
MissStax: calls $0.25
arf919111: calls $0.25
JHBrenes: folds 
Dablo82: folds 
gado1: folds 
Albarab: folds 
soup87: checks 
*** FLOP *** [8h 6h 5d]
soup87: bets $0.75
MissStax: raises $3.25 to $4
arf919111: folds 
soup87: raises $17.80 to $21.80 and is all-in
MissStax: calls $11.25 and is all-in
Uncalled bet ($6.55) returned to soup87
*** TURN *** [8h 6h 5d] [2s]
*** RIVER *** [8h 6h 5d 2s] [6c]
*** SHOW DOWN ***
soup87: shows [Jh 2h] (two pair, Sixes and Deuces)
MissStax: shows [8c 8d] (a full house, Eights full of Sixes)
MissStax collected $29.80 from pot
*** SUMMARY ***
Total pot $31.35 | Rake $1.55 
Board [8h 6h 5d 2s 6c]
Seat 1: MissStax showed [8c 8d] and won ($29.80) with a full house, Eights full of Sixes
Seat 2: arf919111 folded on the Flop
Seat 3: JHBrenes folded before Flop (didn't bet)
Seat 4: Dablo82 folded before Flop (didn't bet)
Seat 5: gado1 (button) folded before Flop (didn't bet)
Seat 6: Albarab (small blind) folded before Flop
Seat 7: soup87 (big blind) showed [Jh 2h] and lost with two pair, Sixes and Deuces
Seat 8: flow124 folded before Flop (didn't bet)
Seat 9: Alameda22 folded before Flop (didn't bet)



PokerStars Game #19570601594:  Hold'em No Limit ($0.10/$0.25) - 2008/08/12 - 18:59:49 (ET)
Table 'Josefa' 9-max Seat #6 is the button
Seat 1: MissStax ($29.80 in chips) 
Seat 2: arf919111 ($11.75 in chips) 
Seat 3: JHBrenes ($19.15 in chips) 
Seat 4: Dablo82 ($58.25 in chips) 
Seat 5: gado1 ($4.40 in chips) 
Seat 6: Albarab ($25.25 in chips) 
Seat 7: soup87 ($6.55 in chips) 
Seat 8: flow124 ($45.95 in chips) 
Seat 9: Alameda22 ($24.50 in chips) 
soup87: posts small blind $0.10
flow124: posts big blind $0.25
*** HOLE CARDS ***
Dealt to Alameda22 [Ts Ad]
Alameda22: folds 
MissStax: folds 
arf919111: calls $0.25
JHBrenes: folds 
Dablo82: calls $0.25
gado1: folds 
Albarab: calls $0.25
soup87: folds 
flow124: checks 
*** FLOP *** [7c Th 9s]
flow124: checks 
arf919111: checks 
Dablo82: checks 
Albarab: checks 
*** TURN *** [7c Th 9s] [9h]
flow124: checks 
arf919111: checks 
Dablo82: bets $1
Albarab: folds 
flow124: calls $1
arf919111: folds 
*** RIVER *** [7c Th 9s 9h] [Qc]
flow124: checks 
Dablo82: checks 
*** SHOW DOWN ***
flow124: shows [6h 6d] (two pair, Nines and Sixes)
Dablo82: shows [Jh Qh] (two pair, Queens and Nines)
Dablo82 collected $2.95 from pot
*** SUMMARY ***
Total pot $3.10 | Rake $0.15 
Board [7c Th 9s 9h Qc]
Seat 1: MissStax folded before Flop (didn't bet)
Seat 2: arf919111 folded on the Turn
Seat 3: JHBrenes folded before Flop (didn't bet)
Seat 4: Dablo82 showed [Jh Qh] and won ($2.95) with two pair, Queens and Nines
Seat 5: gado1 folded before Flop (didn't bet)
Seat 6: Albarab (button) folded on the Turn
Seat 7: soup87 (small blind) folded before Flop
Seat 8: flow124 (big blind) showed [6h 6d] and lost with two pair, Nines and Sixes
Seat 9: Alameda22 folded before Flop (didn't bet)



PokerStars Game #19570632021:  Hold'em No Limit ($0.10/$0.25) - 2008/08/12 - 19:01:08 (ET)
Table 'Josefa' 9-max Seat #7 is the button
Seat 1: MissStax ($29.80 in chips) 
Seat 2: arf919111 ($11.50 in chips) 
Seat 3: JHBrenes ($19.15 in chips) 
Seat 4: Dablo82 ($59.95 in chips) 
Seat 5: gado1 ($4.40 in chips) 
Seat 6: Albarab ($25 in chips) 
Seat 7: soup87 ($6.45 in chips) 
Seat 8: flow124 ($44.70 in chips) 
Seat 9: Alameda22 ($24.50 in chips) 
flow124: posts small blind $0.10
Alameda22: posts big blind $0.25
*** HOLE CARDS ***
Dealt to Alameda22 [5d As]
MissStax: folds 
arf919111: folds 
JHBrenes: folds 
Dablo82: folds 
gado1: raises $0.50 to $0.75
Albarab: folds 
soup87: folds 
flow124: calls $0.65
Alameda22: folds 
*** FLOP *** [Jh Td 8s]
flow124: checks 
gado1: bets $0.75
flow124: calls $0.75
*** TURN *** [Jh Td 8s] [Qs]
flow124: checks 
gado1: checks 
*** RIVER *** [Jh Td 8s Qs] [6h]
flow124: bets $2.50
gado1: raises $0.40 to $2.90 and is all-in
flow124: calls $0.40
*** SHOW DOWN ***
gado1: shows [6c 6s] (three of a kind, Sixes)
flow124: mucks hand 
gado1 collected $8.65 from pot
*** SUMMARY ***
Total pot $9.05 | Rake $0.40 
Board [Jh Td 8s Qs 6h]
Seat 1: MissStax folded before Flop (didn't bet)
Seat 2: arf919111 folded before Flop (didn't bet)
Seat 3: JHBrenes folded before Flop (didn't bet)
Seat 4: Dablo82 folded before Flop (didn't bet)
Seat 5: gado1 showed [6c 6s] and won ($8.65) with three of a kind, Sixes
Seat 6: Albarab folded before Flop (didn't bet)
Seat 7: soup87 (button) folded before Flop (didn't bet)
Seat 8: flow124 (small blind) mucked [Kd Qh]
Seat 9: Alameda22 (big blind) folded before Flop



PokerStars Game #19570654245:  Hold'em No Limit ($0.10/$0.25) - 2008/08/12 - 19:02:04 (ET)
Table 'Josefa' 9-max Seat #8 is the button
Seat 1: MissStax ($29.80 in chips) 
Seat 2: arf919111 ($11.50 in chips) 
Seat 3: JHBrenes ($19.15 in chips) 
Seat 4: Dablo82 ($59.95 in chips) 
Seat 5: gado1 ($8.65 in chips) 
Seat 6: Albarab ($25 in chips) 
Seat 7: soup87 ($6.45 in chips) 
Seat 8: flow124 ($40.30 in chips) 
Seat 9: Alameda22 ($24.25 in chips) 
Alameda22: posts small blind $0.10
MissStax: posts big blind $0.25
*** HOLE CARDS ***
Dealt to Alameda22 [Ah 3d]
arf919111: folds 
JHBrenes: folds 
Dablo82: folds 
gado1: folds 
Albarab: folds 
soup87: folds 
flow124: calls $0.25
Alameda22: folds 
MissStax: checks 
*** FLOP *** [7d 9d 2c]
MissStax: checks 
flow124: bets $1
MissStax: folds 
Uncalled bet ($1) returned to flow124
flow124 collected $0.60 from pot
flow124: doesn't show hand 
*** SUMMARY ***
Total pot $0.60 | Rake $0 
Board [7d 9d 2c]
Seat 1: MissStax (big blind) folded on the Flop
Seat 2: arf919111 folded before Flop (didn't bet)
Seat 3: JHBrenes folded before Flop (didn't bet)
Seat 4: Dablo82 folded before Flop (didn't bet)
Seat 5: gado1 folded before Flop (didn't bet)
Seat 6: Albarab folded before Flop (didn't bet)
Seat 7: soup87 folded before Flop (didn't bet)
Seat 8: flow124 (button) collected ($0.60)
Seat 9: Alameda22 (small blind) folded before Flop



PokerStars Game #19570673385:  Hold'em No Limit ($0.10/$0.25) - 2008/08/12 - 19:02:54 (ET)
Table 'Josefa' 9-max Seat #9 is the button
Seat 1: MissStax ($29.55 in chips) 
Seat 2: arf919111 ($11.50 in chips) 
Seat 3: JHBrenes ($19.15 in chips) 
Seat 4: Dablo82 ($59.95 in chips) 
Seat 5: gado1 ($8.65 in chips) 
Seat 6: Albarab ($25 in chips) 
Seat 7: soup87 ($6.45 in chips) 
Seat 8: flow124 ($40.65 in chips) 
Seat 9: Alameda22 ($24.15 in chips) 
MissStax: posts small blind $0.10
arf919111: posts big blind $0.25
*** HOLE CARDS ***
Dealt to Alameda22 [3h 7s]
JHBrenes: folds 
Dablo82: calls $0.25
gado1: raises $0.75 to $1
Albarab: folds 
soup87: folds 
flow124: folds 
Alameda22: folds 
MissStax: folds 
arf919111: raises $1.50 to $2.50
Dablo82: folds 
gado1: folds 
Uncalled bet ($1.50) returned to arf919111
arf919111 collected $2.35 from pot
arf919111: doesn't show hand 
*** SUMMARY ***
Total pot $2.35 | Rake $0 
Seat 1: MissStax (small blind) folded before Flop
Seat 2: arf919111 (big blind) collected ($2.35)
Seat 3: JHBrenes folded before Flop (didn't bet)
Seat 4: Dablo82 folded before Flop
Seat 5: gado1 folded before Flop
Seat 6: Albarab folded before Flop (didn't bet)
Seat 7: soup87 folded before Flop (didn't bet)
Seat 8: flow124 folded before Flop (didn't bet)
Seat 9: Alameda22 (button) folded before Flop (didn't bet)



PokerStars Game #19570695369:  Hold'em No Limit ($0.10/$0.25) - 2008/08/12 - 19:03:50 (ET)
Table 'Josefa' 9-max Seat #1 is the button
Seat 1: MissStax ($29.45 in chips) 
Seat 2: arf919111 ($12.85 in chips) 
Seat 3: JHBrenes ($19.15 in chips) 
Seat 4: Dablo82 ($59.70 in chips) 
Seat 5: gado1 ($7.65 in chips) 
Seat 6: Albarab ($25 in chips) 
Seat 7: soup87 ($6.45 in chips) 
Seat 8: flow124 ($40.65 in chips) 
Seat 9: Alameda22 ($24.15 in chips) 
arf919111: posts small blind $0.10
JHBrenes: posts big blind $0.25
*** HOLE CARDS ***
Dealt to Alameda22 [3s 2s]
Dablo82: folds 
gado1: raises $0.25 to $0.50
Albarab: folds 
soup87: folds 
flow124: folds 
Alameda22: folds 
MissStax: folds 
MissStax leaves the table
arf919111: folds 
JHBrenes: folds 
Uncalled bet ($0.25) returned to gado1
gado1 collected $0.60 from pot
gado1: doesn't show hand 
*** SUMMARY ***
Total pot $0.60 | Rake $0 
Seat 1: MissStax (button) folded before Flop (didn't bet)
Seat 2: arf919111 (small blind) folded before Flop
Seat 3: JHBrenes (big blind) folded before Flop
Seat 4: Dablo82 folded before Flop (didn't bet)
Seat 5: gado1 collected ($0.60)
Seat 6: Albarab folded before Flop (didn't bet)
Seat 7: soup87 folded before Flop (didn't bet)
Seat 8: flow124 folded before Flop (didn't bet)
Seat 9: Alameda22 folded before Flop (didn't bet)



PokerStars Game #19570715061:  Hold'em No Limit ($0.10/$0.25) - 2008/08/12 - 19:04:41 (ET)
Table 'Josefa' 9-max Seat #2 is the button
Seat 2: arf919111 ($12.75 in chips) 
Seat 3: JHBrenes ($18.90 in chips) 
Seat 4: Dablo82 ($59.70 in chips) 
Seat 5: gado1 ($8 in chips) 
Seat 6: Albarab ($25 in chips) 
Seat 7: soup87 ($6.45 in chips) 
Seat 8: flow124 ($40.65 in chips) 
Seat 9: Alameda22 ($24.15 in chips) 
JHBrenes: posts small blind $0.10
Dablo82: posts big blind $0.25
*** HOLE CARDS ***
Dealt to Alameda22 [2h 6d]
gado1: folds 
Albarab: folds 
soup87: folds 
flow124: folds 
Alameda22: folds 
arf919111: folds 
JHBrenes: calls $0.15
Dablo82: checks 
*** FLOP *** [Ts Tc Jh]
JHBrenes: bets $0.50
Dablo82: folds 
Uncalled bet ($0.50) returned to JHBrenes
JHBrenes collected $0.50 from pot
*** SUMMARY ***
Total pot $0.50 | Rake $0 
Board [Ts Tc Jh]
Seat 2: arf919111 (button) folded before Flop (didn't bet)
Seat 3: JHBrenes (small blind) collected ($0.50)
Seat 4: Dablo82 (big blind) folded on the Flop
Seat 5: gado1 folded before Flop (didn't bet)
Seat 6: Albarab folded before Flop (didn't bet)
Seat 7: soup87 folded before Flop (didn't bet)
Seat 8: flow124 folded before Flop (didn't bet)
Seat 9: Alameda22 folded before Flop (didn't bet)



PokerStars Game #19570735056:  Hold'em No Limit ($0.10/$0.25) - 2008/08/12 - 19:05:32 (ET)
Table 'Josefa' 9-max Seat #3 is the button
Seat 2: arf919111 ($12.75 in chips) 
Seat 3: JHBrenes ($19.15 in chips) 
Seat 4: Dablo82 ($59.45 in chips) 
Seat 5: gado1 ($8 in chips) 
Seat 6: Albarab ($25 in chips) 
Seat 7: soup87 ($6.45 in chips) 
Seat 8: flow124 ($40.65 in chips) 
Seat 9: Alameda22 ($24.15 in chips) 
Dablo82: posts small blind $0.10
gado1: posts big blind $0.25
*** HOLE CARDS ***
Dealt to Alameda22 [Qs 5c]
Albarab: folds 
soup87: folds 
flow124: raises $0.50 to $0.75
Alameda22: folds 
arf919111: folds 
JHBrenes: folds 
Dablo82: folds 
gado1: raises $2.25 to $3
flow124: folds 
Uncalled bet ($2.25) returned to gado1
gado1 collected $1.60 from pot
gado1: doesn't show hand 
*** SUMMARY ***
Total pot $1.60 | Rake $0 
Seat 2: arf919111 folded before Flop (didn't bet)
Seat 3: JHBrenes (button) folded before Flop (didn't bet)
Seat 4: Dablo82 (small blind) folded before Flop
Seat 5: gado1 (big blind) collected ($1.60)
Seat 6: Albarab folded before Flop (didn't bet)
Seat 7: soup87 folded before Flop (didn't bet)
Seat 8: flow124 folded before Flop
Seat 9: Alameda22 folded before Flop (didn't bet)



PokerStars Game #19570752810:  Hold'em No Limit ($0.10/$0.25) - 2008/08/12 - 19:06:18 (ET)
Table 'Josefa' 9-max Seat #4 is the button
Seat 2: arf919111 ($12.75 in chips) 
Seat 3: JHBrenes ($19.15 in chips) 
Seat 4: Dablo82 ($59.35 in chips) 
Seat 5: gado1 ($8.85 in chips) 
Seat 6: Albarab ($25 in chips) 
Seat 7: soup87 ($6.45 in chips) 
Seat 8: flow124 ($39.90 in chips) 
Seat 9: Alameda22 ($24.15 in chips) 
gado1: posts small blind $0.10
Albarab: posts big blind $0.25
*** HOLE CARDS ***
Dealt to Alameda22 [4c 9s]
soup87: folds 
flow124: folds 
Alameda22: folds 
arf919111: folds 
JHBrenes: raises $0.50 to $0.75
Dablo82: folds 
gado1: folds 
Albarab: folds 
Uncalled bet ($0.50) returned to JHBrenes
JHBrenes collected $0.60 from pot
*** SUMMARY ***
Total pot $0.60 | Rake $0 
Seat 2: arf919111 folded before Flop (didn't bet)
Seat 3: JHBrenes collected ($0.60)
Seat 4: Dablo82 (button) folded before Flop (didn't bet)
Seat 5: gado1 (small blind) folded before Flop
Seat 6: Albarab (big blind) folded before Flop
Seat 7: soup87 folded before Flop (didn't bet)
Seat 8: flow124 folded before Flop (didn't bet)
Seat 9: Alameda22 folded before Flop (didn't bet)



PokerStars Game #19570763546:  Hold'em No Limit ($0.10/$0.25) - 2008/08/12 - 19:06:45 (ET)
Table 'Josefa' 9-max Seat #5 is the button
Seat 2: arf919111 ($12.75 in chips) 
Seat 3: JHBrenes ($19.50 in chips) 
Seat 4: Dablo82 ($59.35 in chips) 
Seat 5: gado1 ($8.75 in chips) 
Seat 6: Albarab ($24.75 in chips) 
Seat 7: soup87 ($6.45 in chips) 
Seat 8: flow124 ($39.90 in chips) 
Seat 9: Alameda22 ($24.15 in chips) 
Albarab: posts small blind $0.10
soup87: posts big blind $0.25
*** HOLE CARDS ***
Dealt to Alameda22 [3s 2d]
flow124: folds 
flow124 leaves the table
Alameda22: folds 
arf919111: folds 
JHBrenes: calls $0.25
Dablo82: folds 
gado1: calls $0.25
Albarab: calls $0.15
soup87: checks 
*** FLOP *** [7c 9s 5d]
Albarab: checks 
soup87: bets $0.75
JHBrenes: calls $0.75
gado1: folds 
Albarab: folds 
*** TURN *** [7c 9s 5d] [Qh]
soup87: bets $2
JHBrenes: folds 
Uncalled bet ($2) returned to soup87
soup87 collected $2.40 from pot
soup87: doesn't show hand 
*** SUMMARY ***
Total pot $2.50 | Rake $0.10 
Board [7c 9s 5d Qh]
Seat 2: arf919111 folded before Flop (didn't bet)
Seat 3: JHBrenes folded on the Turn
Seat 4: Dablo82 folded before Flop (didn't bet)
Seat 5: gado1 (button) folded on the Flop
Seat 6: Albarab (small blind) folded on the Flop
Seat 7: soup87 (big blind) collected ($2.40)
Seat 8: flow124 folded before Flop (didn't bet)
Seat 9: Alameda22 folded before Flop (didn't bet)



PokerStars Game #19570799672:  Hold'em No Limit ($0.10/$0.25) - 2008/08/12 - 19:08:18 (ET)
Table 'Josefa' 9-max Seat #6 is the button
Seat 2: arf919111 ($12.75 in chips) 
Seat 3: JHBrenes ($18.50 in chips) 
Seat 4: Dablo82 ($59.35 in chips) 
Seat 5: gado1 ($8.50 in chips) 
Seat 6: Albarab ($24.50 in chips) 
Seat 7: soup87 ($7.85 in chips) 
Seat 9: Alameda22 ($24.15 in chips) 
soup87: posts small blind $0.10
Alameda22: posts big blind $0.25
*** HOLE CARDS ***
Dealt to Alameda22 [3h 3c]
arf919111: calls $0.25
JHBrenes: folds 
Dablo82: folds 
gado1: folds 
Albarab: folds 
soup87: raises $1.25 to $1.50
Alameda22: folds 
arf919111: folds 
Uncalled bet ($1.25) returned to soup87
soup87 collected $0.75 from pot
soup87: doesn't show hand 
*** SUMMARY ***
Total pot $0.75 | Rake $0 
Seat 2: arf919111 folded before Flop
Seat 3: JHBrenes folded before Flop (didn't bet)
Seat 4: Dablo82 folded before Flop (didn't bet)
Seat 5: gado1 folded before Flop (didn't bet)
Seat 6: Albarab (button) folded before Flop (didn't bet)
Seat 7: soup87 (small blind) collected ($0.75)
Seat 9: Alameda22 (big blind) folded before Flop



PokerStars Game #19570810614:  Hold'em No Limit ($0.10/$0.25) - 2008/08/12 - 19:08:46 (ET)
Table 'Josefa' 9-max Seat #7 is the button
Seat 2: arf919111 ($12.50 in chips) 
Seat 3: JHBrenes ($18.50 in chips) 
Seat 4: Dablo82 ($59.35 in chips) 
Seat 5: gado1 ($8.50 in chips) 
Seat 6: Albarab ($24.50 in chips) 
Seat 7: soup87 ($8.35 in chips) 
Seat 9: Alameda22 ($23.90 in chips) 
Alameda22: posts small blind $0.10
arf919111: posts big blind $0.25
*** HOLE CARDS ***
Dealt to Alameda22 [7c 8c]
JHBrenes: folds 
Dablo82: calls $0.25
gado1: folds 
Albarab: folds 
unoimfishin! joins the table at seat #8 
soup87: folds 
soup87 is sitting out
Alameda22: calls $0.15
arf919111: checks 
*** FLOP *** [4d Kd As]
soup87 leaves the table
Alameda22: checks 
arf919111: checks 
Dablo82: bets $0.50
Alameda22: folds 
arf919111: folds 
Uncalled bet ($0.50) returned to Dablo82
Dablo82 collected $0.75 from pot
Dablo82: doesn't show hand 
*** SUMMARY ***
Total pot $0.75 | Rake $0 
Board [4d Kd As]
Seat 2: arf919111 (big blind) folded on the Flop
Seat 3: JHBrenes folded before Flop (didn't bet)
Seat 4: Dablo82 collected ($0.75)
Seat 5: gado1 folded before Flop (didn't bet)
Seat 6: Albarab folded before Flop (didn't bet)
Seat 7: soup87 (button) folded before Flop (didn't bet)
Seat 9: Alameda22 (small blind) folded on the Flop



PokerStars Game #19570829820:  Hold'em No Limit ($0.10/$0.25) - 2008/08/12 - 19:09:36 (ET)
Table 'Josefa' 9-max Seat #9 is the button
Seat 2: arf919111 ($12.25 in chips) 
Seat 3: JHBrenes ($18.50 in chips) 
Seat 4: Dablo82 ($59.85 in chips) 
Seat 5: gado1 ($8.50 in chips) 
Seat 6: Albarab ($24.50 in chips) 
Seat 8: unoimfishin! ($10 in chips) 
Seat 9: Alameda22 ($23.65 in chips) 
arf919111: posts small blind $0.10
JHBrenes: posts big blind $0.25
unoimfishin!: posts big blind $0.25
*** HOLE CARDS ***
Dealt to Alameda22 [6c 2c]
Dablo82: folds 
gado1: folds 
Albarab: folds 
unoimfishin!: checks 
Alameda22: folds 
arf919111: calls $0.15
JHBrenes: checks 
*** FLOP *** [2d Kh 9c]
arf919111: checks 
JHBrenes: checks 
unoimfishin!: bets $0.50
arf919111: folds 
JHBrenes: calls $0.50
*** TURN *** [2d Kh 9c] [3h]
JHBrenes: checks 
unoimfishin!: bets $1
JHBrenes: raises $2 to $3
unoimfishin!: calls $2
*** RIVER *** [2d Kh 9c 3h] [Kc]
JHBrenes: bets $3.50
unoimfishin!: calls $3.50
*** SHOW DOWN ***
JHBrenes: shows [Ks Ts] (three of a kind, Kings)
unoimfishin!: mucks hand 
JHBrenes collected $14.05 from pot
*** SUMMARY ***
Total pot $14.75 | Rake $0.70 
Board [2d Kh 9c 3h Kc]
Seat 2: arf919111 (small blind) folded on the Flop
Seat 3: JHBrenes (big blind) showed [Ks Ts] and won ($14.05) with three of a kind, Kings
Seat 4: Dablo82 folded before Flop (didn't bet)
Seat 5: gado1 folded before Flop (didn't bet)
Seat 6: Albarab folded before Flop (didn't bet)
Seat 8: unoimfishin! mucked [Qh 9h]
Seat 9: Alameda22 (button) folded before Flop (didn't bet)



PokerStars Game #19570885590:  Hold'em No Limit ($0.10/$0.25) - 2008/08/12 - 19:12:00 (ET)
Table 'Josefa' 9-max Seat #2 is the button
Seat 2: arf919111 ($12 in chips) 
Seat 3: JHBrenes ($25.30 in chips) 
Seat 4: Dablo82 ($59.85 in chips) 
Seat 5: gado1 ($8.50 in chips) 
Seat 6: Albarab ($24.50 in chips) 
Seat 8: unoimfishin! ($2.75 in chips) 
Seat 9: Alameda22 ($23.65 in chips) 
JHBrenes: posts small blind $0.10
Dablo82: posts big blind $0.25
*** HOLE CARDS ***
Dealt to Alameda22 [8c Ks]
gado1: calls $0.25
Albarab: folds 
unoimfishin!: folds 
Alameda22: folds 
arf919111: folds 
JHBrenes: calls $0.15
Dablo82: checks 
*** FLOP *** [Qd 9h Kd]
JHBrenes: bets $0.50
Dablo82: folds 
gado1: folds 
Uncalled bet ($0.50) returned to JHBrenes
JHBrenes collected $0.75 from pot
*** SUMMARY ***
Total pot $0.75 | Rake $0 
Board [Qd 9h Kd]
Seat 2: arf919111 (button) folded before Flop (didn't bet)
Seat 3: JHBrenes (small blind) collected ($0.75)
Seat 4: Dablo82 (big blind) folded on the Flop
Seat 5: gado1 folded on the Flop
Seat 6: Albarab folded before Flop (didn't bet)
Seat 8: unoimfishin! folded before Flop (didn't bet)
Seat 9: Alameda22 folded before Flop (didn't bet)



PokerStars Game #19570912121:  Hold'em No Limit ($0.10/$0.25) - 2008/08/12 - 19:13:10 (ET)
Table 'Josefa' 9-max Seat #3 is the button
Seat 2: arf919111 ($12 in chips) 
Seat 3: JHBrenes ($25.80 in chips) 
Seat 4: Dablo82 ($59.60 in chips) 
Seat 5: gado1 ($8.25 in chips) 
Seat 6: Albarab ($24.50 in chips) 
Seat 8: unoimfishin! ($2.75 in chips) 
Seat 9: Alameda22 ($23.65 in chips) 
Dablo82: posts small blind $0.10
gado1: posts big blind $0.25
*** HOLE CARDS ***
Dealt to Alameda22 [2d 9s]
Albarab: folds 
unoimfishin!: calls $0.25
Alameda22: folds 
arf919111: folds 
JHBrenes: folds 
Dablo82: calls $0.15
gado1: checks 
*** FLOP *** [4c 9c 7h]
Dablo82: checks 
gado1: bets $1
unoimfishin!: calls $1
Dablo82: folds 
*** TURN *** [4c 9c 7h] [Ts]
gado1: checks 
unoimfishin!: bets $1.50 and is all-in
gado1: folds 
Uncalled bet ($1.50) returned to unoimfishin!
unoimfishin! collected $2.65 from pot
unoimfishin!: doesn't show hand 
*** SUMMARY ***
Total pot $2.75 | Rake $0.10 
Board [4c 9c 7h Ts]
Seat 2: arf919111 folded before Flop (didn't bet)
Seat 3: JHBrenes (button) folded before Flop (didn't bet)
Seat 4: Dablo82 (small blind) folded on the Flop
Seat 5: gado1 (big blind) folded on the Turn
Seat 6: Albarab folded before Flop (didn't bet)
Seat 8: unoimfishin! collected ($2.65)
Seat 9: Alameda22 folded before Flop (didn't bet)



PokerStars Game #19570936627:  Hold'em No Limit ($0.10/$0.25) - 2008/08/12 - 19:14:16 (ET)
Table 'Josefa' 9-max Seat #4 is the button
Seat 2: arf919111 ($12 in chips) 
Seat 3: JHBrenes ($25.80 in chips) 
Seat 4: Dablo82 ($59.35 in chips) 
Seat 5: gado1 ($7 in chips) 
Seat 6: Albarab ($24.50 in chips) 
Seat 8: unoimfishin! ($4.15 in chips) 
Seat 9: Alameda22 ($23.65 in chips) 
gado1: posts small blind $0.10
Albarab: posts big blind $0.25
*** HOLE CARDS ***
Dealt to Alameda22 [6h 4c]
unoimfishin!: folds 
Alameda22: folds 
arf919111: folds 
JHBrenes: folds 
Dablo82: folds 
gado1: calls $0.15
Albarab: checks 
*** FLOP *** [Qc Kd Ts]
gado1: bets $0.50
Albarab: calls $0.50
*** TURN *** [Qc Kd Ts] [5d]
gado1: bets $0.75
Albarab: raises $2 to $2.75
hold'em-cash joins the table at seat #7 
gado1: raises $3.25 to $6
Albarab: raises $3.25 to $9.25
gado1: calls $0.25 and is all-in
Uncalled bet ($3) returned to Albarab
*** RIVER *** [Qc Kd Ts 5d] [7c]
*** SHOW DOWN ***
gado1: shows [Tc Kh] (two pair, Kings and Tens)
Albarab: shows [Ks Th] (two pair, Kings and Tens)
gado1 collected $6.70 from pot
Albarab collected $6.65 from pot
*** SUMMARY ***
Total pot $14 | Rake $0.65 
Board [Qc Kd Ts 5d 7c]
Seat 2: arf919111 folded before Flop (didn't bet)
Seat 3: JHBrenes folded before Flop (didn't bet)
Seat 4: Dablo82 (button) folded before Flop (didn't bet)
Seat 5: gado1 (small blind) showed [Tc Kh] and won ($6.70) with two pair, Kings and Tens
Seat 6: Albarab (big blind) showed [Ks Th] and won ($6.65) with two pair, Kings and Tens
Seat 8: unoimfishin! folded before Flop (didn't bet)
Seat 9: Alameda22 folded before Flop (didn't bet)



PokerStars Game #19570965660:  Hold'em No Limit ($0.10/$0.25) - 2008/08/12 - 19:15:32 (ET)
Table 'Josefa' 9-max Seat #5 is the button
Seat 2: arf919111 ($12 in chips) 
Seat 3: JHBrenes ($25.80 in chips) 
Seat 4: Dablo82 ($59.35 in chips) 
Seat 5: gado1 ($6.70 in chips) 
Seat 6: Albarab ($24.15 in chips) 
Seat 7: hold'em-cash ($5.55 in chips) 
Seat 8: unoimfishin! ($4.15 in chips) 
Seat 9: Alameda22 ($23.65 in chips) 
Albarab: posts small blind $0.10
nutslos joins the table at seat #1 
hold'em-cash: posts big blind $0.25
*** HOLE CARDS ***
Dealt to Alameda22 [7d Qd]
unoimfishin!: folds 
Alameda22: folds 
arf919111: calls $0.25
JHBrenes: folds 
Dablo82: folds 
gado1: folds 
Albarab: calls $0.15
hold'em-cash: raises $0.50 to $0.75
arf919111: calls $0.50
Albarab: folds 
*** FLOP *** [3c 4s 3s]
hold'em-cash: bets $1
arf919111: folds 
Uncalled bet ($1) returned to hold'em-cash
hold'em-cash collected $1.70 from pot
hold'em-cash: doesn't show hand 
*** SUMMARY ***
Total pot $1.75 | Rake $0.05 
Board [3c 4s 3s]
Seat 2: arf919111 folded on the Flop
Seat 3: JHBrenes folded before Flop (didn't bet)
Seat 4: Dablo82 folded before Flop (didn't bet)
Seat 5: gado1 (button) folded before Flop (didn't bet)
Seat 6: Albarab (small blind) folded before Flop
Seat 7: hold'em-cash (big blind) collected ($1.70)
Seat 8: unoimfishin! folded before Flop (didn't bet)
Seat 9: Alameda22 folded before Flop (didn't bet)



PokerStars Game #19570991343:  Hold'em No Limit ($0.10/$0.25) - 2008/08/12 - 19:16:39 (ET)
Table 'Josefa' 9-max Seat #6 is the button
Seat 2: arf919111 ($11.25 in chips) 
Seat 3: JHBrenes ($25.80 in chips) 
Seat 4: Dablo82 ($59.35 in chips) 
Seat 5: gado1 ($6.70 in chips) 
Seat 6: Albarab ($23.90 in chips) 
Seat 7: hold'em-cash ($6.50 in chips) 
Seat 8: unoimfishin! ($4.15 in chips) 
Seat 9: Alameda22 ($23.65 in chips) 
hold'em-cash: posts small blind $0.10
unoimfishin!: posts big blind $0.25
nutslos: sits out 
*** HOLE CARDS ***
Dealt to Alameda22 [5d Jc]
Alameda22: folds 
arf919111: folds 
JHBrenes: calls $0.25
Dablo82: folds 
gado1: raises $0.50 to $0.75
Albarab: folds 
hold'em-cash: calls $0.65
unoimfishin!: folds 
JHBrenes: calls $0.50
*** FLOP *** [As 3s Ad]
hold'em-cash: bets $0.50
JHBrenes: calls $0.50
gado1: raises $0.75 to $1.25
hold'em-cash: calls $0.75
JHBrenes: calls $0.75
*** TURN *** [As 3s Ad] [7c]
hold'em-cash: bets $0.50
JHBrenes: calls $0.50
gado1: raises $3.25 to $3.75
hold'em-cash: folds 
JHBrenes: folds 
Uncalled bet ($3.25) returned to gado1
gado1 collected $7.40 from pot
gado1: doesn't show hand 
*** SUMMARY ***
Total pot $7.75 | Rake $0.35 
Board [As 3s Ad 7c]
Seat 2: arf919111 folded before Flop (didn't bet)
Seat 3: JHBrenes folded on the Turn
Seat 4: Dablo82 folded before Flop (didn't bet)
Seat 5: gado1 collected ($7.40)
Seat 6: Albarab (button) folded before Flop (didn't bet)
Seat 7: hold'em-cash (small blind) folded on the Turn
Seat 8: unoimfishin! (big blind) folded before Flop
Seat 9: Alameda22 folded before Flop (didn't bet)



PokerStars Game #19571041042:  Hold'em No Limit ($0.10/$0.25) - 2008/08/12 - 19:18:49 (ET)
Table 'Josefa' 9-max Seat #7 is the button
Seat 2: arf919111 ($11.25 in chips) 
Seat 3: JHBrenes ($23.30 in chips) 
Seat 4: Dablo82 ($59.35 in chips) 
Seat 5: gado1 ($11.60 in chips) 
Seat 6: Albarab ($25 in chips) 
Seat 7: hold'em-cash ($4 in chips) 
Seat 8: unoimfishin! ($3.90 in chips) 
Seat 9: Alameda22 ($23.65 in chips) 
unoimfishin!: posts small blind $0.10
Alameda22: posts big blind $0.25
nutslos: sits out 
*** HOLE CARDS ***
Dealt to Alameda22 [2s 5c]
arf919111: folds 
JHBrenes: folds 
Dablo82: folds 
gado1: calls $0.25
Albarab: folds 
hold'em-cash: calls $0.25
unoimfishin!: calls $0.15
Alameda22: checks 
*** FLOP *** [Qc Ad Qs]
unoimfishin!: checks 
Alameda22: checks 
gado1: checks 
hold'em-cash: checks 
*** TURN *** [Qc Ad Qs] [Kc]
unoimfishin!: bets $0.50
Alameda22: folds 
gado1: folds 
hold'em-cash: calls $0.50
*** RIVER *** [Qc Ad Qs Kc] [7h]
unoimfishin!: checks 
hold'em-cash: bets $0.75
unoimfishin!: folds 
Uncalled bet ($0.75) returned to hold'em-cash
hold'em-cash collected $1.95 from pot
hold'em-cash: doesn't show hand 
*** SUMMARY ***
Total pot $2 | Rake $0.05 
Board [Qc Ad Qs Kc 7h]
Seat 2: arf919111 folded before Flop (didn't bet)
Seat 3: JHBrenes folded before Flop (didn't bet)
Seat 4: Dablo82 folded before Flop (didn't bet)
Seat 5: gado1 folded on the Turn
Seat 6: Albarab folded before Flop (didn't bet)
Seat 7: hold'em-cash (button) collected ($1.95)
Seat 8: unoimfishin! (small blind) folded on the River
Seat 9: Alameda22 (big blind) folded on the Turn



PokerStars Game #19571063693:  Hold'em No Limit ($0.10/$0.25) - 2008/08/12 - 19:19:48 (ET)
Table 'Josefa' 9-max Seat #8 is the button
Seat 1: nutslos ($5 in chips) 
Seat 2: arf919111 ($11.25 in chips) 
Seat 3: JHBrenes ($23.30 in chips) 
Seat 4: Dablo82 ($59.35 in chips) 
Seat 5: gado1 ($11.35 in chips) 
Seat 6: Albarab ($25 in chips) 
Seat 7: hold'em-cash ($5.20 in chips) 
Seat 8: unoimfishin! ($3.15 in chips) 
Seat 9: Alameda22 ($23.40 in chips) 
Alameda22: posts small blind $0.10
nutslos: posts big blind $0.25
*** HOLE CARDS ***
Dealt to Alameda22 [Qh Kh]
arf919111: folds 
JHBrenes: folds 
Dablo82: folds 
gado1: folds 
Albarab: folds 
hold'em-cash: calls $0.25
unoimfishin!: folds 
Alameda22: calls $0.15
nutslos: checks 
*** FLOP *** [Th Jc Jd]
Alameda22: checks 
nutslos: checks 
hold'em-cash: checks 
*** TURN *** [Th Jc Jd] [Ah]
Alameda22: bets $0.50
nutslos: folds 
hold'em-cash: folds 
Uncalled bet ($0.50) returned to Alameda22
Alameda22 collected $0.75 from pot
Alameda22: doesn't show hand 
*** SUMMARY ***
Total pot $0.75 | Rake $0 
Board [Th Jc Jd Ah]
Seat 1: nutslos (big blind) folded on the Turn
Seat 2: arf919111 folded before Flop (didn't bet)
Seat 3: JHBrenes folded before Flop (didn't bet)
Seat 4: Dablo82 folded before Flop (didn't bet)
Seat 5: gado1 folded before Flop (didn't bet)
Seat 6: Albarab folded before Flop (didn't bet)
Seat 7: hold'em-cash folded on the Turn
Seat 8: unoimfishin! (button) folded before Flop (didn't bet)
Seat 9: Alameda22 (small blind) collected ($0.75)



PokerStars Game #19571089448:  Hold'em No Limit ($0.10/$0.25) - 2008/08/12 - 19:20:56 (ET)
Table 'Josefa' 9-max Seat #9 is the button
Seat 1: nutslos ($4.75 in chips) 
Seat 2: arf919111 ($11.25 in chips) 
Seat 3: JHBrenes ($23.30 in chips) 
Seat 4: Dablo82 ($59.35 in chips) 
Seat 5: gado1 ($11.35 in chips) 
Seat 6: Albarab ($25 in chips) 
Seat 7: hold'em-cash ($4.95 in chips) 
Seat 8: unoimfishin! ($3.15 in chips) 
Seat 9: Alameda22 ($23.90 in chips) 
nutslos: posts small blind $0.10
arf919111: posts big blind $0.25
*** HOLE CARDS ***
Dealt to Alameda22 [9h 6h]
JHBrenes: folds 
Dablo82: folds 
gado1: folds 
Albarab: folds 
hold'em-cash: folds 
unoimfishin!: folds 
Alameda22: folds 
nutslos: folds 
Uncalled bet ($0.15) returned to arf919111
arf919111 collected $0.20 from pot
*** SUMMARY ***
Total pot $0.20 | Rake $0 
Seat 1: nutslos (small blind) folded before Flop
Seat 2: arf919111 (big blind) collected ($0.20)
Seat 3: JHBrenes folded before Flop (didn't bet)
Seat 4: Dablo82 folded before Flop (didn't bet)
Seat 5: gado1 folded before Flop (didn't bet)
Seat 6: Albarab folded before Flop (didn't bet)
Seat 7: hold'em-cash folded before Flop (didn't bet)
Seat 8: unoimfishin! folded before Flop (didn't bet)
Seat 9: Alameda22 (button) folded before Flop (didn't bet)



PokerStars Game #19571101178:  Hold'em No Limit ($0.10/$0.25) - 2008/08/12 - 19:21:26 (ET)
Table 'Josefa' 9-max Seat #1 is the button
Seat 1: nutslos ($4.65 in chips) 
Seat 2: arf919111 ($11.35 in chips) 
Seat 3: JHBrenes ($23.30 in chips) 
Seat 4: Dablo82 ($59.35 in chips) 
Seat 5: gado1 ($11.35 in chips) 
Seat 6: Albarab ($25 in chips) 
Seat 7: hold'em-cash ($4.95 in chips) 
Seat 8: unoimfishin! ($3.15 in chips) 
Seat 9: Alameda22 ($23.90 in chips) 
arf919111: posts small blind $0.10
JHBrenes: posts big blind $0.25
*** HOLE CARDS ***
Dealt to Alameda22 [Ah Kc]
Dablo82: folds 
gado1: calls $0.25
Albarab: folds 
hold'em-cash: folds 
unoimfishin!: folds 
Alameda22: raises $0.75 to $1
nutslos: folds 
arf919111: folds 
JHBrenes: folds 
gado1: calls $0.75
*** FLOP *** [4d Ts Tc]
gado1: checks 
Alameda22: bets $1.50
gado1: folds 
Uncalled bet ($1.50) returned to Alameda22
Alameda22 collected $2.25 from pot
Alameda22: doesn't show hand 
*** SUMMARY ***
Total pot $2.35 | Rake $0.10 
Board [4d Ts Tc]
Seat 1: nutslos (button) folded before Flop (didn't bet)
Seat 2: arf919111 (small blind) folded before Flop
Seat 3: JHBrenes (big blind) folded before Flop
Seat 4: Dablo82 folded before Flop (didn't bet)
Seat 5: gado1 folded on the Flop
Seat 6: Albarab folded before Flop (didn't bet)
Seat 7: hold'em-cash folded before Flop (didn't bet)
Seat 8: unoimfishin! folded before Flop (didn't bet)
Seat 9: Alameda22 collected ($2.25)



PokerStars Game #19571124150:  Hold'em No Limit ($0.10/$0.25) - 2008/08/12 - 19:22:27 (ET)
Table 'Josefa' 9-max Seat #2 is the button
Seat 1: nutslos ($4.65 in chips) 
Seat 2: arf919111 ($11.25 in chips) 
Seat 3: JHBrenes ($23.05 in chips) 
Seat 4: Dablo82 ($59.35 in chips) 
Seat 5: gado1 ($10.35 in chips) 
Seat 6: Albarab ($25 in chips) 
Seat 7: hold'em-cash ($4.95 in chips) 
Seat 8: unoimfishin! ($3.15 in chips) 
Seat 9: Alameda22 ($25.15 in chips) 
JHBrenes: posts small blind $0.10
Dablo82: posts big blind $0.25
*** HOLE CARDS ***
Dealt to Alameda22 [9d 2s]
gado1: calls $0.25
Albarab: folds 
hold'em-cash: folds 
unoimfishin!: folds 
Alameda22: folds 
nutslos: folds 
arf919111: folds 
JHBrenes: folds 
Dablo82: checks 
*** FLOP *** [8h Tc 9c]
Dablo82: checks 
gado1: checks 
*** TURN *** [8h Tc 9c] [Td]
Dablo82: checks 
gado1: checks 
*** RIVER *** [8h Tc 9c Td] [Qd]
Dablo82: checks 
gado1: checks 
*** SHOW DOWN ***
Dablo82: shows [9h 4s] (two pair, Tens and Nines)
gado1: mucks hand 
Dablo82 collected $0.60 from pot
gado1 leaves the table
*** SUMMARY ***
Total pot $0.60 | Rake $0 
Board [8h Tc 9c Td Qd]
Seat 1: nutslos folded before Flop (didn't bet)
Seat 2: arf919111 (button) folded before Flop (didn't bet)
Seat 3: JHBrenes (small blind) folded before Flop
Seat 4: Dablo82 (big blind) showed [9h 4s] and won ($0.60) with two pair, Tens and Nines
Seat 5: gado1 mucked [Ah 4d]
Seat 6: Albarab folded before Flop (didn't bet)
Seat 7: hold'em-cash folded before Flop (didn't bet)
Seat 8: unoimfishin! folded before Flop (didn't bet)
Seat 9: Alameda22 folded before Flop (didn't bet)



PokerStars Game #19571147303:  Hold'em No Limit ($0.10/$0.25) - 2008/08/12 - 19:23:28 (ET)
Table 'Josefa' 9-max Seat #3 is the button
Seat 1: nutslos ($5.05 in chips) 
Seat 2: arf919111 ($11.25 in chips) 
Seat 3: JHBrenes ($22.95 in chips) 
Seat 4: Dablo82 ($59.70 in chips) 
Seat 6: Albarab ($25 in chips) 
Seat 7: hold'em-cash ($4.95 in chips) 
Seat 8: unoimfishin! ($3.15 in chips) 
Seat 9: Alameda22 ($25.15 in chips) 
Dablo82: posts small blind $0.10
Albarab: posts big blind $0.25
*** HOLE CARDS ***
Dealt to Alameda22 [2s 5h]
hold'em-cash: calls $0.25
unoimfishin!: calls $0.25
Alameda22: folds 
nutslos: folds 
arf919111: folds 
JHBrenes: calls $0.25
Dablo82: calls $0.15
Albarab: checks 
*** FLOP *** [7c 9s 3s]
Dablo82: checks 
Albarab: checks 
hold'em-cash: checks 
unoimfishin!: checks 
JHBrenes: bets $0.75
Dablo82: folds 
Albarab: folds 
hold'em-cash: calls $0.75
unoimfishin!: folds 
*** TURN *** [7c 9s 3s] [Ah]
hold'em-cash: checks 
JHBrenes: checks 
*** RIVER *** [7c 9s 3s Ah] [7h]
hold'em-cash: bets $0.75
JHBrenes: raises $2.75 to $3.50
hold'em-cash: folds 
Uncalled bet ($2.75) returned to JHBrenes
JHBrenes collected $4.05 from pot
*** SUMMARY ***
Total pot $4.25 | Rake $0.20 
Board [7c 9s 3s Ah 7h]
Seat 1: nutslos folded before Flop (didn't bet)
Seat 2: arf919111 folded before Flop (didn't bet)
Seat 3: JHBrenes (button) collected ($4.05)
Seat 4: Dablo82 (small blind) folded on the Flop
Seat 6: Albarab (big blind) folded on the Flop
Seat 7: hold'em-cash folded on the River
Seat 8: unoimfishin! folded on the Flop
Seat 9: Alameda22 folded before Flop (didn't bet)



PokerStars Game #19571185142:  Hold'em No Limit ($0.10/$0.25) - 2008/08/12 - 19:25:07 (ET)
Table 'Josefa' 9-max Seat #4 is the button
Seat 1: nutslos ($5.05 in chips) 
Seat 2: arf919111 ($11.25 in chips) 
Seat 3: JHBrenes ($25.25 in chips) 
Seat 4: Dablo82 ($59.45 in chips) 
Seat 6: Albarab ($24.75 in chips) 
Seat 7: hold'em-cash ($3.20 in chips) 
Seat 8: unoimfishin! ($2.90 in chips) 
Seat 9: Alameda22 ($25.15 in chips) 
Albarab: posts small blind $0.10
hold'em-cash: posts big blind $0.25
*** HOLE CARDS ***
Dealt to Alameda22 [Ts Jh]
unoimfishin!: calls $0.25
Alameda22: folds 
nutslos: folds 
arf919111: calls $0.25
JHBrenes: folds 
Dablo82: folds 
Albarab: folds 
hold'em-cash: checks 
*** FLOP *** [5s As Td]
hold'em-cash: checks 
unoimfishin!: checks 
arf919111: checks 
*** TURN *** [5s As Td] [6h]
hold'em-cash: checks 
unoimfishin!: bets $0.50
arf919111: calls $0.50
hold'em-cash: calls $0.50
*** RIVER *** [5s As Td 6h] [2d]
hold'em-cash: checks 
unoimfishin!: checks 
arf919111: bets $1
hold'em-cash: folds 
unoimfishin!: folds 
Uncalled bet ($1) returned to arf919111
arf919111 collected $2.25 from pot
arf919111: doesn't show hand 
*** SUMMARY ***
Total pot $2.35 | Rake $0.10 
Board [5s As Td 6h 2d]
Seat 1: nutslos folded before Flop (didn't bet)
Seat 2: arf919111 collected ($2.25)
Seat 3: JHBrenes folded before Flop (didn't bet)
Seat 4: Dablo82 (button) folded before Flop (didn't bet)
Seat 6: Albarab (small blind) folded before Flop
Seat 7: hold'em-cash (big blind) folded on the River
Seat 8: unoimfishin! folded on the River
Seat 9: Alameda22 folded before Flop (didn't bet)



PokerStars Game #19571205689:  Hold'em No Limit ($0.10/$0.25) - 2008/08/12 - 19:26:01 (ET)
Table 'Josefa' 9-max Seat #6 is the button
Seat 1: nutslos ($5.05 in chips) 
Seat 2: arf919111 ($12.75 in chips) 
Seat 3: JHBrenes ($25.25 in chips) 
Seat 4: Dablo82 ($59.45 in chips) 
Seat 6: Albarab ($24.65 in chips) 
Seat 7: hold'em-cash ($2.45 in chips) 
Seat 8: unoimfishin! ($2.15 in chips) 
Seat 9: Alameda22 ($25.15 in chips) 
hold'em-cash: posts small blind $0.10
unoimfishin!: posts big blind $0.25
*** HOLE CARDS ***
Dealt to Alameda22 [5h 5s]
Alameda22: folds 
nutslos: folds 
arf919111: calls $0.25
JHBrenes: folds 
Dablo82: calls $0.25
Albarab: folds 
hold'em-cash: calls $0.15
unoimfishin!: checks 
*** FLOP *** [6h 6d 5d]
hold'em-cash: checks 
unoimfishin!: checks 
arf919111: checks 
Dablo82: checks 
*** TURN *** [6h 6d 5d] [4h]
hold'em-cash: checks 
unoimfishin!: bets $0.50
arf919111: calls $0.50
Dablo82: calls $0.50
hold'em-cash: calls $0.50
*** RIVER *** [6h 6d 5d 4h] [2h]
hold'em-cash: checks 
unoimfishin!: checks 
arf919111: checks 
Dablo82: checks 
*** SHOW DOWN ***
hold'em-cash: shows [7s Ac] (a pair of Sixes)
unoimfishin!: mucks hand 
arf919111: shows [2s 3s] (a straight, Deuce to Six)
Dablo82: mucks hand 
arf919111 collected $2.90 from pot
*** SUMMARY ***
Total pot $3 | Rake $0.10 
Board [6h 6d 5d 4h 2h]
Seat 1: nutslos folded before Flop (didn't bet)
Seat 2: arf919111 showed [2s 3s] and won ($2.90) with a straight, Deuce to Six
Seat 3: JHBrenes folded before Flop (didn't bet)
Seat 4: Dablo82 mucked [7d Ad]
Seat 6: Albarab (button) folded before Flop (didn't bet)
Seat 7: hold'em-cash (small blind) showed [7s Ac] and lost with a pair of Sixes
Seat 8: unoimfishin! (big blind) mucked [Td Jd]
Seat 9: Alameda22 folded before Flop (didn't bet)



PokerStars Game #19571229457:  Hold'em No Limit ($0.10/$0.25) - 2008/08/12 - 19:27:04 (ET)
Table 'Josefa' 9-max Seat #7 is the button
Seat 1: nutslos ($5.05 in chips) 
Seat 2: arf919111 ($14.90 in chips) 
Seat 3: JHBrenes ($25.25 in chips) 
Seat 4: Dablo82 ($58.70 in chips) 
Seat 6: Albarab ($24.65 in chips) 
Seat 7: hold'em-cash ($1.70 in chips) 
Seat 8: unoimfishin! ($1.40 in chips) 
Seat 9: Alameda22 ($25.15 in chips) 
unoimfishin!: posts small blind $0.10
Alameda22: posts big blind $0.25
*** HOLE CARDS ***
Dealt to Alameda22 [Ah 9s]
nutslos: folds 
arf919111: folds 
JHBrenes: calls $0.25
Dablo82: calls $0.25
Albarab: folds 
hold'em-cash: folds 
unoimfishin!: calls $0.15
Alameda22: checks 
*** FLOP *** [5s Ad 9h]
unoimfishin!: checks 
Alameda22: bets $0.50
JHBrenes: raises $1 to $1.50
Dablo82: folds 
unoimfishin!: folds 
Alameda22: raises $2.50 to $4
JHBrenes: folds 
Uncalled bet ($2.50) returned to Alameda22
Alameda22 collected $3.85 from pot
Alameda22: doesn't show hand 
*** SUMMARY ***
Total pot $4 | Rake $0.15 
Board [5s Ad 9h]
Seat 1: nutslos folded before Flop (didn't bet)
Seat 2: arf919111 folded before Flop (didn't bet)
Seat 3: JHBrenes folded on the Flop
Seat 4: Dablo82 folded on the Flop
Seat 6: Albarab folded before Flop (didn't bet)
Seat 7: hold'em-cash (button) folded before Flop (didn't bet)
Seat 8: unoimfishin! (small blind) folded on the Flop
Seat 9: Alameda22 (big blind) collected ($3.85)



PokerStars Game #19571262081:  Hold'em No Limit ($0.10/$0.25) - 2008/08/12 - 19:28:30 (ET)
Table 'Josefa' 9-max Seat #8 is the button
Seat 1: nutslos ($5.05 in chips) 
Seat 2: arf919111 ($14.90 in chips) 
Seat 3: JHBrenes ($23.50 in chips) 
Seat 4: Dablo82 ($58.45 in chips) 
Seat 6: Albarab ($24.65 in chips) 
Seat 7: hold'em-cash ($1.70 in chips) 
Seat 8: unoimfishin! ($1.15 in chips) 
Seat 9: Alameda22 ($27.25 in chips) 
Alameda22: posts small blind $0.10
nutslos: posts big blind $0.25
*** HOLE CARDS ***
Dealt to Alameda22 [Ts Qd]
arf919111: calls $0.25
JHBrenes: raises $0.75 to $1
Dablo82: folds 
Albarab: folds 
hold'em-cash: raises $0.70 to $1.70 and is all-in
unoimfishin!: folds 
Alameda22: folds 
nutslos: folds 
arf919111: folds 
JHBrenes: calls $0.70
*** FLOP *** [6c As 9h]
*** TURN *** [6c As 9h] [Td]
*** RIVER *** [6c As 9h Td] [6s]
*** SHOW DOWN ***
JHBrenes: shows [Qh Ks] (a pair of Sixes)
hold'em-cash: shows [2s 2c] (two pair, Sixes and Deuces)
hold'em-cash collected $3.80 from pot
*** SUMMARY ***
Total pot $4 | Rake $0.20 
Board [6c As 9h Td 6s]
Seat 1: nutslos (big blind) folded before Flop
Seat 2: arf919111 folded before Flop
Seat 3: JHBrenes showed [Qh Ks] and lost with a pair of Sixes
Seat 4: Dablo82 folded before Flop (didn't bet)
Seat 6: Albarab folded before Flop (didn't bet)
Seat 7: hold'em-cash showed [2s 2c] and won ($3.80) with two pair, Sixes and Deuces
Seat 8: unoimfishin! (button) folded before Flop (didn't bet)
Seat 9: Alameda22 (small blind) folded before Flop



PokerStars Game #19571280514:  Hold'em No Limit ($0.10/$0.25) - 2008/08/12 - 19:29:18 (ET)
Table 'Josefa' 9-max Seat #9 is the button
Seat 1: nutslos ($4.80 in chips) 
Seat 2: arf919111 ($14.65 in chips) 
Seat 3: JHBrenes ($21.80 in chips) 
Seat 4: Dablo82 ($58.45 in chips) 
Seat 6: Albarab ($24.65 in chips) 
Seat 7: hold'em-cash ($3.80 in chips) 
Seat 8: unoimfishin! ($1.15 in chips) 
Seat 9: Alameda22 ($27.15 in chips) 
nutslos: posts small blind $0.10
arf919111: posts big blind $0.25
*** HOLE CARDS ***
Dealt to Alameda22 [5d Tc]
JHBrenes: folds 
Dablo82: folds 
Albarab: folds 
hold'em-cash: folds 
unoimfishin!: calls $0.25
Alameda22: folds 
nutslos: folds 
hold'em-cash leaves the table
arf919111: checks 
*** FLOP *** [2s Jc 3h]
arf919111: bets $0.75
unoimfishin!: folds 
Uncalled bet ($0.75) returned to arf919111
arf919111 collected $0.60 from pot
*** SUMMARY ***
Total pot $0.60 | Rake $0 
Board [2s Jc 3h]
Seat 1: nutslos (small blind) folded before Flop
Seat 2: arf919111 (big blind) collected ($0.60)
Seat 3: JHBrenes folded before Flop (didn't bet)
Seat 4: Dablo82 folded before Flop (didn't bet)
Seat 6: Albarab folded before Flop (didn't bet)
Seat 7: hold'em-cash folded before Flop (didn't bet)
Seat 8: unoimfishin! folded on the Flop
Seat 9: Alameda22 (button) folded before Flop (didn't bet)



PokerStars Game #19571296559:  Hold'em No Limit ($0.10/$0.25) - 2008/08/12 - 19:30:01 (ET)
Table 'Josefa' 9-max Seat #1 is the button
Seat 1: nutslos ($4.70 in chips) 
Seat 2: arf919111 ($15 in chips) 
Seat 3: JHBrenes ($21.80 in chips) 
Seat 4: Dablo82 ($58.45 in chips) 
Seat 6: Albarab ($24.65 in chips) 
Seat 8: unoimfishin! ($0.90 in chips) 
Seat 9: Alameda22 ($27.15 in chips) 
arf919111: posts small blind $0.10
JHBrenes: posts big blind $0.25
*** HOLE CARDS ***
Dealt to Alameda22 [5d Ah]
Dablo82: folds 
Albarab: folds 
unoimfishin!: folds 
Alameda22: folds 
nutslos: folds 
arf919111: calls $0.15
JHBrenes: checks 
*** FLOP *** [7s 6d Kd]
arf919111: checks 
JHBrenes: checks 
*** TURN *** [7s 6d Kd] [9d]
arf919111: checks 
JHBrenes: bets $0.50
arf919111: folds 
Uncalled bet ($0.50) returned to JHBrenes
JHBrenes collected $0.50 from pot
*** SUMMARY ***
Total pot $0.50 | Rake $0 
Board [7s 6d Kd 9d]
Seat 1: nutslos (button) folded before Flop (didn't bet)
Seat 2: arf919111 (small blind) folded on the Turn
Seat 3: JHBrenes (big blind) collected ($0.50)
Seat 4: Dablo82 folded before Flop (didn't bet)
Seat 6: Albarab folded before Flop (didn't bet)
Seat 8: unoimfishin! folded before Flop (didn't bet)
Seat 9: Alameda22 folded before Flop (didn't bet)



PokerStars Game #19571317283:  Hold'em No Limit ($0.10/$0.25) - 2008/08/12 - 19:30:56 (ET)
Table 'Josefa' 9-max Seat #2 is the button
Seat 1: nutslos ($4.70 in chips) 
Seat 2: arf919111 ($14.75 in chips) 
Seat 3: JHBrenes ($22.05 in chips) 
Seat 4: Dablo82 ($58.45 in chips) 
Seat 6: Albarab ($24.65 in chips) 
Seat 8: unoimfishin! ($0.90 in chips) 
Seat 9: Alameda22 ($27.15 in chips) 
JHBrenes: posts small blind $0.10
Dablo82: posts big blind $0.25
*** HOLE CARDS ***
Dealt to Alameda22 [5c Ad]
Albarab: folds 
ALCY_TEXAS joins the table at seat #5 
unoimfishin!: raises $0.65 to $0.90 and is all-in
Alameda22: folds 
nutslos: folds 
arf919111: folds 
JHBrenes: folds 
Dablo82: folds 
Uncalled bet ($0.65) returned to unoimfishin!
unoimfishin! collected $0.60 from pot
unoimfishin!: doesn't show hand 
*** SUMMARY ***
Total pot $0.60 | Rake $0 
Seat 1: nutslos folded before Flop (didn't bet)
Seat 2: arf919111 (button) folded before Flop (didn't bet)
Seat 3: JHBrenes (small blind) folded before Flop
Seat 4: Dablo82 (big blind) folded before Flop
Seat 6: Albarab folded before Flop (didn't bet)
Seat 8: unoimfishin! collected ($0.60)
Seat 9: Alameda22 folded before Flop (didn't bet)



PokerStars Game #19571328777:  Hold'em No Limit ($0.10/$0.25) - 2008/08/12 - 19:31:26 (ET)
Table 'Josefa' 9-max Seat #3 is the button
Seat 1: nutslos ($5 in chips) 
Seat 2: arf919111 ($14.75 in chips) 
Seat 3: JHBrenes ($21.95 in chips) 
Seat 4: Dablo82 ($58.20 in chips) 
Seat 5: ALCY_TEXAS ($15 in chips) 
Seat 6: Albarab ($24.65 in chips) 
Seat 8: unoimfishin! ($1.25 in chips) 
Seat 9: Alameda22 ($27.15 in chips) 
Dablo82: posts small blind $0.10
ALCY_TEXAS: posts big blind $0.25
*** HOLE CARDS ***
Dealt to Alameda22 [7s 5h]
Albarab: folds 
unoimfishin!: folds 
Alameda22: folds 
nutslos: folds 
arf919111: folds 
JHBrenes: raises $0.50 to $0.75
Dablo82: folds 
ALCY_TEXAS: folds 
Uncalled bet ($0.50) returned to JHBrenes
JHBrenes collected $0.60 from pot
*** SUMMARY ***
Total pot $0.60 | Rake $0 
Seat 1: nutslos folded before Flop (didn't bet)
Seat 2: arf919111 folded before Flop (didn't bet)
Seat 3: JHBrenes (button) collected ($0.60)
Seat 4: Dablo82 (small blind) folded before Flop
Seat 5: ALCY_TEXAS (big blind) folded before Flop
Seat 6: Albarab folded before Flop (didn't bet)
Seat 8: unoimfishin! folded before Flop (didn't bet)
Seat 9: Alameda22 folded before Flop (didn't bet)



PokerStars Game #19571342945:  Hold'em No Limit ($0.10/$0.25) - 2008/08/12 - 19:32:01 (ET)
Table 'Josefa' 9-max Seat #4 is the button
Seat 1: nutslos ($5 in chips) 
Seat 2: arf919111 ($14.75 in chips) 
Seat 3: JHBrenes ($22.30 in chips) 
Seat 4: Dablo82 ($58.10 in chips) 
Seat 5: ALCY_TEXAS ($14.75 in chips) 
Seat 6: Albarab ($24.65 in chips) 
Seat 8: unoimfishin! ($1.25 in chips) 
Seat 9: Alameda22 ($27.15 in chips) 
ALCY_TEXAS: posts small blind $0.10
Albarab: posts big blind $0.25
*** HOLE CARDS ***
Dealt to Alameda22 [Ks 8c]
unoimfishin!: raises $1 to $1.25 and is all-in
Alameda22: folds 
nutslos: folds 
arf919111: folds 
JHBrenes: folds 
Dablo82: folds 
ALCY_TEXAS: folds 
Albarab: folds 
Uncalled bet ($1) returned to unoimfishin!
unoimfishin! collected $0.60 from pot
unoimfishin!: doesn't show hand 
*** SUMMARY ***
Total pot $0.60 | Rake $0 
Seat 1: nutslos folded before Flop (didn't bet)
Seat 2: arf919111 folded before Flop (didn't bet)
Seat 3: JHBrenes folded before Flop (didn't bet)
Seat 4: Dablo82 (button) folded before Flop (didn't bet)
Seat 5: ALCY_TEXAS (small blind) folded before Flop
Seat 6: Albarab (big blind) folded before Flop
Seat 8: unoimfishin! collected ($0.60)
Seat 9: Alameda22 folded before Flop (didn't bet)



PokerStars Game #19571357132:  Hold'em No Limit ($0.10/$0.25) - 2008/08/12 - 19:32:38 (ET)
Table 'Josefa' 9-max Seat #5 is the button
Seat 1: nutslos ($5 in chips) 
Seat 2: arf919111 ($14.75 in chips) 
Seat 3: JHBrenes ($22.30 in chips) 
Seat 4: Dablo82 ($58.10 in chips) 
Seat 5: ALCY_TEXAS ($14.65 in chips) 
Seat 6: Albarab ($24.40 in chips) 
Seat 8: unoimfishin! ($1.60 in chips) 
Seat 9: Alameda22 ($27.15 in chips) 
Albarab: posts small blind $0.10
unoimfishin!: posts big blind $0.25
*** HOLE CARDS ***
Dealt to Alameda22 [2c 9d]
Alameda22: folds 
nutslos: folds 
arf919111: calls $0.25
JHBrenes: folds 
Dablo82: raises $1 to $1.25
ALCY_TEXAS: folds 
Albarab: folds 
unoimfishin!: folds 
arf919111: raises $2.25 to $3.50
Dablo82: calls $2.25
*** FLOP *** [Ts Qh Qc]
arf919111: bets $11.25 and is all-in
Dablo82: folds 
Uncalled bet ($11.25) returned to arf919111
arf919111 collected $7 from pot
arf919111: doesn't show hand 
*** SUMMARY ***
Total pot $7.35 | Rake $0.35 
Board [Ts Qh Qc]
Seat 1: nutslos folded before Flop (didn't bet)
Seat 2: arf919111 collected ($7)
Seat 3: JHBrenes folded before Flop (didn't bet)
Seat 4: Dablo82 folded on the Flop
Seat 5: ALCY_TEXAS (button) folded before Flop (didn't bet)
Seat 6: Albarab (small blind) folded before Flop
Seat 8: unoimfishin! (big blind) folded before Flop
Seat 9: Alameda22 folded before Flop (didn't bet)



PokerStars Game #19571379352:  Hold'em No Limit ($0.10/$0.25) - 2008/08/12 - 19:33:36 (ET)
Table 'Josefa' 9-max Seat #6 is the button
Seat 1: nutslos ($5 in chips) 
Seat 2: arf919111 ($18.25 in chips) 
Seat 3: JHBrenes ($22.30 in chips) 
Seat 4: Dablo82 ($54.60 in chips) 
Seat 5: ALCY_TEXAS ($14.65 in chips) 
Seat 6: Albarab ($24.30 in chips) 
Seat 8: unoimfishin! ($1.35 in chips) 
Seat 9: Alameda22 ($27.15 in chips) 
unoimfishin!: posts small blind $0.10
Alameda22: posts big blind $0.25
*** HOLE CARDS ***
Dealt to Alameda22 [Qh 5c]
nutslos: folds 
arf919111: folds 
JHBrenes: raises $0.50 to $0.75
Dablo82: calls $0.75
ALCY_TEXAS: folds 
Albarab: folds 
unoimfishin!: raises $0.60 to $1.35 and is all-in
Alameda22: folds 
JHBrenes: raises $0.90 to $2.25
Dablo82: folds 
Uncalled bet ($0.90) returned to JHBrenes
*** FLOP *** [8c 2s 7c]
*** TURN *** [8c 2s 7c] [Ac]
*** RIVER *** [8c 2s 7c Ac] [5h]
*** SHOW DOWN ***
unoimfishin!: shows [Ah Jc] (a pair of Aces)
JHBrenes: shows [Jd As] (a pair of Aces)
unoimfishin! collected $1.80 from pot
JHBrenes collected $1.75 from pot
*** SUMMARY ***
Total pot $3.70 | Rake $0.15 
Board [8c 2s 7c Ac 5h]
Seat 1: nutslos folded before Flop (didn't bet)
Seat 2: arf919111 folded before Flop (didn't bet)
Seat 3: JHBrenes showed [Jd As] and won ($1.75) with a pair of Aces
Seat 4: Dablo82 folded before Flop
Seat 5: ALCY_TEXAS folded before Flop (didn't bet)
Seat 6: Albarab (button) folded before Flop (didn't bet)
Seat 8: unoimfishin! (small blind) showed [Ah Jc] and won ($1.80) with a pair of Aces
Seat 9: Alameda22 (big blind) folded before Flop



PokerStars Game #19571403406:  Hold'em No Limit ($0.10/$0.25) - 2008/08/12 - 19:34:38 (ET)
Table 'Josefa' 9-max Seat #8 is the button
Seat 1: nutslos ($5 in chips) 
Seat 2: arf919111 ($18.25 in chips) 
Seat 3: JHBrenes ($22.70 in chips) 
Seat 4: Dablo82 ($53.85 in chips) 
Seat 5: ALCY_TEXAS ($14.65 in chips) 
Seat 6: Albarab ($24.30 in chips) 
Seat 8: unoimfishin! ($1.80 in chips) 
Seat 9: Alameda22 ($26.90 in chips) 
Alameda22: posts small blind $0.10
nutslos: posts big blind $0.25
*** HOLE CARDS ***
Dealt to Alameda22 [6s 9d]
arf919111: folds 
JHBrenes: folds 
Dablo82: folds 
ALCY_TEXAS: folds 
Albarab: raises $0.75 to $1
unoimfishin!: raises $0.80 to $1.80 and is all-in
Alameda22: folds 
nutslos: folds 
Albarab: calls $0.80
*** FLOP *** [3h Ks Kc]
*** TURN *** [3h Ks Kc] [2d]
*** RIVER *** [3h Ks Kc 2d] [2h]
*** SHOW DOWN ***
Albarab: shows [6c 6h] (two pair, Kings and Sixes)
unoimfishin!: mucks hand 
Albarab collected $3.80 from pot
*** SUMMARY ***
Total pot $3.95 | Rake $0.15 
Board [3h Ks Kc 2d 2h]
Seat 1: nutslos (big blind) folded before Flop
Seat 2: arf919111 folded before Flop (didn't bet)
Seat 3: JHBrenes folded before Flop (didn't bet)
Seat 4: Dablo82 folded before Flop (didn't bet)
Seat 5: ALCY_TEXAS folded before Flop (didn't bet)
Seat 6: Albarab showed [6c 6h] and won ($3.80) with two pair, Kings and Sixes
Seat 8: unoimfishin! (button) mucked [4d 4c]
Seat 9: Alameda22 (small blind) folded before Flop



PokerStars Game #19571427515:  Hold'em No Limit ($0.10/$0.25) - 2008/08/12 - 19:35:41 (ET)
Table 'Josefa' 9-max Seat #9 is the button
Seat 1: nutslos ($4.75 in chips) 
Seat 2: arf919111 ($18.25 in chips) 
Seat 3: JHBrenes ($22.70 in chips) 
Seat 4: Dablo82 ($53.85 in chips) 
Seat 5: ALCY_TEXAS ($14.65 in chips) 
Seat 6: Albarab ($26.30 in chips) 
Seat 9: Alameda22 ($26.80 in chips) 
nutslos: posts small blind $0.10
arf919111: posts big blind $0.25
*** HOLE CARDS ***
Dealt to Alameda22 [5c 8d]
unoimfishin! leaves the table
JHBrenes: folds 
Dablo82: folds 
ALCY_TEXAS: raises $0.75 to $1
Albarab: folds 
Alameda22: folds 
nutslos: folds 
arf919111: folds 
Uncalled bet ($0.75) returned to ALCY_TEXAS
ALCY_TEXAS collected $0.60 from pot
ALCY_TEXAS: doesn't show hand 
*** SUMMARY ***
Total pot $0.60 | Rake $0 
Seat 1: nutslos (small blind) folded before Flop
Seat 2: arf919111 (big blind) folded before Flop
Seat 3: JHBrenes folded before Flop (didn't bet)
Seat 4: Dablo82 folded before Flop (didn't bet)
Seat 5: ALCY_TEXAS collected ($0.60)
Seat 6: Albarab folded before Flop (didn't bet)
Seat 9: Alameda22 (button) folded before Flop (didn't bet)



PokerStars Game #19571439297:  Hold'em No Limit ($0.10/$0.25) - 2008/08/12 - 19:36:12 (ET)
Table 'Josefa' 9-max Seat #1 is the button
Seat 1: nutslos ($4.65 in chips) 
Seat 2: arf919111 ($18 in chips) 
Seat 3: JHBrenes ($22.70 in chips) 
Seat 4: Dablo82 ($53.85 in chips) 
Seat 5: ALCY_TEXAS ($15 in chips) 
Seat 6: Albarab ($26.30 in chips) 
Seat 9: Alameda22 ($26.80 in chips) 
arf919111: posts small blind $0.10
JHBrenes: posts big blind $0.25
*** HOLE CARDS ***
Dealt to Alameda22 [Ks Kh]
Dablo82: folds 
ALCY_TEXAS: raises $0.75 to $1
Albarab: folds 
shahar888 joins the table at seat #7 
Alameda22: raises $2 to $3
nutslos: folds 
arf919111: folds 
JHBrenes: calls $2.75
ALCY_TEXAS: calls $2
*** FLOP *** [3d 6h Qh]
JHBrenes: checks 
ALCY_TEXAS: checks 
Alameda22: bets $5.50
JHBrenes: folds 
ALCY_TEXAS: folds 
Uncalled bet ($5.50) returned to Alameda22
Alameda22 collected $8.65 from pot
Alameda22: doesn't show hand 
*** SUMMARY ***
Total pot $9.10 | Rake $0.45 
Board [3d 6h Qh]
Seat 1: nutslos (button) folded before Flop (didn't bet)
Seat 2: arf919111 (small blind) folded before Flop
Seat 3: JHBrenes (big blind) folded on the Flop
Seat 4: Dablo82 folded before Flop (didn't bet)
Seat 5: ALCY_TEXAS folded on the Flop
Seat 6: Albarab folded before Flop (didn't bet)
Seat 9: Alameda22 collected ($8.65)



PokerStars Game #19571464272:  Hold'em No Limit ($0.10/$0.25) - 2008/08/12 - 19:37:17 (ET)
Table 'Josefa' 9-max Seat #2 is the button
Seat 1: nutslos ($4.65 in chips) 
Seat 2: arf919111 ($17.90 in chips) 
Seat 3: JHBrenes ($19.70 in chips) 
Seat 4: Dablo82 ($53.85 in chips) 
Seat 5: ALCY_TEXAS ($12 in chips) 
Seat 6: Albarab ($26.30 in chips) 
Seat 7: shahar888 ($15 in chips) 
Seat 9: Alameda22 ($32.45 in chips) 
JHBrenes: posts small blind $0.10
Dablo82: posts big blind $0.25
shahar888: posts big blind $0.25
*** HOLE CARDS ***
Dealt to Alameda22 [4d 4s]
ALCY_TEXAS: raises $0.75 to $1
Albarab: folds 
shahar888: calls $0.75
Alameda22: folds 
nutslos: folds 
arf919111: folds 
JHBrenes: folds 
Dablo82: folds 
*** FLOP *** [5d Ah Qc]
ALCY_TEXAS: checks 
shahar888: bets $0.25
ALCY_TEXAS: calls $0.25
*** TURN *** [5d Ah Qc] [7h]
ALCY_TEXAS: checks 
shahar888: checks 
*** RIVER *** [5d Ah Qc 7h] [6h]
ALCY_TEXAS: checks 
shahar888: bets $1
ALCY_TEXAS: calls $1
*** SHOW DOWN ***
shahar888: shows [Qh 8d] (a pair of Queens)
ALCY_TEXAS: mucks hand 
shahar888 collected $4.65 from pot
*** SUMMARY ***
Total pot $4.85 | Rake $0.20 
Board [5d Ah Qc 7h 6h]
Seat 1: nutslos folded before Flop (didn't bet)
Seat 2: arf919111 (button) folded before Flop (didn't bet)
Seat 3: JHBrenes (small blind) folded before Flop
Seat 4: Dablo82 (big blind) folded before Flop
Seat 5: ALCY_TEXAS mucked [Js Jh]
Seat 6: Albarab folded before Flop (didn't bet)
Seat 7: shahar888 showed [Qh 8d] and won ($4.65) with a pair of Queens
Seat 9: Alameda22 folded before Flop (didn't bet)



PokerStars Game #19571485487:  Hold'em No Limit ($0.10/$0.25) - 2008/08/12 - 19:38:13 (ET)
Table 'Josefa' 9-max Seat #3 is the button
Seat 1: nutslos ($4.65 in chips) 
Seat 2: arf919111 ($17.90 in chips) 
Seat 3: JHBrenes ($19.60 in chips) 
Seat 4: Dablo82 ($53.60 in chips) 
Seat 5: ALCY_TEXAS ($9.75 in chips) 
Seat 6: Albarab ($26.30 in chips) 
Seat 7: shahar888 ($17.40 in chips) 
Seat 9: Alameda22 ($32.45 in chips) 
Dablo82: posts small blind $0.10
ALCY_TEXAS: posts big blind $0.25
*** HOLE CARDS ***
Dealt to Alameda22 [3h Ks]
Albarab: folds 
shahar888: calls $0.25
ALCY_TEXAS said, "q8   niceee"
Alameda22: folds 
shahar888 said, "oye amigo"
nutslos: calls $0.25
arf919111: folds 
JHBrenes: folds 
Dablo82: calls $0.15
ALCY_TEXAS: checks 
*** FLOP *** [Qs 7h Ad]
Dablo82: checks 
ALCY_TEXAS: checks 
shahar888: checks 
nutslos: bets $0.75
Dablo82: folds 
ALCY_TEXAS: folds 
shahar888: folds 
Uncalled bet ($0.75) returned to nutslos
nutslos collected $0.95 from pot
nutslos: doesn't show hand 
*** SUMMARY ***
Total pot $1 | Rake $0.05 
Board [Qs 7h Ad]
Seat 1: nutslos collected ($0.95)
Seat 2: arf919111 folded before Flop (didn't bet)
Seat 3: JHBrenes (button) folded before Flop (didn't bet)
Seat 4: Dablo82 (small blind) folded on the Flop
Seat 5: ALCY_TEXAS (big blind) folded on the Flop
Seat 6: Albarab folded before Flop (didn't bet)
Seat 7: shahar888 folded on the Flop
Seat 9: Alameda22 folded before Flop (didn't bet)



PokerStars Game #19571510784:  Hold'em No Limit ($0.10/$0.25) - 2008/08/12 - 19:39:20 (ET)
Table 'Josefa' 9-max Seat #4 is the button
Seat 1: nutslos ($5.35 in chips) 
Seat 2: arf919111 ($17.90 in chips) 
Seat 3: JHBrenes ($19.60 in chips) 
Seat 4: Dablo82 ($53.35 in chips) 
Seat 5: ALCY_TEXAS ($9.50 in chips) 
Seat 6: Albarab ($26.30 in chips) 
Seat 7: shahar888 ($17.15 in chips) 
Seat 9: Alameda22 ($32.45 in chips) 
ALCY_TEXAS: posts small blind $0.10
Albarab: posts big blind $0.25
*** HOLE CARDS ***
Dealt to Alameda22 [Tc 2h]
shahar888: raises $0.25 to $0.50
Alameda22: folds 
nutslos: folds 
arf919111: calls $0.50
JHBrenes: folds 
Dablo82: folds 
ALCY_TEXAS: calls $0.40
Albarab: calls $0.25
*** FLOP *** [3h 6h 3d]
ALCY_TEXAS: bets $2
Albarab: raises $2 to $4
shahar888: folds 
arf919111: folds 
ALCY_TEXAS: raises $4.50 to $8.50
Albarab: raises $4.50 to $13
ALCY_TEXAS: calls $0.50 and is all-in
Uncalled bet ($4) returned to Albarab
*** TURN *** [3h 6h 3d] [2c]
*** RIVER *** [3h 6h 3d 2c] [6s]
*** SHOW DOWN ***
ALCY_TEXAS: shows [6c 5d] (a full house, Sixes full of Threes)
Albarab: mucks hand 
ALCY_TEXAS collected $19.05 from pot
*** SUMMARY ***
Total pot $20 | Rake $0.95 
Board [3h 6h 3d 2c 6s]
Seat 1: nutslos folded before Flop (didn't bet)
Seat 2: arf919111 folded on the Flop
Seat 3: JHBrenes folded before Flop (didn't bet)
Seat 4: Dablo82 (button) folded before Flop (didn't bet)
Seat 5: ALCY_TEXAS (small blind) showed [6c 5d] and won ($19.05) with a full house, Sixes full of Threes
Seat 6: Albarab (big blind) mucked [Js Jc]
Seat 7: shahar888 folded on the Flop
Seat 9: Alameda22 folded before Flop (didn't bet)



PokerStars Game #19571538085:  Hold'em No Limit ($0.10/$0.25) - 2008/08/12 - 19:40:31 (ET)
Table 'Josefa' 9-max Seat #5 is the button
Seat 1: nutslos ($5.35 in chips) 
Seat 2: arf919111 ($17.40 in chips) 
Seat 3: JHBrenes ($19.60 in chips) 
Seat 4: Dablo82 ($53.35 in chips) 
Seat 5: ALCY_TEXAS ($19.05 in chips) 
Seat 6: Albarab ($16.80 in chips) 
Seat 7: shahar888 ($16.65 in chips) 
Seat 9: Alameda22 ($32.45 in chips) 
Albarab: posts small blind $0.10
shahar888: posts big blind $0.25
*** HOLE CARDS ***
Dealt to Alameda22 [5h 2h]
Alameda22: folds 
nutslos: folds 
arf919111: calls $0.25
JHBrenes: calls $0.25
Dablo82: folds 
ALCY_TEXAS: calls $0.25
Albarab: folds 
shahar888: checks 
*** FLOP *** [4d 2d 3c]
shahar888: bets $0.25
arf919111: calls $0.25
JHBrenes: calls $0.25
ALCY_TEXAS: calls $0.25
*** TURN *** [4d 2d 3c] [As]
shahar888: checks 
arf919111: checks 
JHBrenes: bets $1
ALCY_TEXAS: folds 
shahar888: calls $1
arf919111: folds 
*** RIVER *** [4d 2d 3c As] [9h]
shahar888: checks 
JHBrenes: checks 
*** SHOW DOWN ***
shahar888: shows [6c 3d] (a pair of Threes)
JHBrenes: shows [Qh 4h] (a pair of Fours)
JHBrenes collected $3.90 from pot
*** SUMMARY ***
Total pot $4.10 | Rake $0.20 
Board [4d 2d 3c As 9h]
Seat 1: nutslos folded before Flop (didn't bet)
Seat 2: arf919111 folded on the Turn
Seat 3: JHBrenes showed [Qh 4h] and won ($3.90) with a pair of Fours
Seat 4: Dablo82 folded before Flop (didn't bet)
Seat 5: ALCY_TEXAS (button) folded on the Turn
Seat 6: Albarab (small blind) folded before Flop
Seat 7: shahar888 (big blind) showed [6c 3d] and lost with a pair of Threes
Seat 9: Alameda22 folded before Flop (didn't bet)



PokerStars Game #19571562968:  Hold'em No Limit ($0.10/$0.25) - 2008/08/12 - 19:41:35 (ET)
Table 'Josefa' 9-max Seat #6 is the button
Seat 1: nutslos ($5.35 in chips) 
Seat 2: arf919111 ($16.90 in chips) 
Seat 3: JHBrenes ($22 in chips) 
Seat 4: Dablo82 ($53.35 in chips) 
Seat 5: ALCY_TEXAS ($18.55 in chips) 
Seat 6: Albarab ($25 in chips) 
Seat 7: shahar888 ($15.15 in chips) 
Seat 9: Alameda22 ($32.45 in chips) 
shahar888: posts small blind $0.10
Alameda22: posts big blind $0.25
*** HOLE CARDS ***
Dealt to Alameda22 [Kc 2d]
nutslos: folds 
arf919111: folds 
JHBrenes: folds 
Dablo82: raises $1 to $1.25
ALCY_TEXAS: calls $1.25
Albarab: folds 
shahar888: calls $1.15
Alameda22: folds 
*** FLOP *** [6d Jd 2s]
shahar888: checks 
Dablo82: bets $2.25
ALCY_TEXAS: folds 
shahar888: calls $2.25
*** TURN *** [6d Jd 2s] [2h]
shahar888: bets $2.25
Dablo82: folds 
Uncalled bet ($2.25) returned to shahar888
mla~ joins the table at seat #8 
shahar888 collected $8.10 from pot
shahar888: doesn't show hand 
*** SUMMARY ***
Total pot $8.50 | Rake $0.40 
Board [6d Jd 2s 2h]
Seat 1: nutslos folded before Flop (didn't bet)
Seat 2: arf919111 folded before Flop (didn't bet)
Seat 3: JHBrenes folded before Flop (didn't bet)
Seat 4: Dablo82 folded on the Turn
Seat 5: ALCY_TEXAS folded on the Flop
Seat 6: Albarab (button) folded before Flop (didn't bet)
Seat 7: shahar888 (small blind) collected ($8.10)
Seat 9: Alameda22 (big blind) folded before Flop



PokerStars Game #19571583098:  Hold'em No Limit ($0.10/$0.25) - 2008/08/12 - 19:42:27 (ET)
Table 'Josefa' 9-max Seat #7 is the button
Seat 1: nutslos ($5.35 in chips) 
Seat 2: arf919111 ($16.90 in chips) 
Seat 3: JHBrenes ($22 in chips) 
Seat 4: Dablo82 ($49.85 in chips) 
Seat 5: ALCY_TEXAS ($17.30 in chips) 
Seat 6: Albarab ($25 in chips) 
Seat 7: shahar888 ($19.75 in chips) 
Seat 9: Alameda22 ($32.20 in chips) 
mla~ will be allowed to play after the button
Alameda22: posts small blind $0.10
nutslos: posts big blind $0.25
*** HOLE CARDS ***
Dealt to Alameda22 [6c 4h]
arf919111: folds 
JHBrenes: folds 
Dablo82: calls $0.25
ALCY_TEXAS: raises $1 to $1.25
Albarab: calls $1.25
shahar888: calls $1.25
Alameda22: folds 
nutslos: folds 
Dablo82: calls $1
*** FLOP *** [7d 2d Jc]
Dablo82: bets $2
ALCY_TEXAS: raises $2.05 to $4.05
Albarab: folds 
shahar888: folds 
Dablo82: calls $2.05
*** TURN *** [7d 2d Jc] [9d]
Dablo82: checks 
ALCY_TEXAS: bets $7
Dablo82: folds 
Uncalled bet ($7) returned to ALCY_TEXAS
ALCY_TEXAS collected $12.80 from pot
ALCY_TEXAS: doesn't show hand 
*** SUMMARY ***
Total pot $13.45 | Rake $0.65 
Board [7d 2d Jc 9d]
Seat 1: nutslos (big blind) folded before Flop
Seat 2: arf919111 folded before Flop (didn't bet)
Seat 3: JHBrenes folded before Flop (didn't bet)
Seat 4: Dablo82 folded on the Turn
Seat 5: ALCY_TEXAS collected ($12.80)
Seat 6: Albarab folded on the Flop
Seat 7: shahar888 (button) folded on the Flop
Seat 9: Alameda22 (small blind) folded before Flop



PokerStars Game #19571615379:  Hold'em No Limit ($0.10/$0.25) - 2008/08/12 - 19:43:52 (ET)
Table 'Josefa' 9-max Seat #9 is the button
Seat 1: nutslos ($5.10 in chips) 
Seat 2: arf919111 ($16.90 in chips) 
Seat 3: JHBrenes ($22 in chips) 
Seat 4: Dablo82 ($44.55 in chips) 
Seat 5: ALCY_TEXAS ($24.80 in chips) 
Seat 6: Albarab ($23.75 in chips) 
Seat 7: shahar888 ($18.50 in chips) 
Seat 8: mla~ ($25 in chips) 
Seat 9: Alameda22 ($32.10 in chips) 
nutslos: posts small blind $0.10
arf919111: posts big blind $0.25
mla~: posts big blind $0.25
*** HOLE CARDS ***
Dealt to Alameda22 [5d 5h]
JHBrenes: folds 
Dablo82: folds 
ALCY_TEXAS: folds 
Albarab: folds 
shahar888: raises $0.25 to $0.50
mla~: folds 
Alameda22: calls $0.50
nutslos: folds 
arf919111: calls $0.25
*** FLOP *** [6h 2h Jc]
arf919111: checks 
shahar888: checks 
Alameda22: checks 
*** TURN *** [6h 2h Jc] [Td]
arf919111: bets $0.75
shahar888: folds 
Alameda22: folds 
Uncalled bet ($0.75) returned to arf919111
arf919111 collected $1.80 from pot
*** SUMMARY ***
Total pot $1.85 | Rake $0.05 
Board [6h 2h Jc Td]
Seat 1: nutslos (small blind) folded before Flop
Seat 2: arf919111 (big blind) collected ($1.80)
Seat 3: JHBrenes folded before Flop (didn't bet)
Seat 4: Dablo82 folded before Flop (didn't bet)
Seat 5: ALCY_TEXAS folded before Flop (didn't bet)
Seat 6: Albarab folded before Flop (didn't bet)
Seat 7: shahar888 folded on the Turn
Seat 8: mla~ folded before Flop
Seat 9: Alameda22 (button) folded on the Turn



PokerStars Game #19571641552:  Hold'em No Limit ($0.10/$0.25) - 2008/08/12 - 19:45:00 (ET)
Table 'Josefa' 9-max Seat #1 is the button
Seat 1: nutslos ($5 in chips) 
Seat 2: arf919111 ($18.20 in chips) 
Seat 3: JHBrenes ($22 in chips) 
Seat 4: Dablo82 ($44.55 in chips) 
Seat 5: ALCY_TEXAS ($24.80 in chips) 
Seat 6: Albarab ($23.75 in chips) 
Seat 7: shahar888 ($18 in chips) 
Seat 8: mla~ ($24.75 in chips) 
Seat 9: Alameda22 ($31.60 in chips) 
arf919111: posts small blind $0.10
JHBrenes: posts big blind $0.25
*** HOLE CARDS ***
Dealt to Alameda22 [Tc 3c]
Dablo82: folds 
ALCY_TEXAS: folds 
Albarab: folds 
shahar888: calls $0.25
Dablo82 leaves the table
mla~: raises $1 to $1.25
Alameda22: folds 
nutslos: folds 
arf919111: folds 
JHBrenes: calls $1
shahar888: calls $1
*** FLOP *** [Kc 6c Kd]
JHBrenes: checks 
shahar888: bets $2.25
mla~: folds 
JHBrenes: folds 
Uncalled bet ($2.25) returned to shahar888
shahar888 collected $3.70 from pot
shahar888: doesn't show hand 
*** SUMMARY ***
Total pot $3.85 | Rake $0.15 
Board [Kc 6c Kd]
Seat 1: nutslos (button) folded before Flop (didn't bet)
Seat 2: arf919111 (small blind) folded before Flop
Seat 3: JHBrenes (big blind) folded on the Flop
Seat 4: Dablo82 folded before Flop (didn't bet)
Seat 5: ALCY_TEXAS folded before Flop (didn't bet)
Seat 6: Albarab folded before Flop (didn't bet)
Seat 7: shahar888 collected ($3.70)
Seat 8: mla~ folded on the Flop
Seat 9: Alameda22 folded before Flop (didn't bet)



PokerStars Game #19571663357:  Hold'em No Limit ($0.10/$0.25) - 2008/08/12 - 19:45:58 (ET)
Table 'Josefa' 9-max Seat #2 is the button
Seat 1: nutslos ($5 in chips) 
Seat 2: arf919111 ($18.10 in chips) 
Seat 3: JHBrenes ($20.75 in chips) 
Seat 5: ALCY_TEXAS ($24.80 in chips) 
Seat 6: Albarab ($25 in chips) 
Seat 7: shahar888 ($20.45 in chips) 
Seat 8: mla~ ($23.50 in chips) 
Seat 9: Alameda22 ($31.60 in chips) 
JHBrenes: posts small blind $0.10
ALCY_TEXAS: posts big blind $0.25
*** HOLE CARDS ***
Dealt to Alameda22 [As Ts]
Albarab: folds 
shahar888: calls $0.25
mla~: calls $0.25
Alameda22: folds 
nutslos: folds 
arf919111: folds 
JHBrenes: calls $0.15
ALCY_TEXAS: checks 
*** FLOP *** [5d 8d 2h]
JHBrenes: checks 
ALCY_TEXAS: checks 
grumpywind joins the table at seat #4 
shahar888: checks 
mla~: bets $0.75
JHBrenes: folds 
ALCY_TEXAS: folds 
shahar888: folds 
Uncalled bet ($0.75) returned to mla~
mla~ collected $0.95 from pot
mla~: doesn't show hand 
*** SUMMARY ***
Total pot $1 | Rake $0.05 
Board [5d 8d 2h]
Seat 1: nutslos folded before Flop (didn't bet)
Seat 2: arf919111 (button) folded before Flop (didn't bet)
Seat 3: JHBrenes (small blind) folded on the Flop
Seat 5: ALCY_TEXAS (big blind) folded on the Flop
Seat 6: Albarab folded before Flop (didn't bet)
Seat 7: shahar888 folded on the Flop
Seat 8: mla~ collected ($0.95)
Seat 9: Alameda22 folded before Flop (didn't bet)



PokerStars Game #19571685868:  Hold'em No Limit ($0.10/$0.25) - 2008/08/12 - 19:46:58 (ET)
Table 'Josefa' 9-max Seat #3 is the button
Seat 1: nutslos ($5 in chips) 
Seat 2: arf919111 ($18.10 in chips) 
Seat 3: JHBrenes ($20.50 in chips) 
Seat 5: ALCY_TEXAS ($24.55 in chips) 
Seat 6: Albarab ($25 in chips) 
Seat 7: shahar888 ($20.20 in chips) 
Seat 8: mla~ ($24.20 in chips) 
Seat 9: Alameda22 ($31.60 in chips) 
grumpywind will be allowed to play after the button
ALCY_TEXAS: posts small blind $0.10
Albarab: posts big blind $0.25
*** HOLE CARDS ***
Dealt to Alameda22 [3d 3h]
shahar888: folds 
mla~: folds 
Alameda22: folds 
nutslos: folds 
arf919111: folds 
JHBrenes: folds 
ALCY_TEXAS: calls $0.15
Albarab: checks 
*** FLOP *** [4d 2c 9c]
ALCY_TEXAS: checks 
Albarab: checks 
*** TURN *** [4d 2c 9c] [5c]
ALCY_TEXAS: checks 
Albarab: checks 
*** RIVER *** [4d 2c 9c 5c] [Jd]
ALCY_TEXAS: checks 
Albarab: checks 
*** SHOW DOWN ***
ALCY_TEXAS: shows [Ac 8h] (high card Ace)
Albarab: shows [2d Th] (a pair of Deuces)
Albarab collected $0.50 from pot
*** SUMMARY ***
Total pot $0.50 | Rake $0 
Board [4d 2c 9c 5c Jd]
Seat 1: nutslos folded before Flop (didn't bet)
Seat 2: arf919111 folded before Flop (didn't bet)
Seat 3: JHBrenes (button) folded before Flop (didn't bet)
Seat 5: ALCY_TEXAS (small blind) showed [Ac 8h] and lost with high card Ace
Seat 6: Albarab (big blind) showed [2d Th] and won ($0.50) with a pair of Deuces
Seat 7: shahar888 folded before Flop (didn't bet)
Seat 8: mla~ folded before Flop (didn't bet)
Seat 9: Alameda22 folded before Flop (didn't bet)



PokerStars Game #19571701820:  Hold'em No Limit ($0.10/$0.25) - 2008/08/12 - 19:47:40 (ET)
Table 'Josefa' 9-max Seat #5 is the button
Seat 1: nutslos ($5 in chips) 
Seat 2: arf919111 ($18.10 in chips) 
Seat 3: JHBrenes ($20.50 in chips) 
Seat 4: grumpywind ($15 in chips) 
Seat 5: ALCY_TEXAS ($24.30 in chips) 
Seat 6: Albarab ($25.25 in chips) 
Seat 7: shahar888 ($20.20 in chips) 
Seat 8: mla~ ($24.20 in chips) 
Seat 9: Alameda22 ($31.60 in chips) 
Albarab: posts small blind $0.10
shahar888: posts big blind $0.25
grumpywind: posts big blind $0.25
*** HOLE CARDS ***
Dealt to Alameda22 [Js 2h]
mla~: folds 
Alameda22: folds 
nutslos: folds 
arf919111: folds 
JHBrenes: folds 
grumpywind: raises $0.25 to $0.50
ALCY_TEXAS: folds 
Albarab: folds 
shahar888: calls $0.25
*** FLOP *** [Kh 9d Tc]
shahar888: checks 
grumpywind: bets $1
shahar888: folds 
Uncalled bet ($1) returned to grumpywind
grumpywind collected $1.05 from pot
grumpywind: doesn't show hand 
*** SUMMARY ***
Total pot $1.10 | Rake $0.05 
Board [Kh 9d Tc]
Seat 1: nutslos folded before Flop (didn't bet)
Seat 2: arf919111 folded before Flop (didn't bet)
Seat 3: JHBrenes folded before Flop (didn't bet)
Seat 4: grumpywind collected ($1.05)
Seat 5: ALCY_TEXAS (button) folded before Flop (didn't bet)
Seat 6: Albarab (small blind) folded before Flop
Seat 7: shahar888 (big blind) folded on the Flop
Seat 8: mla~ folded before Flop (didn't bet)
Seat 9: Alameda22 folded before Flop (didn't bet)



PokerStars Game #19571713936:  Hold'em No Limit ($0.10/$0.25) - 2008/08/12 - 19:48:12 (ET)
Table 'Josefa' 9-max Seat #6 is the button
Seat 1: nutslos ($5 in chips) 
Seat 2: arf919111 ($18.10 in chips) 
Seat 3: JHBrenes ($20.50 in chips) 
Seat 4: grumpywind ($15.55 in chips) 
Seat 5: ALCY_TEXAS ($24.30 in chips) 
Seat 6: Albarab ($25.15 in chips) 
Seat 7: shahar888 ($19.70 in chips) 
Seat 8: mla~ ($24.20 in chips) 
Seat 9: Alameda22 ($31.60 in chips) 
shahar888: posts small blind $0.10
mla~: posts big blind $0.25
*** HOLE CARDS ***
Dealt to Alameda22 [Ts Kd]
Alameda22: folds 
nutslos: folds 
arf919111: folds 
JHBrenes: calls $0.25
grumpywind: calls $0.25
ALCY_TEXAS: folds 
Albarab: folds 
shahar888: raises $1.25 to $1.50
mla~: raises $3 to $4.50
JHBrenes: folds 
grumpywind: folds 
shahar888: raises $15.20 to $19.70 and is all-in
mla~: calls $15.20
*** FLOP *** [5h Td Qs]
*** TURN *** [5h Td Qs] [6s]
*** RIVER *** [5h Td Qs 6s] [4h]
*** SHOW DOWN ***
shahar888: shows [Qc Kc] (a pair of Queens)
mla~: shows [Ah Ac] (a pair of Aces)
mla~ collected $37.95 from pot
*** SUMMARY ***
Total pot $39.90 | Rake $1.95 
Board [5h Td Qs 6s 4h]
Seat 1: nutslos folded before Flop (didn't bet)
Seat 2: arf919111 folded before Flop (didn't bet)
Seat 3: JHBrenes folded before Flop
Seat 4: grumpywind folded before Flop
Seat 5: ALCY_TEXAS folded before Flop (didn't bet)
Seat 6: Albarab (button) folded before Flop (didn't bet)
Seat 7: shahar888 (small blind) showed [Qc Kc] and lost with a pair of Queens
Seat 8: mla~ (big blind) showed [Ah Ac] and won ($37.95) with a pair of Aces
Seat 9: Alameda22 folded before Flop (didn't bet)



PokerStars Game #19571736057:  Hold'em No Limit ($0.10/$0.25) - 2008/08/12 - 19:49:11 (ET)
Table 'Josefa' 9-max Seat #8 is the button
Seat 1: nutslos ($5 in chips) 
Seat 2: arf919111 ($18.10 in chips) 
Seat 3: JHBrenes ($20.25 in chips) 
Seat 4: grumpywind ($15.30 in chips) 
Seat 5: ALCY_TEXAS ($24.30 in chips) 
Seat 6: Albarab ($25.15 in chips) 
Seat 8: mla~ ($42.45 in chips) 
Seat 9: Alameda22 ($31.60 in chips) 
Alameda22: posts small blind $0.10
nutslos: posts big blind $0.25
*** HOLE CARDS ***
Dealt to Alameda22 [Kh 7s]
arf919111: folds 
shahar888 leaves the table
JHBrenes: raises $0.50 to $0.75
grumpywind: folds 
ALCY_TEXAS: raises $0.75 to $1.50
Albarab: folds 
mla~: folds 
Alameda22: folds 
nutslos: folds 
JHBrenes: folds 
Uncalled bet ($0.75) returned to ALCY_TEXAS
ALCY_TEXAS collected $1.85 from pot
ALCY_TEXAS: doesn't show hand 
derfgolf joins the table at seat #7 
*** SUMMARY ***
Total pot $1.85 | Rake $0 
Seat 1: nutslos (big blind) folded before Flop
Seat 2: arf919111 folded before Flop (didn't bet)
Seat 3: JHBrenes folded before Flop
Seat 4: grumpywind folded before Flop (didn't bet)
Seat 5: ALCY_TEXAS collected ($1.85)
Seat 6: Albarab folded before Flop (didn't bet)
Seat 8: mla~ (button) folded before Flop (didn't bet)
Seat 9: Alameda22 (small blind) folded before Flop



PokerStars Game #19571751665:  Hold'em No Limit ($0.10/$0.25) - 2008/08/12 - 19:49:52 (ET)
Table 'Josefa' 9-max Seat #9 is the button
Seat 1: nutslos ($4.75 in chips) 
Seat 2: arf919111 ($18.10 in chips) 
Seat 3: JHBrenes ($19.50 in chips) 
Seat 4: grumpywind ($15.30 in chips) 
Seat 5: ALCY_TEXAS ($25.40 in chips) 
Seat 6: Albarab ($25.15 in chips) 
Seat 8: mla~ ($42.45 in chips) 
Seat 9: Alameda22 ($31.50 in chips) 
nutslos: posts small blind $0.10
arf919111: posts big blind $0.25
derfgolf: sits out 
*** HOLE CARDS ***
Dealt to Alameda22 [4h Jd]
JHBrenes: folds 
grumpywind: folds 
ALCY_TEXAS: folds 
Albarab: folds 
mla~: raises $0.75 to $1
Alameda22: folds 
nutslos: folds 
arf919111: folds 
Uncalled bet ($0.75) returned to mla~
mla~ collected $0.60 from pot
mla~: doesn't show hand 
*** SUMMARY ***
Total pot $0.60 | Rake $0 
Seat 1: nutslos (small blind) folded before Flop
Seat 2: arf919111 (big blind) folded before Flop
Seat 3: JHBrenes folded before Flop (didn't bet)
Seat 4: grumpywind folded before Flop (didn't bet)
Seat 5: ALCY_TEXAS folded before Flop (didn't bet)
Seat 6: Albarab folded before Flop (didn't bet)
Seat 8: mla~ collected ($0.60)
Seat 9: Alameda22 (button) folded before Flop (didn't bet)



PokerStars Game #19571765318:  Hold'em No Limit ($0.10/$0.25) - 2008/08/12 - 19:50:28 (ET)
Table 'Josefa' 9-max Seat #1 is the button
Seat 1: nutslos ($4.65 in chips) 
Seat 2: arf919111 ($17.85 in chips) 
Seat 3: JHBrenes ($19.50 in chips) 
Seat 4: grumpywind ($15.30 in chips) 
Seat 5: ALCY_TEXAS ($25.40 in chips) 
Seat 6: Albarab ($25.15 in chips) 
Seat 8: mla~ ($42.80 in chips) 
Seat 9: Alameda22 ($31.50 in chips) 
arf919111: posts small blind $0.10
JHBrenes: posts big blind $0.25
derfgolf: sits out 
*** HOLE CARDS ***
Dealt to Alameda22 [Kd 7d]
grumpywind: calls $0.25
ALCY_TEXAS: folds 
Albarab: folds 
mla~: folds 
Alameda22: folds 
nutslos: folds 
arf919111: raises $0.75 to $1
JHBrenes: folds 
grumpywind: calls $0.75
*** FLOP *** [8s 2d Ac]
arf919111: bets $1.50
grumpywind: folds 
Uncalled bet ($1.50) returned to arf919111
arf919111 collected $2.15 from pot
arf919111: doesn't show hand 
*** SUMMARY ***
Total pot $2.25 | Rake $0.10 
Board [8s 2d Ac]
Seat 1: nutslos (button) folded before Flop (didn't bet)
Seat 2: arf919111 (small blind) collected ($2.15)
Seat 3: JHBrenes (big blind) folded before Flop
Seat 4: grumpywind folded on the Flop
Seat 5: ALCY_TEXAS folded before Flop (didn't bet)
Seat 6: Albarab folded before Flop (didn't bet)
Seat 8: mla~ folded before Flop (didn't bet)
Seat 9: Alameda22 folded before Flop (didn't bet)



PokerStars Game #19571780896:  Hold'em No Limit ($0.10/$0.25) - 2008/08/12 - 19:51:09 (ET)
Table 'Josefa' 9-max Seat #2 is the button
Seat 1: nutslos ($5.05 in chips) 
Seat 2: arf919111 ($19 in chips) 
Seat 3: JHBrenes ($19.25 in chips) 
Seat 4: grumpywind ($14.30 in chips) 
Seat 5: ALCY_TEXAS ($25.40 in chips) 
Seat 6: Albarab ($25.15 in chips) 
Seat 8: mla~ ($42.80 in chips) 
Seat 9: Alameda22 ($31.50 in chips) 
JHBrenes: posts small blind $0.10
grumpywind: posts big blind $0.25
derfgolf: sits out 
*** HOLE CARDS ***
Dealt to Alameda22 [Jh 8h]
ALCY_TEXAS: folds 
Albarab: raises $0.75 to $1
mla~: folds 
Alameda22: folds 
nutslos: folds 
arf919111: folds 
JHBrenes: folds 
grumpywind: calls $0.75
*** FLOP *** [2d Jc 7c]
grumpywind: bets $1.50
Albarab: folds 
Uncalled bet ($1.50) returned to grumpywind
grumpywind collected $2 from pot
grumpywind: doesn't show hand 
*** SUMMARY ***
Total pot $2.10 | Rake $0.10 
Board [2d Jc 7c]
Seat 1: nutslos folded before Flop (didn't bet)
Seat 2: arf919111 (button) folded before Flop (didn't bet)
Seat 3: JHBrenes (small blind) folded before Flop
Seat 4: grumpywind (big blind) collected ($2)
Seat 5: ALCY_TEXAS folded before Flop (didn't bet)
Seat 6: Albarab folded on the Flop
Seat 8: mla~ folded before Flop (didn't bet)
Seat 9: Alameda22 folded before Flop (didn't bet)



PokerStars Game #19571795609:  Hold'em No Limit ($0.10/$0.25) - 2008/08/12 - 19:51:48 (ET)
Table 'Josefa' 9-max Seat #3 is the button
Seat 1: nutslos ($5.05 in chips) 
Seat 2: arf919111 ($19 in chips) 
Seat 3: JHBrenes ($19.15 in chips) 
Seat 4: grumpywind ($15.30 in chips) 
Seat 5: ALCY_TEXAS ($25.40 in chips) 
Seat 6: Albarab ($24.15 in chips) 
Seat 8: mla~ ($42.80 in chips) 
Seat 9: Alameda22 ($31.50 in chips) 
grumpywind: posts small blind $0.10
ALCY_TEXAS: posts big blind $0.25
derfgolf: sits out 
*** HOLE CARDS ***
Dealt to Alameda22 [Ac Jd]
Albarab: folds 
mla~: folds 
Alameda22: raises $0.50 to $0.75
nutslos: folds 
arf919111: calls $0.75
JHBrenes: folds 
grumpywind: calls $0.65
ALCY_TEXAS: folds 
*** FLOP *** [5d Th 5s]
grumpywind: checks 
Alameda22: bets $1.75
arf919111: folds 
grumpywind: calls $1.75
*** TURN *** [5d Th 5s] [5h]
grumpywind: checks 
Alameda22: checks 
*** RIVER *** [5d Th 5s 5h] [9d]
grumpywind: bets $2
Alameda22: calls $2
*** SHOW DOWN ***
grumpywind: shows [Ks Ts] (a full house, Fives full of Tens)
Alameda22: mucks hand 
grumpywind collected $9.55 from pot
*** SUMMARY ***
Total pot $10 | Rake $0.45 
Board [5d Th 5s 5h 9d]
Seat 1: nutslos folded before Flop (didn't bet)
Seat 2: arf919111 folded on the Flop
Seat 3: JHBrenes (button) folded before Flop (didn't bet)
Seat 4: grumpywind (small blind) showed [Ks Ts] and won ($9.55) with a full house, Fives full of Tens
Seat 5: ALCY_TEXAS (big blind) folded before Flop
Seat 6: Albarab folded before Flop (didn't bet)
Seat 8: mla~ folded before Flop (didn't bet)
Seat 9: Alameda22 mucked [Ac Jd]



PokerStars Game #19571832168:  Hold'em No Limit ($0.10/$0.25) - 2008/08/12 - 19:53:26 (ET)
Table 'Josefa' 9-max Seat #4 is the button
Seat 1: nutslos ($5.05 in chips) 
Seat 2: arf919111 ($18.25 in chips) 
Seat 3: JHBrenes ($19.15 in chips) 
Seat 4: grumpywind ($20.35 in chips) 
Seat 5: ALCY_TEXAS ($25.15 in chips) 
Seat 6: Albarab ($24.15 in chips) 
Seat 8: mla~ ($42.80 in chips) 
Seat 9: Alameda22 ($27 in chips) 
ALCY_TEXAS: posts small blind $0.10
Albarab: posts big blind $0.25
derfgolf: sits out 
*** HOLE CARDS ***
Dealt to Alameda22 [Js 7h]
mla~: folds 
Alameda22: folds 
nutslos: folds 
arf919111: folds 
JHBrenes: folds 
grumpywind: calls $0.25
ALCY_TEXAS: calls $0.15
Albarab: checks 
*** FLOP *** [7s 2c 6c]
ALCY_TEXAS: bets $0.50
Albarab: folds 
grumpywind: calls $0.50
*** TURN *** [7s 2c 6c] [7d]
ALCY_TEXAS: checks 
grumpywind: checks 
*** RIVER *** [7s 2c 6c 7d] [5s]
ALCY_TEXAS: bets $0.75
grumpywind: raises $0.75 to $1.50
ALCY_TEXAS: calls $0.75
*** SHOW DOWN ***
grumpywind: shows [7c Qd] (three of a kind, Sevens)
ALCY_TEXAS: shows [3c 4c] (a straight, Three to Seven)
ALCY_TEXAS collected $4.55 from pot
*** SUMMARY ***
Total pot $4.75 | Rake $0.20 
Board [7s 2c 6c 7d 5s]
Seat 1: nutslos folded before Flop (didn't bet)
Seat 2: arf919111 folded before Flop (didn't bet)
Seat 3: JHBrenes folded before Flop (didn't bet)
Seat 4: grumpywind (button) showed [7c Qd] and lost with three of a kind, Sevens
Seat 5: ALCY_TEXAS (small blind) showed [3c 4c] and won ($4.55) with a straight, Three to Seven
Seat 6: Albarab (big blind) folded on the Flop
Seat 8: mla~ folded before Flop (didn't bet)
Seat 9: Alameda22 folded before Flop (didn't bet)



PokerStars Game #19571854161:  Hold'em No Limit ($0.10/$0.25) - 2008/08/12 - 19:54:25 (ET)
Table 'Josefa' 9-max Seat #5 is the button
Seat 1: nutslos ($5.05 in chips) 
Seat 2: arf919111 ($18.25 in chips) 
Seat 3: JHBrenes ($19.15 in chips) 
Seat 4: grumpywind ($18.10 in chips) 
Seat 5: ALCY_TEXAS ($27.45 in chips) 
Seat 6: Albarab ($23.90 in chips) 
Seat 7: derfgolf ($25 in chips) 
Seat 8: mla~ ($42.80 in chips) 
Seat 9: Alameda22 ($27 in chips) 
Albarab: posts small blind $0.10
derfgolf: posts big blind $0.25
*** HOLE CARDS ***
Dealt to Alameda22 [Ts Th]
mla~: folds 
Alameda22: raises $0.50 to $0.75
nutslos: folds 
arf919111: calls $0.75
JHBrenes: folds 
grumpywind: folds 
ALCY_TEXAS: folds 
Albarab: folds 
derfgolf: folds 
*** FLOP *** [7s Ad 4d]
Alameda22: bets $1.25
arf919111: calls $1.25
*** TURN *** [7s Ad 4d] [9c]
Alameda22: checks 
arf919111: bets $1.75
Alameda22: calls $1.75
*** RIVER *** [7s Ad 4d 9c] [4s]
Alameda22: checks 
arf919111: bets $7.75
Alameda22: calls $7.75
*** SHOW DOWN ***
arf919111: shows [7h 7d] (a full house, Sevens full of Fours)
Alameda22: mucks hand 
arf919111 collected $22.20 from pot
*** SUMMARY ***
Total pot $23.35 | Rake $1.15 
Board [7s Ad 4d 9c 4s]
Seat 1: nutslos folded before Flop (didn't bet)
Seat 2: arf919111 showed [7h 7d] and won ($22.20) with a full house, Sevens full of Fours
Seat 3: JHBrenes folded before Flop (didn't bet)
Seat 4: grumpywind folded before Flop (didn't bet)
Seat 5: ALCY_TEXAS (button) folded before Flop (didn't bet)
Seat 6: Albarab (small blind) folded before Flop
Seat 7: derfgolf (big blind) folded before Flop
Seat 8: mla~ folded before Flop (didn't bet)
Seat 9: Alameda22 mucked [Ts Th]



PokerStars Game #19571896524:  Hold'em No Limit ($0.10/$0.25) - 2008/08/12 - 19:56:18 (ET)
Table 'Josefa' 9-max Seat #6 is the button
Seat 1: nutslos ($5.05 in chips) 
Seat 2: arf919111 ($28.95 in chips) 
Seat 3: JHBrenes ($19.15 in chips) 
Seat 4: grumpywind ($18.10 in chips) 
Seat 5: ALCY_TEXAS ($27.45 in chips) 
Seat 6: Albarab ($23.80 in chips) 
Seat 7: derfgolf ($24.75 in chips) 
Seat 8: mla~ ($42.80 in chips) 
Seat 9: Alameda22 ($25 in chips) 
derfgolf: posts small blind $0.10
mla~: posts big blind $0.25
*** HOLE CARDS ***
Dealt to Alameda22 [Qh 4h]
Alameda22: folds 
nutslos: folds 
arf919111: calls $0.25
JHBrenes: folds 
grumpywind: raises $0.50 to $0.75
ALCY_TEXAS: calls $0.75
Albarab: folds 
derfgolf: folds 
mla~: folds 
arf919111: calls $0.50
*** FLOP *** [5d Qd Ad]
arf919111: checks 
grumpywind: bets $0.75
ALCY_TEXAS: calls $0.75
arf919111: raises $1 to $1.75
grumpywind: calls $1
ALCY_TEXAS: folds 
*** TURN *** [5d Qd Ad] [3s]
arf919111: bets $3
grumpywind: folds 
Uncalled bet ($3) returned to arf919111
arf919111 collected $6.55 from pot
*** SUMMARY ***
Total pot $6.85 | Rake $0.30 
Board [5d Qd Ad 3s]
Seat 1: nutslos folded before Flop (didn't bet)
Seat 2: arf919111 collected ($6.55)
Seat 3: JHBrenes folded before Flop (didn't bet)
Seat 4: grumpywind folded on the Turn
Seat 5: ALCY_TEXAS folded on the Flop
Seat 6: Albarab (button) folded before Flop (didn't bet)
Seat 7: derfgolf (small blind) folded before Flop
Seat 8: mla~ (big blind) folded before Flop
Seat 9: Alameda22 folded before Flop (didn't bet)



PokerStars Game #19571924382:  Hold'em No Limit ($0.10/$0.25) - 2008/08/12 - 19:57:32 (ET)
Table 'Josefa' 9-max Seat #7 is the button
Seat 1: nutslos ($5.05 in chips) 
Seat 2: arf919111 ($33 in chips) 
Seat 3: JHBrenes ($19.15 in chips) 
Seat 4: grumpywind ($15.60 in chips) 
Seat 5: ALCY_TEXAS ($25.95 in chips) 
Seat 6: Albarab ($23.80 in chips) 
Seat 7: derfgolf ($24.65 in chips) 
Seat 8: mla~ ($42.55 in chips) 
Seat 9: Alameda22 ($25 in chips) 
mla~: posts small blind $0.10
Alameda22: posts big blind $0.25
*** HOLE CARDS ***
Dealt to Alameda22 [6c 9h]
nutslos: folds 
arf919111: folds 
JHBrenes: raises $0.50 to $0.75
grumpywind: folds 
ALCY_TEXAS: folds 
Albarab: folds 
derfgolf: folds 
mla~: folds 
Alameda22: folds 
Uncalled bet ($0.50) returned to JHBrenes
JHBrenes collected $0.60 from pot
*** SUMMARY ***
Total pot $0.60 | Rake $0 
Seat 1: nutslos folded before Flop (didn't bet)
Seat 2: arf919111 folded before Flop (didn't bet)
Seat 3: JHBrenes collected ($0.60)
Seat 4: grumpywind folded before Flop (didn't bet)
Seat 5: ALCY_TEXAS folded before Flop (didn't bet)
Seat 6: Albarab folded before Flop (didn't bet)
Seat 7: derfgolf (button) folded before Flop (didn't bet)
Seat 8: mla~ (small blind) folded before Flop
Seat 9: Alameda22 (big blind) folded before Flop



PokerStars Game #19571941947:  Hold'em No Limit ($0.10/$0.25) - 2008/08/12 - 19:58:19 (ET)
Table 'Josefa' 9-max Seat #8 is the button
Seat 1: nutslos ($5.05 in chips) 
Seat 2: arf919111 ($33 in chips) 
Seat 3: JHBrenes ($19.50 in chips) 
Seat 4: grumpywind ($15.60 in chips) 
Seat 5: ALCY_TEXAS ($25.95 in chips) 
Seat 6: Albarab ($23.80 in chips) 
Seat 7: derfgolf ($24.65 in chips) 
Seat 8: mla~ ($42.45 in chips) 
Seat 9: Alameda22 ($24.75 in chips) 
Alameda22: posts small blind $0.10
nutslos: posts big blind $0.25
*** HOLE CARDS ***
Dealt to Alameda22 [9s Ac]
arf919111: folds 
JHBrenes: calls $0.25
grumpywind: calls $0.25
ALCY_TEXAS: folds 
Albarab: folds 
derfgolf: folds 
mla~: folds 
Alameda22: folds 
nutslos: checks 
*** FLOP *** [Ah 4c 2h]
nutslos: checks 
JHBrenes: checks 
grumpywind: bets $0.75
nutslos: folds 
JHBrenes: folds 
Uncalled bet ($0.75) returned to grumpywind
grumpywind collected $0.85 from pot
grumpywind: doesn't show hand 
*** SUMMARY ***
Total pot $0.85 | Rake $0 
Board [Ah 4c 2h]
Seat 1: nutslos (big blind) folded on the Flop
Seat 2: arf919111 folded before Flop (didn't bet)
Seat 3: JHBrenes folded on the Flop
Seat 4: grumpywind collected ($0.85)
Seat 5: ALCY_TEXAS folded before Flop (didn't bet)
Seat 6: Albarab folded before Flop (didn't bet)
Seat 7: derfgolf folded before Flop (didn't bet)
Seat 8: mla~ (button) folded before Flop (didn't bet)
Seat 9: Alameda22 (small blind) folded before Flop



PokerStars Game #19571970925:  Hold'em No Limit ($0.10/$0.25) - 2008/08/12 - 19:59:37 (ET)
Table 'Josefa' 9-max Seat #9 is the button
Seat 1: nutslos ($4.80 in chips) 
Seat 2: arf919111 ($33 in chips) 
Seat 3: JHBrenes ($19.25 in chips) 
Seat 4: grumpywind ($16.20 in chips) 
Seat 5: ALCY_TEXAS ($25.95 in chips) 
Seat 6: Albarab ($23.80 in chips) 
Seat 7: derfgolf ($24.65 in chips) 
Seat 8: mla~ ($42.45 in chips) 
Seat 9: Alameda22 ($24.65 in chips) 
nutslos: posts small blind $0.10
arf919111: posts big blind $0.25
*** HOLE CARDS ***
Dealt to Alameda22 [As 7d]
JHBrenes: folds 
grumpywind: folds 
ALCY_TEXAS: folds 
Albarab: folds 
derfgolf: folds 
mla~: folds 
Alameda22: raises $0.50 to $0.75
nutslos: folds 
arf919111: folds 
Uncalled bet ($0.50) returned to Alameda22
Alameda22 collected $0.60 from pot
Alameda22: doesn't show hand 
*** SUMMARY ***
Total pot $0.60 | Rake $0 
Seat 1: nutslos (small blind) folded before Flop
Seat 2: arf919111 (big blind) folded before Flop
Seat 3: JHBrenes folded before Flop (didn't bet)
Seat 4: grumpywind folded before Flop (didn't bet)
Seat 5: ALCY_TEXAS folded before Flop (didn't bet)
Seat 6: Albarab folded before Flop (didn't bet)
Seat 7: derfgolf folded before Flop (didn't bet)
Seat 8: mla~ folded before Flop (didn't bet)
Seat 9: Alameda22 (button) collected ($0.60)



PokerStars Game #19571987706:  Hold'em No Limit ($0.10/$0.25) - 2008/08/12 - 20:00:19 (ET)
Table 'Josefa' 9-max Seat #1 is the button
Seat 1: nutslos ($4.70 in chips) 
Seat 2: arf919111 ($32.75 in chips) 
Seat 3: JHBrenes ($19.25 in chips) 
Seat 4: grumpywind ($16.20 in chips) 
Seat 5: ALCY_TEXAS ($25.95 in chips) 
Seat 6: Albarab ($25 in chips) 
Seat 7: derfgolf ($24.65 in chips) 
Seat 8: mla~ ($42.45 in chips) 
Seat 9: Alameda22 ($25 in chips) 
arf919111: posts small blind $0.10
JHBrenes: posts big blind $0.25
*** HOLE CARDS ***
Dealt to Alameda22 [4c 9h]
grumpywind: folds 
ALCY_TEXAS: raises $0.50 to $0.75
Albarab: folds 
derfgolf: folds 
mla~: folds 
Alameda22: folds 
nutslos: folds 
arf919111: folds 
JHBrenes: folds 
Uncalled bet ($0.50) returned to ALCY_TEXAS
arf919111 leaves the table
ALCY_TEXAS collected $0.60 from pot
*** SUMMARY ***
Total pot $0.60 | Rake $0 
Seat 1: nutslos (button) folded before Flop (didn't bet)
Seat 2: arf919111 (small blind) folded before Flop
Seat 3: JHBrenes (big blind) folded before Flop
Seat 4: grumpywind folded before Flop (didn't bet)
Seat 5: ALCY_TEXAS collected ($0.60)
Seat 6: Albarab folded before Flop (didn't bet)
Seat 7: derfgolf folded before Flop (didn't bet)
Seat 8: mla~ folded before Flop (didn't bet)
Seat 9: Alameda22 folded before Flop (didn't bet)



PokerStars Game #19572003602:  Hold'em No Limit ($0.10/$0.25) - 2008/08/12 - 20:01:02 (ET)
Table 'Josefa' 9-max Seat #3 is the button
Seat 1: nutslos ($4.70 in chips) 
Seat 3: JHBrenes ($19 in chips) 
Seat 4: grumpywind ($16.20 in chips) 
Seat 5: ALCY_TEXAS ($26.30 in chips) 
Seat 6: Albarab ($25 in chips) 
Seat 7: derfgolf ($24.65 in chips) 
Seat 8: mla~ ($42.45 in chips) 
Seat 9: Alameda22 ($25 in chips) 
grumpywind: posts small blind $0.10
ALCY_TEXAS: posts big blind $0.25
*** HOLE CARDS ***
Dealt to Alameda22 [6c 3c]
Albarab: folds 
virulin joins the table at seat #2 
derfgolf: folds 
mla~: folds 
Alameda22: folds 
nutslos: folds 
JHBrenes: calls $0.25
grumpywind: calls $0.15
ALCY_TEXAS: checks 
*** FLOP *** [5c 5s Jd]
grumpywind: checks 
ALCY_TEXAS: checks 
JHBrenes: bets $0.50
grumpywind: calls $0.50
ALCY_TEXAS: folds 
*** TURN *** [5c 5s Jd] [4h]
grumpywind: checks 
JHBrenes: checks 
*** RIVER *** [5c 5s Jd 4h] [Kd]
grumpywind: bets $1
JHBrenes: folds 
Uncalled bet ($1) returned to grumpywind
grumpywind collected $1.70 from pot
grumpywind: doesn't show hand 
*** SUMMARY ***
Total pot $1.75 | Rake $0.05 
Board [5c 5s Jd 4h Kd]
Seat 1: nutslos folded before Flop (didn't bet)
Seat 3: JHBrenes (button) folded on the River
Seat 4: grumpywind (small blind) collected ($1.70)
Seat 5: ALCY_TEXAS (big blind) folded on the Flop
Seat 6: Albarab folded before Flop (didn't bet)
Seat 7: derfgolf folded before Flop (didn't bet)
Seat 8: mla~ folded before Flop (didn't bet)
Seat 9: Alameda22 folded before Flop (didn't bet)



PokerStars Game #19572031414:  Hold'em No Limit ($0.10/$0.25) - 2008/08/12 - 20:02:16 (ET)
Table 'Josefa' 9-max Seat #4 is the button
Seat 1: nutslos ($4.70 in chips) 
Seat 3: JHBrenes ($18.25 in chips) 
Seat 4: grumpywind ($17.15 in chips) 
Seat 5: ALCY_TEXAS ($26.05 in chips) 
Seat 6: Albarab ($25 in chips) 
Seat 7: derfgolf ($24.65 in chips) 
Seat 8: mla~ ($42.45 in chips) 
Seat 9: Alameda22 ($25 in chips) 
ALCY_TEXAS: posts small blind $0.10
Albarab: posts big blind $0.25
virulin: sits out 
*** HOLE CARDS ***
Dealt to Alameda22 [3c 5d]
derfgolf: folds 
mla~: raises $0.75 to $1
Alameda22: folds 
nutslos: folds 
JHBrenes: folds 
grumpywind: folds 
ALCY_TEXAS: folds 
Albarab: folds 
Uncalled bet ($0.75) returned to mla~
mla~ collected $0.60 from pot
mla~: doesn't show hand 
*** SUMMARY ***
Total pot $0.60 | Rake $0 
Seat 1: nutslos folded before Flop (didn't bet)
Seat 3: JHBrenes folded before Flop (didn't bet)
Seat 4: grumpywind (button) folded before Flop (didn't bet)
Seat 5: ALCY_TEXAS (small blind) folded before Flop
Seat 6: Albarab (big blind) folded before Flop
Seat 7: derfgolf folded before Flop (didn't bet)
Seat 8: mla~ collected ($0.60)
Seat 9: Alameda22 folded before Flop (didn't bet)



PokerStars Game #19572050307:  Hold'em No Limit ($0.10/$0.25) - 2008/08/12 - 20:03:06 (ET)
Table 'Josefa' 9-max Seat #5 is the button
Seat 1: nutslos ($4.70 in chips) 
Seat 3: JHBrenes ($18.25 in chips) 
Seat 4: grumpywind ($17.15 in chips) 
Seat 5: ALCY_TEXAS ($25.95 in chips) 
Seat 6: Albarab ($24.75 in chips) 
Seat 7: derfgolf ($24.65 in chips) 
Seat 8: mla~ ($42.80 in chips) 
Seat 9: Alameda22 ($25 in chips) 
Albarab: posts small blind $0.10
derfgolf: posts big blind $0.25
virulin: sits out 
*** HOLE CARDS ***
Dealt to Alameda22 [4c Td]
mla~: folds 
Alameda22: folds 
nutslos: folds 
JHBrenes: folds 
grumpywind: raises $0.50 to $0.75
ALCY_TEXAS: calls $0.75
Albarab: folds 
derfgolf: folds 
*** FLOP *** [4d Qd As]
grumpywind: checks 
ALCY_TEXAS: checks 
*** TURN *** [4d Qd As] [3s]
grumpywind: checks 
ALCY_TEXAS: bets $1
grumpywind: calls $1
*** RIVER *** [4d Qd As 3s] [8c]
grumpywind: checks 
ALCY_TEXAS: checks 
*** SHOW DOWN ***
grumpywind: shows [Js Kh] (high card Ace)
ALCY_TEXAS: shows [2s Qs] (a pair of Queens)
ALCY_TEXAS collected $3.70 from pot
*** SUMMARY ***
Total pot $3.85 | Rake $0.15 
Board [4d Qd As 3s 8c]
Seat 1: nutslos folded before Flop (didn't bet)
Seat 3: JHBrenes folded before Flop (didn't bet)
Seat 4: grumpywind showed [Js Kh] and lost with high card Ace
Seat 5: ALCY_TEXAS (button) showed [2s Qs] and won ($3.70) with a pair of Queens
Seat 6: Albarab (small blind) folded before Flop
Seat 7: derfgolf (big blind) folded before Flop
Seat 8: mla~ folded before Flop (didn't bet)
Seat 9: Alameda22 folded before Flop (didn't bet)



PokerStars Game #19572074195:  Hold'em No Limit ($0.10/$0.25) - 2008/08/12 - 20:04:09 (ET)
Table 'Josefa' 9-max Seat #6 is the button
Seat 1: nutslos ($4.70 in chips) 
Seat 3: JHBrenes ($18.25 in chips) 
Seat 4: grumpywind ($15.40 in chips) 
Seat 5: ALCY_TEXAS ($27.90 in chips) 
Seat 6: Albarab ($24.65 in chips) 
Seat 7: derfgolf ($24.40 in chips) 
Seat 8: mla~ ($42.80 in chips) 
Seat 9: Alameda22 ($25 in chips) 
derfgolf: posts small blind $0.10
mla~: posts big blind $0.25
virulin: sits out 
*** HOLE CARDS ***
Dealt to Alameda22 [As Ad]
Alameda22: raises $0.50 to $0.75
nutslos: folds 
JHBrenes: folds 
grumpywind: folds 
ALCY_TEXAS: folds 
Albarab: folds 
derfgolf: folds 
mla~: folds 
Uncalled bet ($0.50) returned to Alameda22
Alameda22 collected $0.60 from pot
Alameda22: doesn't show hand 
*** SUMMARY ***
Total pot $0.60 | Rake $0 
Seat 1: nutslos folded before Flop (didn't bet)
Seat 3: JHBrenes folded before Flop (didn't bet)
Seat 4: grumpywind folded before Flop (didn't bet)
Seat 5: ALCY_TEXAS folded before Flop (didn't bet)
Seat 6: Albarab (button) folded before Flop (didn't bet)
Seat 7: derfgolf (small blind) folded before Flop
Seat 8: mla~ (big blind) folded before Flop
Seat 9: Alameda22 collected ($0.60)



PokerStars Game #19572085324:  Hold'em No Limit ($0.10/$0.25) - 2008/08/12 - 20:04:39 (ET)
Table 'Josefa' 9-max Seat #7 is the button
Seat 1: nutslos ($4.70 in chips) 
Seat 3: JHBrenes ($18.25 in chips) 
Seat 4: grumpywind ($15.40 in chips) 
Seat 5: ALCY_TEXAS ($27.90 in chips) 
Seat 6: Albarab ($24.65 in chips) 
Seat 7: derfgolf ($24.30 in chips) 
Seat 8: mla~ ($42.55 in chips) 
Seat 9: Alameda22 ($25.35 in chips) 
mla~: posts small blind $0.10
Alameda22: posts big blind $0.25
virulin: sits out 
*** HOLE CARDS ***
Dealt to Alameda22 [8h 5h]
nutslos: folds 
JHBrenes: folds 
grumpywind: raises $0.25 to $0.50
ALCY_TEXAS: folds 
Albarab: folds 
derfgolf: folds 
mla~: folds 
Alameda22: calls $0.25
*** FLOP *** [Ah 4d 7c]
Alameda22: checks 
grumpywind: bets $0.75
Alameda22: folds 
Uncalled bet ($0.75) returned to grumpywind
grumpywind collected $1.05 from pot
grumpywind: doesn't show hand 
*** SUMMARY ***
Total pot $1.10 | Rake $0.05 
Board [Ah 4d 7c]
Seat 1: nutslos folded before Flop (didn't bet)
Seat 3: JHBrenes folded before Flop (didn't bet)
Seat 4: grumpywind collected ($1.05)
Seat 5: ALCY_TEXAS folded before Flop (didn't bet)
Seat 6: Albarab folded before Flop (didn't bet)
Seat 7: derfgolf (button) folded before Flop (didn't bet)
Seat 8: mla~ (small blind) folded before Flop
Seat 9: Alameda22 (big blind) folded on the Flop



PokerStars Game #19572102585:  Hold'em No Limit ($0.10/$0.25) - 2008/08/12 - 20:05:25 (ET)
Table 'Josefa' 9-max Seat #8 is the button
Seat 1: nutslos ($4.70 in chips) 
Seat 3: JHBrenes ($18.25 in chips) 
Seat 4: grumpywind ($15.95 in chips) 
Seat 5: ALCY_TEXAS ($27.90 in chips) 
Seat 6: Albarab ($24.65 in chips) 
Seat 7: derfgolf ($24.30 in chips) 
Seat 8: mla~ ($42.45 in chips) 
Seat 9: Alameda22 ($24.85 in chips) 
Alameda22: posts small blind $0.10
nutslos: posts big blind $0.25
virulin: sits out 
*** HOLE CARDS ***
Dealt to Alameda22 [4d 4c]
JHBrenes: raises $0.50 to $0.75
grumpywind: folds 
ALCY_TEXAS: calls $0.75
Albarab: raises $2.50 to $3.25
derfgolf: folds 
mla~: folds 
Alameda22: folds 
nutslos: folds 
JHBrenes: folds 
ALCY_TEXAS: folds 
Uncalled bet ($2.50) returned to Albarab
Albarab collected $2.60 from pot
Albarab: doesn't show hand 
*** SUMMARY ***
Total pot $2.60 | Rake $0 
Seat 1: nutslos (big blind) folded before Flop
Seat 3: JHBrenes folded before Flop
Seat 4: grumpywind folded before Flop (didn't bet)
Seat 5: ALCY_TEXAS folded before Flop
Seat 6: Albarab collected ($2.60)
Seat 7: derfgolf folded before Flop (didn't bet)
Seat 8: mla~ (button) folded before Flop (didn't bet)
Seat 9: Alameda22 (small blind) folded before Flop



PokerStars Game #19572118562:  Hold'em No Limit ($0.10/$0.25) - 2008/08/12 - 20:06:08 (ET)
Table 'Josefa' 9-max Seat #9 is the button
Seat 1: nutslos ($4.45 in chips) 
Seat 2: virulin ($15 in chips) 
Seat 3: JHBrenes ($17.50 in chips) 
Seat 4: grumpywind ($15.95 in chips) 
Seat 5: ALCY_TEXAS ($27.15 in chips) 
Seat 6: Albarab ($26.50 in chips) 
Seat 7: derfgolf ($24.30 in chips) 
Seat 8: mla~ ($42.45 in chips) 
Seat 9: Alameda22 ($24.75 in chips) 
nutslos: posts small blind $0.10
virulin: posts big blind $0.25
*** HOLE CARDS ***
Dealt to Alameda22 [Ks Td]
JHBrenes: folds 
grumpywind: calls $0.25
ALCY_TEXAS: raises $0.50 to $0.75
Albarab: folds 
derfgolf: folds 
mla~: folds 
Alameda22: folds 
nutslos: folds 
virulin: folds 
grumpywind: calls $0.50
*** FLOP *** [8c Kd As]
grumpywind: checks 
ALCY_TEXAS: bets $1
grumpywind: calls $1
*** TURN *** [8c Kd As] [6s]
grumpywind: checks 
ALCY_TEXAS: bets $2.25
grumpywind: folds 
Uncalled bet ($2.25) returned to ALCY_TEXAS
ALCY_TEXAS collected $3.70 from pot
ALCY_TEXAS: doesn't show hand 
*** SUMMARY ***
Total pot $3.85 | Rake $0.15 
Board [8c Kd As 6s]
Seat 1: nutslos (small blind) folded before Flop
Seat 2: virulin (big blind) folded before Flop
Seat 3: JHBrenes folded before Flop (didn't bet)
Seat 4: grumpywind folded on the Turn
Seat 5: ALCY_TEXAS collected ($3.70)
Seat 6: Albarab folded before Flop (didn't bet)
Seat 7: derfgolf folded before Flop (didn't bet)
Seat 8: mla~ folded before Flop (didn't bet)
Seat 9: Alameda22 (button) folded before Flop (didn't bet)



PokerStars Game #19572143930:  Hold'em No Limit ($0.10/$0.25) - 2008/08/12 - 20:07:15 (ET)
Table 'Josefa' 9-max Seat #1 is the button
Seat 1: nutslos ($4.35 in chips) 
Seat 2: virulin ($14.75 in chips) 
Seat 3: JHBrenes ($17.50 in chips) 
Seat 4: grumpywind ($14.20 in chips) 
Seat 5: ALCY_TEXAS ($29.10 in chips) 
Seat 6: Albarab ($26.50 in chips) 
Seat 7: derfgolf ($24.30 in chips) 
Seat 8: mla~ ($42.45 in chips) 
Seat 9: Alameda22 ($24.75 in chips) 
virulin: posts small blind $0.10
JHBrenes: posts big blind $0.25
*** HOLE CARDS ***
Dealt to Alameda22 [Qs 5c]
grumpywind: folds 
ALCY_TEXAS: raises $0.50 to $0.75
Albarab: folds 
derfgolf: folds 
mla~: folds 
Alameda22: folds 
nutslos: folds 
virulin: folds 
JHBrenes: folds 
Uncalled bet ($0.50) returned to ALCY_TEXAS
ALCY_TEXAS collected $0.60 from pot
ALCY_TEXAS: doesn't show hand 
*** SUMMARY ***
Total pot $0.60 | Rake $0 
Seat 1: nutslos (button) folded before Flop (didn't bet)
Seat 2: virulin (small blind) folded before Flop
Seat 3: JHBrenes (big blind) folded before Flop
Seat 4: grumpywind folded before Flop (didn't bet)
Seat 5: ALCY_TEXAS collected ($0.60)
Seat 6: Albarab folded before Flop (didn't bet)
Seat 7: derfgolf folded before Flop (didn't bet)
Seat 8: mla~ folded before Flop (didn't bet)
Seat 9: Alameda22 folded before Flop (didn't bet)



PokerStars Game #19572168018:  Hold'em No Limit ($0.10/$0.25) - 2008/08/12 - 20:08:19 (ET)
Table 'Josefa' 9-max Seat #2 is the button
Seat 1: nutslos ($4.35 in chips) 
Seat 2: virulin ($14.65 in chips) 
Seat 3: JHBrenes ($17.25 in chips) 
Seat 4: grumpywind ($14.20 in chips) 
Seat 5: ALCY_TEXAS ($29.45 in chips) 
Seat 6: Albarab ($26.50 in chips) 
Seat 7: derfgolf ($24.30 in chips) 
Seat 8: mla~ ($42.45 in chips) 
Seat 9: Alameda22 ($24.75 in chips) 
JHBrenes: posts small blind $0.10
grumpywind: posts big blind $0.25
*** HOLE CARDS ***
Dealt to Alameda22 [3s Ah]
ALCY_TEXAS: calls $0.25
Albarab: folds 
derfgolf: folds 
mla~: folds 
Alameda22: folds 
nutslos: folds 
virulin: folds 
JHBrenes: calls $0.15
grumpywind: checks 
*** FLOP *** [2d 6c 8c]
nutslos leaves the table
JHBrenes: bets $0.25
grumpywind: calls $0.25
ALCY_TEXAS: calls $0.25
*** TURN *** [2d 6c 8c] [Kh]
Savpokr joins the table at seat #1 
JHBrenes: bets $0.75
grumpywind: folds 
ALCY_TEXAS: raises $1 to $1.75
JHBrenes: raises $2.25 to $4
ALCY_TEXAS: calls $2.25
*** RIVER *** [2d 6c 8c Kh] [3c]
JHBrenes: checks 
ALCY_TEXAS: checks 
*** SHOW DOWN ***
JHBrenes: shows [6d 8d] (two pair, Eights and Sixes)
ALCY_TEXAS: mucks hand 
JHBrenes collected $9.05 from pot
*** SUMMARY ***
Total pot $9.50 | Rake $0.45 
Board [2d 6c 8c Kh 3c]
Seat 1: nutslos folded before Flop (didn't bet)
Seat 2: virulin (button) folded before Flop (didn't bet)
Seat 3: JHBrenes (small blind) showed [6d 8d] and won ($9.05) with two pair, Eights and Sixes
Seat 4: grumpywind (big blind) folded on the Turn
Seat 5: ALCY_TEXAS mucked [Td Kc]
Seat 6: Albarab folded before Flop (didn't bet)
Seat 7: derfgolf folded before Flop (didn't bet)
Seat 8: mla~ folded before Flop (didn't bet)
Seat 9: Alameda22 folded before Flop (didn't bet)



PokerStars Game #19572204005:  Hold'em No Limit ($0.10/$0.25) - 2008/08/12 - 20:09:55 (ET)
Table 'Josefa' 9-max Seat #3 is the button
Seat 1: Savpokr ($25 in chips) 
Seat 2: virulin ($14.65 in chips) 
Seat 3: JHBrenes ($21.80 in chips) 
Seat 4: grumpywind ($13.70 in chips) 
Seat 5: ALCY_TEXAS ($24.95 in chips) 
Seat 6: Albarab ($26.50 in chips) 
Seat 7: derfgolf ($24.30 in chips) 
Seat 8: mla~ ($42.45 in chips) 
Seat 9: Alameda22 ($24.75 in chips) 
grumpywind: posts small blind $0.10
ALCY_TEXAS: posts big blind $0.25
Savpokr: posts big blind $0.25
*** HOLE CARDS ***
Dealt to Alameda22 [7h 8c]
Albarab: folds 
derfgolf: folds 
mla~: folds 
Alameda22: folds 
Savpokr: checks 
virulin: folds 
JHBrenes: calls $0.25
grumpywind: raises $0.75 to $1
ALCY_TEXAS: raises $2.50 to $3.50
Savpokr: folds 
JHBrenes: folds 
grumpywind: calls $2.50
*** FLOP *** [9h Kd 4h]
grumpywind: checks 
ALCY_TEXAS: bets $11
grumpywind: folds 
Uncalled bet ($11) returned to ALCY_TEXAS
ALCY_TEXAS collected $7.15 from pot
ALCY_TEXAS: doesn't show hand 
*** SUMMARY ***
Total pot $7.50 | Rake $0.35 
Board [9h Kd 4h]
Seat 1: Savpokr folded before Flop
Seat 2: virulin folded before Flop (didn't bet)
Seat 3: JHBrenes (button) folded before Flop
Seat 4: grumpywind (small blind) folded on the Flop
Seat 5: ALCY_TEXAS (big blind) collected ($7.15)
Seat 6: Albarab folded before Flop (didn't bet)
Seat 7: derfgolf folded before Flop (didn't bet)
Seat 8: mla~ folded before Flop (didn't bet)
Seat 9: Alameda22 folded before Flop (didn't bet)



PokerStars Game #19572240615:  Hold'em No Limit ($0.10/$0.25) - 2008/08/12 - 20:11:33 (ET)
Table 'Josefa' 9-max Seat #4 is the button
Seat 1: Savpokr ($24.75 in chips) 
Seat 2: virulin ($14.65 in chips) 
Seat 3: JHBrenes ($21.55 in chips) 
Seat 4: grumpywind ($10.20 in chips) 
Seat 5: ALCY_TEXAS ($28.60 in chips) 
Seat 6: Albarab ($26.50 in chips) 
Seat 7: derfgolf ($24.30 in chips) 
Seat 8: mla~ ($42.45 in chips) 
Seat 9: Alameda22 ($24.75 in chips) 
ALCY_TEXAS: posts small blind $0.10
Albarab: posts big blind $0.25
*** HOLE CARDS ***
Dealt to Alameda22 [Kd 4s]
derfgolf: folds 
mla~: folds 
Alameda22: folds 
Savpokr: folds 
virulin: folds 
JHBrenes: folds 
grumpywind: raises $0.75 to $1
ALCY_TEXAS: folds 
Albarab: folds 
Uncalled bet ($0.75) returned to grumpywind
grumpywind collected $0.60 from pot
grumpywind: doesn't show hand 
*** SUMMARY ***
Total pot $0.60 | Rake $0 
Seat 1: Savpokr folded before Flop (didn't bet)
Seat 2: virulin folded before Flop (didn't bet)
Seat 3: JHBrenes folded before Flop (didn't bet)
Seat 4: grumpywind (button) collected ($0.60)
Seat 5: ALCY_TEXAS (small blind) folded before Flop
Seat 6: Albarab (big blind) folded before Flop
Seat 7: derfgolf folded before Flop (didn't bet)
Seat 8: mla~ folded before Flop (didn't bet)
Seat 9: Alameda22 folded before Flop (didn't bet)



PokerStars Game #19572256819:  Hold'em No Limit ($0.10/$0.25) - 2008/08/12 - 20:12:17 (ET)
Table 'Josefa' 9-max Seat #5 is the button
Seat 1: Savpokr ($24.75 in chips) 
Seat 2: virulin ($14.65 in chips) 
Seat 3: JHBrenes ($21.55 in chips) 
Seat 4: grumpywind ($10.55 in chips) 
Seat 5: ALCY_TEXAS ($28.50 in chips) 
Seat 6: Albarab ($26.25 in chips) 
Seat 7: derfgolf ($24.30 in chips) 
Seat 8: mla~ ($42.45 in chips) 
Seat 9: Alameda22 ($24.75 in chips) 
Albarab: posts small blind $0.10
derfgolf: posts big blind $0.25
*** HOLE CARDS ***
Dealt to Alameda22 [7h Tc]
mla~: folds 
Alameda22: folds 
Savpokr: calls $0.25
virulin: folds 
JHBrenes: calls $0.25
grumpywind: folds 
ALCY_TEXAS: folds 
ALCY_TEXAS leaves the table
Albarab: folds 
derfgolf: checks 
*** FLOP *** [9h 3c 8h]
derfgolf: checks 
Savpokr: bets $0.75
JHBrenes: folds 
derfgolf: folds 
Uncalled bet ($0.75) returned to Savpokr
Savpokr collected $0.85 from pot
*** SUMMARY ***
Total pot $0.85 | Rake $0 
Board [9h 3c 8h]
Seat 1: Savpokr collected ($0.85)
Seat 2: virulin folded before Flop (didn't bet)
Seat 3: JHBrenes folded on the Flop
Seat 4: grumpywind folded before Flop (didn't bet)
Seat 5: ALCY_TEXAS (button) folded before Flop (didn't bet)
Seat 6: Albarab (small blind) folded before Flop
Seat 7: derfgolf (big blind) folded on the Flop
Seat 8: mla~ folded before Flop (didn't bet)
Seat 9: Alameda22 folded before Flop (didn't bet)



PokerStars Game #19572273637:  Hold'em No Limit ($0.10/$0.25) - 2008/08/12 - 20:13:02 (ET)
Table 'Josefa' 9-max Seat #6 is the button
Seat 1: Savpokr ($25.35 in chips) 
Seat 2: virulin ($14.65 in chips) 
Seat 3: JHBrenes ($21.30 in chips) 
Seat 4: grumpywind ($10.55 in chips) 
Seat 6: Albarab ($26.15 in chips) 
Seat 7: derfgolf ($24.05 in chips) 
Seat 8: mla~ ($42.45 in chips) 
Seat 9: Alameda22 ($24.75 in chips) 
derfgolf: posts small blind $0.10
mla~: posts big blind $0.25
*** HOLE CARDS ***
Dealt to Alameda22 [5h Td]
Alameda22: folds 
Savpokr: folds 
virulin: folds 
JHBrenes: folds 
grumpywind: folds 
Albarab: folds 
derfgolf: raises $0.75 to $1
mla~: folds 
Uncalled bet ($0.75) returned to derfgolf
derfgolf collected $0.50 from pot
derfgolf: doesn't show hand 
*** SUMMARY ***
Total pot $0.50 | Rake $0 
Seat 1: Savpokr folded before Flop (didn't bet)
Seat 2: virulin folded before Flop (didn't bet)
Seat 3: JHBrenes folded before Flop (didn't bet)
Seat 4: grumpywind folded before Flop (didn't bet)
Seat 6: Albarab (button) folded before Flop (didn't bet)
Seat 7: derfgolf (small blind) collected ($0.50)
Seat 8: mla~ (big blind) folded before Flop
Seat 9: Alameda22 folded before Flop (didn't bet)



