PokerStars Game #19569819782:  Hold'em No Limit ($0.10/$0.25) - 2008/08/12 - 18:26:31 (ET)
Table 'Titius' 9-max Seat #6 is the button
Seat 2: tobedope ($12.20 in chips) 
Seat 4: Hloser ($32.70 in chips) 
Seat 5: Alameda22 ($25 in chips) 
Seat 6: annababe33 ($17.45 in chips) 
Seat 7: wuschel289 ($25.80 in chips) 
Seat 8: epbarz ($39 in chips) 
Seat 9: Snoof41 ($25.65 in chips) 
wuschel289: posts small blind $0.10
epbarz: posts big blind $0.25
Alameda22: posts big blind $0.25
*** HOLE CARDS ***
Dealt to Alameda22 [Qh 7s]
Snoof41: folds 
tobedope: folds 
Hloser: folds 
new_draks joins the table at seat #3 
Alameda22: checks 
annababe33: folds 
wuschel289: calls $0.15
epbarz: checks 
*** FLOP *** [8h 6d Ks]
wuschel289: checks 
epbarz: checks 
chessmanA1 joins the table at seat #1 
Alameda22: bets $0.50
wuschel289: folds 
epbarz: folds 
Uncalled bet ($0.50) returned to Alameda22
Alameda22 collected $0.75 from pot
Alameda22: doesn't show hand 
*** SUMMARY ***
Total pot $0.75 | Rake $0 
Board [8h 6d Ks]
Seat 2: tobedope folded before Flop (didn't bet)
Seat 4: Hloser folded before Flop (didn't bet)
Seat 5: Alameda22 collected ($0.75)
Seat 6: annababe33 (button) folded before Flop (didn't bet)
Seat 7: wuschel289 (small blind) folded on the Flop
Seat 8: epbarz (big blind) folded on the Flop
Seat 9: Snoof41 folded before Flop (didn't bet)



PokerStars Game #19569837578:  Hold'em No Limit ($0.10/$0.25) - 2008/08/12 - 18:27:14 (ET)
Table 'Titius' 9-max Seat #7 is the button
Seat 2: tobedope ($12.20 in chips) 
Seat 4: Hloser ($32.70 in chips) 
Seat 5: Alameda22 ($25.50 in chips) 
Seat 6: annababe33 ($17.45 in chips) 
Seat 7: wuschel289 ($25.55 in chips) 
Seat 8: epbarz ($38.75 in chips) 
Seat 9: Snoof41 ($25.65 in chips) 
epbarz: posts small blind $0.10
Snoof41: posts big blind $0.25
chessmanA1: sits out 
new_draks: sits out 
*** HOLE CARDS ***
Dealt to Alameda22 [Th 4h]
tobedope: folds 
Hloser: folds 
Alameda22: folds 
annababe33: folds 
wuschel289: folds 
epbarz: raises $0.75 to $1
Snoof41: calls $0.75
*** FLOP *** [7s 8d 8h]
epbarz: bets $1.50
Snoof41: folds 
Uncalled bet ($1.50) returned to epbarz
epbarz collected $1.90 from pot
epbarz: doesn't show hand 
*** SUMMARY ***
Total pot $2 | Rake $0.10 
Board [7s 8d 8h]
Seat 2: tobedope folded before Flop (didn't bet)
Seat 4: Hloser folded before Flop (didn't bet)
Seat 5: Alameda22 folded before Flop (didn't bet)
Seat 6: annababe33 folded before Flop (didn't bet)
Seat 7: wuschel289 (button) folded before Flop (didn't bet)
Seat 8: epbarz (small blind) collected ($1.90)
Seat 9: Snoof41 (big blind) folded on the Flop



PokerStars Game #19569856368:  Hold'em No Limit ($0.10/$0.25) - 2008/08/12 - 18:28:01 (ET)
Table 'Titius' 9-max Seat #8 is the button
Seat 1: chessmanA1 ($15 in chips) 
Seat 2: tobedope ($12.20 in chips) 
Seat 4: Hloser ($32.70 in chips) 
Seat 5: Alameda22 ($25.50 in chips) 
Seat 6: annababe33 ($17.45 in chips) 
Seat 7: wuschel289 ($25.55 in chips) 
Seat 8: epbarz ($39.65 in chips) 
Seat 9: Snoof41 ($24.65 in chips) 
Snoof41: posts small blind $0.10
chessmanA1: posts big blind $0.25
new_draks: sits out 
*** HOLE CARDS ***
Dealt to Alameda22 [8d 9c]
tobedope: folds 
Hloser: folds 
Alameda22: folds 
annababe33: folds 
wuschel289: folds 
epbarz: raises $0.75 to $1
Snoof41: folds 
chessmanA1: folds 
Uncalled bet ($0.75) returned to epbarz
epbarz collected $0.60 from pot
epbarz: doesn't show hand 
*** SUMMARY ***
Total pot $0.60 | Rake $0 
Seat 1: chessmanA1 (big blind) folded before Flop
Seat 2: tobedope folded before Flop (didn't bet)
Seat 4: Hloser folded before Flop (didn't bet)
Seat 5: Alameda22 folded before Flop (didn't bet)
Seat 6: annababe33 folded before Flop (didn't bet)
Seat 7: wuschel289 folded before Flop (didn't bet)
Seat 8: epbarz (button) collected ($0.60)
Seat 9: Snoof41 (small blind) folded before Flop



PokerStars Game #19569873234:  Hold'em No Limit ($0.10/$0.25) - 2008/08/12 - 18:28:44 (ET)
Table 'Titius' 9-max Seat #9 is the button
Seat 1: chessmanA1 ($14.75 in chips) 
Seat 2: tobedope ($12.20 in chips) 
Seat 4: Hloser ($32.70 in chips) 
Seat 5: Alameda22 ($25.50 in chips) 
Seat 6: annababe33 ($17.45 in chips) 
Seat 7: wuschel289 ($25.55 in chips) 
Seat 8: epbarz ($40 in chips) 
Seat 9: Snoof41 ($24.55 in chips) 
chessmanA1: posts small blind $0.10
tobedope: posts big blind $0.25
new_draks: sits out 
*** HOLE CARDS ***
Dealt to Alameda22 [Jc Kh]
Hloser: folds 
Alameda22: folds 
annababe33 is disconnected 
annababe33 has timed out while disconnected
annababe33: folds 
annababe33 is sitting out
wuschel289: folds 
epbarz: folds 
annababe33 is connected 
annababe33 has returned
Snoof41: folds 
chessmanA1: folds 
Uncalled bet ($0.15) returned to tobedope
tobedope collected $0.20 from pot
tobedope: doesn't show hand 
*** SUMMARY ***
Total pot $0.20 | Rake $0 
Seat 1: chessmanA1 (small blind) folded before Flop
Seat 2: tobedope (big blind) collected ($0.20)
Seat 4: Hloser folded before Flop (didn't bet)
Seat 5: Alameda22 folded before Flop (didn't bet)
Seat 6: annababe33 folded before Flop (didn't bet)
Seat 7: wuschel289 folded before Flop (didn't bet)
Seat 8: epbarz folded before Flop (didn't bet)
Seat 9: Snoof41 (button) folded before Flop (didn't bet)



PokerStars Game #19569903174:  Hold'em No Limit ($0.10/$0.25) - 2008/08/12 - 18:29:59 (ET)
Table 'Titius' 9-max Seat #1 is the button
Seat 1: chessmanA1 ($14.65 in chips) 
Seat 2: tobedope ($12.30 in chips) 
Seat 3: new_draks ($25 in chips) 
Seat 4: Hloser ($32.70 in chips) 
Seat 5: Alameda22 ($25.50 in chips) 
Seat 6: annababe33 ($17.45 in chips) 
Seat 7: wuschel289 ($25.55 in chips) 
Seat 8: epbarz ($40 in chips) 
Seat 9: Snoof41 ($24.55 in chips) 
tobedope: posts small blind $0.10
new_draks: posts big blind $0.25
*** HOLE CARDS ***
Dealt to Alameda22 [Td 9c]
Hloser: folds 
Alameda22: folds 
annababe33: calls $0.25
wuschel289: folds 
epbarz: folds 
Snoof41: calls $0.25
chessmanA1: folds 
tobedope: calls $0.15
annababe33 is disconnected 
annababe33 is connected 
new_draks: checks 
*** FLOP *** [8c Ks 4c]
tobedope: checks 
new_draks: checks 
annababe33: bets $0.50
Snoof41: folds 
tobedope: folds 
new_draks: folds 
Uncalled bet ($0.50) returned to annababe33
annababe33 collected $0.95 from pot
annababe33: doesn't show hand 
*** SUMMARY ***
Total pot $1 | Rake $0.05 
Board [8c Ks 4c]
Seat 1: chessmanA1 (button) folded before Flop (didn't bet)
Seat 2: tobedope (small blind) folded on the Flop
Seat 3: new_draks (big blind) folded on the Flop
Seat 4: Hloser folded before Flop (didn't bet)
Seat 5: Alameda22 folded before Flop (didn't bet)
Seat 6: annababe33 collected ($0.95)
Seat 7: wuschel289 folded before Flop (didn't bet)
Seat 8: epbarz folded before Flop (didn't bet)
Seat 9: Snoof41 folded on the Flop



PokerStars Game #19569939312:  Hold'em No Limit ($0.10/$0.25) - 2008/08/12 - 18:31:30 (ET)
Table 'Titius' 9-max Seat #2 is the button
Seat 1: chessmanA1 ($14.65 in chips) 
Seat 2: tobedope ($12.05 in chips) 
Seat 3: new_draks ($24.75 in chips) 
Seat 4: Hloser ($32.70 in chips) 
Seat 5: Alameda22 ($25.50 in chips) 
Seat 6: annababe33 ($18.15 in chips) 
Seat 7: wuschel289 ($25.55 in chips) 
Seat 8: epbarz ($40 in chips) 
Seat 9: Snoof41 ($24.30 in chips) 
new_draks: posts small blind $0.10
Hloser: posts big blind $0.25
*** HOLE CARDS ***
Dealt to Alameda22 [Tc Jc]
Alameda22: folds 
annababe33: calls $0.25
wuschel289: folds 
epbarz: folds 
Snoof41: folds 
chessmanA1: folds 
tobedope: raises $0.75 to $1
new_draks: folds 
Hloser: folds 
annababe33: calls $0.75
*** FLOP *** [3h Td 4d]
annababe33: checks 
tobedope: checks 
*** TURN *** [3h Td 4d] [Jh]
annababe33: bets $0.75
tobedope: folds 
Uncalled bet ($0.75) returned to annababe33
annababe33 collected $2.25 from pot
*** SUMMARY ***
Total pot $2.35 | Rake $0.10 
Board [3h Td 4d Jh]
Seat 1: chessmanA1 folded before Flop (didn't bet)
Seat 2: tobedope (button) folded on the Turn
Seat 3: new_draks (small blind) folded before Flop
Seat 4: Hloser (big blind) folded before Flop
Seat 5: Alameda22 folded before Flop (didn't bet)
Seat 6: annababe33 collected ($2.25)
Seat 7: wuschel289 folded before Flop (didn't bet)
Seat 8: epbarz folded before Flop (didn't bet)
Seat 9: Snoof41 folded before Flop (didn't bet)



PokerStars Game #19569964525:  Hold'em No Limit ($0.10/$0.25) - 2008/08/12 - 18:32:33 (ET)
Table 'Titius' 9-max Seat #3 is the button
Seat 1: chessmanA1 ($14.65 in chips) 
Seat 2: tobedope ($11.05 in chips) 
Seat 3: new_draks ($24.65 in chips) 
Seat 4: Hloser ($32.45 in chips) 
Seat 5: Alameda22 ($25.50 in chips) 
Seat 6: annababe33 ($19.40 in chips) 
Seat 7: wuschel289 ($25.55 in chips) 
Seat 8: epbarz ($40 in chips) 
Seat 9: Snoof41 ($24.30 in chips) 
Hloser: posts small blind $0.10
Alameda22: posts big blind $0.25
*** HOLE CARDS ***
Dealt to Alameda22 [Jh 6c]
annababe33: folds 
wuschel289: folds 
epbarz: raises $0.50 to $0.75
Snoof41: folds 
chessmanA1: folds 
tobedope: folds 
new_draks: folds 
Hloser: folds 
Alameda22: folds 
Uncalled bet ($0.50) returned to epbarz
epbarz collected $0.60 from pot
epbarz: doesn't show hand 
*** SUMMARY ***
Total pot $0.60 | Rake $0 
Seat 1: chessmanA1 folded before Flop (didn't bet)
Seat 2: tobedope folded before Flop (didn't bet)
Seat 3: new_draks (button) folded before Flop (didn't bet)
Seat 4: Hloser (small blind) folded before Flop
Seat 5: Alameda22 (big blind) folded before Flop
Seat 6: annababe33 folded before Flop (didn't bet)
Seat 7: wuschel289 folded before Flop (didn't bet)
Seat 8: epbarz collected ($0.60)
Seat 9: Snoof41 folded before Flop (didn't bet)



PokerStars Game #19569982793:  Hold'em No Limit ($0.10/$0.25) - 2008/08/12 - 18:33:20 (ET)
Table 'Titius' 9-max Seat #4 is the button
Seat 1: chessmanA1 ($14.65 in chips) 
Seat 2: tobedope ($11.05 in chips) 
Seat 3: new_draks ($24.65 in chips) 
Seat 4: Hloser ($32.35 in chips) 
Seat 5: Alameda22 ($25.25 in chips) 
Seat 6: annababe33 ($19.40 in chips) 
Seat 7: wuschel289 ($25.55 in chips) 
Seat 8: epbarz ($40.35 in chips) 
Seat 9: Snoof41 ($24.30 in chips) 
Alameda22: posts small blind $0.10
annababe33: posts big blind $0.25
*** HOLE CARDS ***
Dealt to Alameda22 [8c Ac]
wuschel289: folds 
epbarz: folds 
Snoof41: folds 
chessmanA1: folds 
tobedope: folds 
new_draks: folds 
Hloser: folds 
Alameda22: calls $0.15
annababe33: raises $1 to $1.25
Alameda22: folds 
Uncalled bet ($1) returned to annababe33
annababe33 collected $0.50 from pot
annababe33: doesn't show hand 
*** SUMMARY ***
Total pot $0.50 | Rake $0 
Seat 1: chessmanA1 folded before Flop (didn't bet)
Seat 2: tobedope folded before Flop (didn't bet)
Seat 3: new_draks folded before Flop (didn't bet)
Seat 4: Hloser (button) folded before Flop (didn't bet)
Seat 5: Alameda22 (small blind) folded before Flop
Seat 6: annababe33 (big blind) collected ($0.50)
Seat 7: wuschel289 folded before Flop (didn't bet)
Seat 8: epbarz folded before Flop (didn't bet)
Seat 9: Snoof41 folded before Flop (didn't bet)



PokerStars Game #19570003785:  Hold'em No Limit ($0.10/$0.25) - 2008/08/12 - 18:34:13 (ET)
Table 'Titius' 9-max Seat #5 is the button
Seat 1: chessmanA1 ($14.65 in chips) 
Seat 2: tobedope ($11.05 in chips) 
Seat 3: new_draks ($24.65 in chips) 
Seat 4: Hloser ($32.35 in chips) 
Seat 5: Alameda22 ($25 in chips) 
Seat 6: annababe33 ($19.65 in chips) 
Seat 7: wuschel289 ($25.55 in chips) 
Seat 8: epbarz ($40.35 in chips) 
Seat 9: Snoof41 ($24.30 in chips) 
annababe33: posts small blind $0.10
wuschel289: posts big blind $0.25
*** HOLE CARDS ***
Dealt to Alameda22 [8h As]
epbarz: folds 
Snoof41: folds 
chessmanA1: folds 
tobedope: raises $0.50 to $0.75
new_draks: folds 
Hloser: folds 
Alameda22: folds 
annababe33: folds 
wuschel289: folds 
Uncalled bet ($0.50) returned to tobedope
tobedope collected $0.60 from pot
tobedope: doesn't show hand 
*** SUMMARY ***
Total pot $0.60 | Rake $0 
Seat 1: chessmanA1 folded before Flop (didn't bet)
Seat 2: tobedope collected ($0.60)
Seat 3: new_draks folded before Flop (didn't bet)
Seat 4: Hloser folded before Flop (didn't bet)
Seat 5: Alameda22 (button) folded before Flop (didn't bet)
Seat 6: annababe33 (small blind) folded before Flop
Seat 7: wuschel289 (big blind) folded before Flop
Seat 8: epbarz folded before Flop (didn't bet)
Seat 9: Snoof41 folded before Flop (didn't bet)



PokerStars Game #19570028255:  Hold'em No Limit ($0.10/$0.25) - 2008/08/12 - 18:35:15 (ET)
Table 'Titius' 9-max Seat #6 is the button
Seat 1: chessmanA1 ($14.65 in chips) 
Seat 2: tobedope ($11.40 in chips) 
Seat 3: new_draks ($24.65 in chips) 
Seat 4: Hloser ($32.35 in chips) 
Seat 5: Alameda22 ($25 in chips) 
Seat 6: annababe33 ($19.55 in chips) 
Seat 7: wuschel289 ($25.30 in chips) 
Seat 8: epbarz ($40.35 in chips) 
Seat 9: Snoof41 ($24.30 in chips) 
wuschel289: posts small blind $0.10
epbarz: posts big blind $0.25
*** HOLE CARDS ***
Dealt to Alameda22 [Kh 6c]
Snoof41: folds 
chessmanA1: folds 
tobedope: folds 
new_draks: folds 
Hloser: folds 
Alameda22: folds 
annababe33: folds 
wuschel289: calls $0.15
epbarz: raises $0.75 to $1
wuschel289: folds 
Uncalled bet ($0.75) returned to epbarz
epbarz collected $0.50 from pot
epbarz: doesn't show hand 
*** SUMMARY ***
Total pot $0.50 | Rake $0 
Seat 1: chessmanA1 folded before Flop (didn't bet)
Seat 2: tobedope folded before Flop (didn't bet)
Seat 3: new_draks folded before Flop (didn't bet)
Seat 4: Hloser folded before Flop (didn't bet)
Seat 5: Alameda22 folded before Flop (didn't bet)
Seat 6: annababe33 (button) folded before Flop (didn't bet)
Seat 7: wuschel289 (small blind) folded before Flop
Seat 8: epbarz (big blind) collected ($0.50)
Seat 9: Snoof41 folded before Flop (didn't bet)



PokerStars Game #19570043668:  Hold'em No Limit ($0.10/$0.25) - 2008/08/12 - 18:35:55 (ET)
Table 'Titius' 9-max Seat #7 is the button
Seat 1: chessmanA1 ($14.65 in chips) 
Seat 2: tobedope ($11.40 in chips) 
Seat 3: new_draks ($24.65 in chips) 
Seat 4: Hloser ($32.35 in chips) 
Seat 5: Alameda22 ($25 in chips) 
Seat 6: annababe33 ($19.55 in chips) 
Seat 7: wuschel289 ($25.05 in chips) 
Seat 8: epbarz ($40.60 in chips) 
Seat 9: Snoof41 ($24.30 in chips) 
epbarz: posts small blind $0.10
Snoof41: posts big blind $0.25
*** HOLE CARDS ***
Dealt to Alameda22 [Js 3d]
chessmanA1: folds 
chessmanA1 leaves the table
tobedope: calls $0.25
new_draks: folds 
Hloser: folds 
Alameda22: folds 
annababe33: folds 
wuschel289: calls $0.25
epbarz: calls $0.15
Snoof41: checks 
*** FLOP *** [Tc 7c Jc]
epbarz: checks 
Snoof41: checks 
tobedope: checks 
gpx340 joins the table at seat #1 
wuschel289: bets $0.75
epbarz: folds 
Snoof41: calls $0.75
tobedope: folds 
*** TURN *** [Tc 7c Jc] [Qh]
Snoof41: checks 
wuschel289: bets $1.50
Snoof41: folds 
Uncalled bet ($1.50) returned to wuschel289
wuschel289 collected $2.40 from pot
wuschel289: doesn't show hand 
*** SUMMARY ***
Total pot $2.50 | Rake $0.10 
Board [Tc 7c Jc Qh]
Seat 1: chessmanA1 folded before Flop (didn't bet)
Seat 2: tobedope folded on the Flop
Seat 3: new_draks folded before Flop (didn't bet)
Seat 4: Hloser folded before Flop (didn't bet)
Seat 5: Alameda22 folded before Flop (didn't bet)
Seat 6: annababe33 folded before Flop (didn't bet)
Seat 7: wuschel289 (button) collected ($2.40)
Seat 8: epbarz (small blind) folded on the Flop
Seat 9: Snoof41 (big blind) folded on the Turn



PokerStars Game #19570085327:  Hold'em No Limit ($0.10/$0.25) - 2008/08/12 - 18:37:42 (ET)
Table 'Titius' 9-max Seat #8 is the button
Seat 1: gpx340 ($5 in chips) 
Seat 2: tobedope ($11.15 in chips) 
Seat 3: new_draks ($24.65 in chips) 
Seat 4: Hloser ($32.35 in chips) 
Seat 5: Alameda22 ($25 in chips) 
Seat 6: annababe33 ($19.55 in chips) 
Seat 7: wuschel289 ($26.45 in chips) 
Seat 8: epbarz ($40.35 in chips) 
Seat 9: Snoof41 ($23.30 in chips) 
Snoof41: posts small blind $0.10
gpx340: posts big blind $0.25
*** HOLE CARDS ***
Dealt to Alameda22 [3s 9s]
tobedope: folds 
new_draks: folds 
Hloser: raises $0.75 to $1
Alameda22: folds 
annababe33: folds 
wuschel289: folds 
epbarz: folds 
Snoof41: folds 
gpx340: folds 
Uncalled bet ($0.75) returned to Hloser
Hloser collected $0.60 from pot
Hloser: doesn't show hand 
*** SUMMARY ***
Total pot $0.60 | Rake $0 
Seat 1: gpx340 (big blind) folded before Flop
Seat 2: tobedope folded before Flop (didn't bet)
Seat 3: new_draks folded before Flop (didn't bet)
Seat 4: Hloser collected ($0.60)
Seat 5: Alameda22 folded before Flop (didn't bet)
Seat 6: annababe33 folded before Flop (didn't bet)
Seat 7: wuschel289 folded before Flop (didn't bet)
Seat 8: epbarz (button) folded before Flop (didn't bet)
Seat 9: Snoof41 (small blind) folded before Flop



PokerStars Game #19570105915:  Hold'em No Limit ($0.10/$0.25) - 2008/08/12 - 18:38:35 (ET)
Table 'Titius' 9-max Seat #9 is the button
Seat 1: gpx340 ($4.75 in chips) 
Seat 2: tobedope ($11.15 in chips) 
Seat 3: new_draks ($24.65 in chips) 
Seat 4: Hloser ($32.70 in chips) 
Seat 5: Alameda22 ($25 in chips) 
Seat 6: annababe33 ($19.55 in chips) 
Seat 7: wuschel289 ($26.45 in chips) 
Seat 8: epbarz ($40.35 in chips) 
Seat 9: Snoof41 ($23.20 in chips) 
gpx340: posts small blind $0.10
tobedope: posts big blind $0.25
*** HOLE CARDS ***
Dealt to Alameda22 [Tc Kd]
new_draks: folds 
Hloser: folds 
Alameda22: folds 
annababe33: folds 
wuschel289: folds 
epbarz: folds 
Snoof41: folds 
gpx340: raises $0.25 to $0.50
tobedope: calls $0.25
*** FLOP *** [7s Th 4c]
gpx340: bets $0.50
tobedope: folds 
Uncalled bet ($0.50) returned to gpx340
gpx340 collected $0.95 from pot
gpx340: doesn't show hand 
*** SUMMARY ***
Total pot $1 | Rake $0.05 
Board [7s Th 4c]
Seat 1: gpx340 (small blind) collected ($0.95)
Seat 2: tobedope (big blind) folded on the Flop
Seat 3: new_draks folded before Flop (didn't bet)
Seat 4: Hloser folded before Flop (didn't bet)
Seat 5: Alameda22 folded before Flop (didn't bet)
Seat 6: annababe33 folded before Flop (didn't bet)
Seat 7: wuschel289 folded before Flop (didn't bet)
Seat 8: epbarz folded before Flop (didn't bet)
Seat 9: Snoof41 (button) folded before Flop (didn't bet)



PokerStars Game #19570129569:  Hold'em No Limit ($0.10/$0.25) - 2008/08/12 - 18:39:35 (ET)
Table 'Titius' 9-max Seat #1 is the button
Seat 1: gpx340 ($5.20 in chips) 
Seat 2: tobedope ($10.65 in chips) 
Seat 3: new_draks ($24.65 in chips) 
Seat 4: Hloser ($32.70 in chips) 
Seat 5: Alameda22 ($25 in chips) 
Seat 6: annababe33 ($19.55 in chips) 
Seat 7: wuschel289 ($26.45 in chips) 
Seat 8: epbarz ($40.35 in chips) 
Seat 9: Snoof41 ($23.20 in chips) 
tobedope: posts small blind $0.10
new_draks: posts big blind $0.25
*** HOLE CARDS ***
Dealt to Alameda22 [5d 7h]
Hloser: folds 
Alameda22: folds 
annababe33: raises $0.75 to $1
wuschel289: folds 
epbarz: folds 
Snoof41: folds 
gpx340: calls $1
tobedope: folds 
new_draks: folds 
*** FLOP *** [2h 3s 5h]
annababe33: checks 
gpx340: bets $1
annababe33: calls $1
*** TURN *** [2h 3s 5h] [Th]
annababe33: checks 
gpx340: bets $1.25
annababe33: raises $2.25 to $3.50
gpx340: calls $1.95 and is all-in
Uncalled bet ($0.30) returned to annababe33
*** RIVER *** [2h 3s 5h Th] [Qc]
*** SHOW DOWN ***
annababe33: shows [9c 9h] (a pair of Nines)
gpx340: shows [Qs Td] (two pair, Queens and Tens)
gpx340 collected $10.25 from pot
*** SUMMARY ***
Total pot $10.75 | Rake $0.50 
Board [2h 3s 5h Th Qc]
Seat 1: gpx340 (button) showed [Qs Td] and won ($10.25) with two pair, Queens and Tens
Seat 2: tobedope (small blind) folded before Flop
Seat 3: new_draks (big blind) folded before Flop
Seat 4: Hloser folded before Flop (didn't bet)
Seat 5: Alameda22 folded before Flop (didn't bet)
Seat 6: annababe33 showed [9c 9h] and lost with a pair of Nines
Seat 7: wuschel289 folded before Flop (didn't bet)
Seat 8: epbarz folded before Flop (didn't bet)
Seat 9: Snoof41 folded before Flop (didn't bet)



PokerStars Game #19570161443:  Hold'em No Limit ($0.10/$0.25) - 2008/08/12 - 18:40:55 (ET)
Table 'Titius' 9-max Seat #2 is the button
Seat 1: gpx340 ($10.25 in chips) 
Seat 2: tobedope ($10.55 in chips) 
Seat 3: new_draks ($24.40 in chips) 
Seat 4: Hloser ($32.70 in chips) 
Seat 5: Alameda22 ($25 in chips) 
Seat 6: annababe33 ($14.35 in chips) 
Seat 7: wuschel289 ($26.45 in chips) 
Seat 8: epbarz ($40.35 in chips) 
Seat 9: Snoof41 ($23.20 in chips) 
new_draks: posts small blind $0.10
Hloser: posts big blind $0.25
*** HOLE CARDS ***
Dealt to Alameda22 [7h Ad]
Alameda22: folds 
annababe33: folds 
wuschel289: folds 
epbarz: folds 
Snoof41: folds 
annababe33 leaves the table
gpx340: calls $0.25
tobedope: raises $0.50 to $0.75
new_draks: folds 
Hloser: folds 
gpx340: raises $0.50 to $1.25
tobedope: calls $0.50
*** FLOP *** [5c Qh 3h]
gpx340: checks 
tobedope: checks 
*** TURN *** [5c Qh 3h] [8s]
gpx340: bets $1
tobedope: calls $1
*** RIVER *** [5c Qh 3h 8s] [9c]
gpx340: bets $3
tobedope: raises $3.50 to $6.50
gpx340: calls $3.50
*** SHOW DOWN ***
tobedope: shows [7s 6s] (a straight, Five to Nine)
gunit4563 joins the table at seat #6 
gpx340: mucks hand 
tobedope collected $17 from pot
*** SUMMARY ***
Total pot $17.85 | Rake $0.85 
Board [5c Qh 3h 8s 9c]
Seat 1: gpx340 mucked [Jd Jc]
Seat 2: tobedope (button) showed [7s 6s] and won ($17) with a straight, Five to Nine
Seat 3: new_draks (small blind) folded before Flop
Seat 4: Hloser (big blind) folded before Flop
Seat 5: Alameda22 folded before Flop (didn't bet)
Seat 6: annababe33 folded before Flop (didn't bet)
Seat 7: wuschel289 folded before Flop (didn't bet)
Seat 8: epbarz folded before Flop (didn't bet)
Seat 9: Snoof41 folded before Flop (didn't bet)



PokerStars Game #19570195310:  Hold'em No Limit ($0.10/$0.25) - 2008/08/12 - 18:42:21 (ET)
Table 'Titius' 9-max Seat #3 is the button
Seat 1: gpx340 ($1.50 in chips) 
Seat 2: tobedope ($18.80 in chips) 
Seat 3: new_draks ($24.30 in chips) 
Seat 4: Hloser ($32.45 in chips) 
Seat 5: Alameda22 ($25 in chips) 
Seat 6: gunit4563 ($5 in chips) 
Seat 7: wuschel289 ($26.45 in chips) 
Seat 8: epbarz ($40.35 in chips) 
Seat 9: Snoof41 ($23.20 in chips) 
Hloser: posts small blind $0.10
Alameda22: posts big blind $0.25
gunit4563: posts big blind $0.25
*** HOLE CARDS ***
Dealt to Alameda22 [5s 7d]
gunit4563: raises $0.50 to $0.75
wuschel289: folds 
epbarz: folds 
Snoof41: folds 
gpx340: folds 
tobedope: folds 
new_draks: folds 
Hloser: folds 
Alameda22: folds 
Uncalled bet ($0.50) returned to gunit4563
gunit4563 collected $0.60 from pot
*** SUMMARY ***
Total pot $0.60 | Rake $0 
Seat 1: gpx340 folded before Flop (didn't bet)
Seat 2: tobedope folded before Flop (didn't bet)
Seat 3: new_draks (button) folded before Flop (didn't bet)
Seat 4: Hloser (small blind) folded before Flop
Seat 5: Alameda22 (big blind) folded before Flop
Seat 6: gunit4563 collected ($0.60)
Seat 7: wuschel289 folded before Flop (didn't bet)
Seat 8: epbarz folded before Flop (didn't bet)
Seat 9: Snoof41 folded before Flop (didn't bet)



PokerStars Game #19570220208:  Hold'em No Limit ($0.10/$0.25) - 2008/08/12 - 18:43:25 (ET)
Table 'Titius' 9-max Seat #4 is the button
Seat 1: gpx340 ($1.50 in chips) 
Seat 2: tobedope ($18.80 in chips) 
Seat 3: new_draks ($24.30 in chips) 
Seat 4: Hloser ($32.35 in chips) 
Seat 5: Alameda22 ($24.75 in chips) 
Seat 6: gunit4563 ($5.35 in chips) 
Seat 7: wuschel289 ($26.45 in chips) 
Seat 8: epbarz ($40.35 in chips) 
Seat 9: Snoof41 ($23.20 in chips) 
Alameda22: posts small blind $0.10
gunit4563: posts big blind $0.25
*** HOLE CARDS ***
Dealt to Alameda22 [8s 8h]
wuschel289: folds 
epbarz: folds 
Snoof41: folds 
gpx340: calls $0.25
tobedope: folds 
new_draks: calls $0.25
Hloser: folds 
Alameda22: calls $0.15
gunit4563: checks 
*** FLOP *** [7c 5h 9c]
Alameda22: checks 
gunit4563: bets $0.50
gpx340: calls $0.50
new_draks: folds 
Alameda22: folds 
*** TURN *** [7c 5h 9c] [4s]
gunit4563: bets $1
gpx340: folds 
Uncalled bet ($1) returned to gunit4563
gunit4563 collected $1.95 from pot
*** SUMMARY ***
Total pot $2 | Rake $0.05 
Board [7c 5h 9c 4s]
Seat 1: gpx340 folded on the Turn
Seat 2: tobedope folded before Flop (didn't bet)
Seat 3: new_draks folded on the Flop
Seat 4: Hloser (button) folded before Flop (didn't bet)
Seat 5: Alameda22 (small blind) folded on the Flop
Seat 6: gunit4563 (big blind) collected ($1.95)
Seat 7: wuschel289 folded before Flop (didn't bet)
Seat 8: epbarz folded before Flop (didn't bet)
Seat 9: Snoof41 folded before Flop (didn't bet)



PokerStars Game #19570259466:  Hold'em No Limit ($0.10/$0.25) - 2008/08/12 - 18:45:05 (ET)
Table 'Titius' 9-max Seat #5 is the button
Seat 1: gpx340 ($0.75 in chips) 
Seat 2: tobedope ($18.80 in chips) 
Seat 3: new_draks ($25 in chips) 
Seat 4: Hloser ($32.35 in chips) 
Seat 5: Alameda22 ($24.50 in chips) 
Seat 6: gunit4563 ($6.55 in chips) 
Seat 7: wuschel289 ($26.45 in chips) 
Seat 8: epbarz ($40.35 in chips) 
Seat 9: Snoof41 ($23.20 in chips) 
gunit4563: posts small blind $0.10
wuschel289: posts big blind $0.25
*** HOLE CARDS ***
Dealt to Alameda22 [2s Ad]
epbarz: raises $0.75 to $1
Snoof41: folds 
gpx340: calls $0.75 and is all-in
tobedope: folds 
new_draks: folds 
Hloser: folds 
Alameda22: folds 
gunit4563: folds 
wuschel289: folds 
Uncalled bet ($0.25) returned to epbarz
gunit4563 leaves the table
*** FLOP *** [Kc 8d 9s]
*** TURN *** [Kc 8d 9s] [8h]
*** RIVER *** [Kc 8d 9s 8h] [2c]
*** SHOW DOWN ***
epbarz: shows [Kd Ks] (a full house, Kings full of Eights)
gpx340: shows [Jd 6c] (a pair of Eights)
epbarz collected $1.80 from pot
*** SUMMARY ***
Total pot $1.85 | Rake $0.05 
Board [Kc 8d 9s 8h 2c]
Seat 1: gpx340 showed [Jd 6c] and lost with a pair of Eights
Seat 2: tobedope folded before Flop (didn't bet)
Seat 3: new_draks folded before Flop (didn't bet)
Seat 4: Hloser folded before Flop (didn't bet)
Seat 5: Alameda22 (button) folded before Flop (didn't bet)
Seat 6: gunit4563 (small blind) folded before Flop
Seat 7: wuschel289 (big blind) folded before Flop
Seat 8: epbarz showed [Kd Ks] and won ($1.80) with a full house, Kings full of Eights
Seat 9: Snoof41 folded before Flop (didn't bet)



PokerStars Game #19570281602:  Hold'em No Limit ($0.10/$0.25) - 2008/08/12 - 18:46:02 (ET)
Table 'Titius' 9-max Seat #7 is the button
Seat 2: tobedope ($18.80 in chips) 
Seat 3: new_draks ($25 in chips) 
Seat 4: Hloser ($32.35 in chips) 
Seat 5: Alameda22 ($24.50 in chips) 
Seat 7: wuschel289 ($26.20 in chips) 
Seat 8: epbarz ($41.40 in chips) 
Seat 9: Snoof41 ($23.20 in chips) 
epbarz: posts small blind $0.10
Snoof41: posts big blind $0.25
*** HOLE CARDS ***
Dealt to Alameda22 [Jc 5d]
tobedope: folds 
new_draks: folds 
Hloser: folds 
Alameda22: folds 
wuschel289: calls $0.25
epbarz: calls $0.15
gpx340 has returned
Snoof41: checks 
*** FLOP *** [9s 9d 6h]
epbarz: checks 
Snoof41: checks 
wuschel289: bets $0.75
epbarz: folds 
Snoof41: folds 
Uncalled bet ($0.75) returned to wuschel289
wuschel289 collected $0.75 from pot
wuschel289: doesn't show hand 
*** SUMMARY ***
Total pot $0.75 | Rake $0 
Board [9s 9d 6h]
Seat 2: tobedope folded before Flop (didn't bet)
Seat 3: new_draks folded before Flop (didn't bet)
Seat 4: Hloser folded before Flop (didn't bet)
Seat 5: Alameda22 folded before Flop (didn't bet)
Seat 7: wuschel289 (button) collected ($0.75)
Seat 8: epbarz (small blind) folded on the Flop
Seat 9: Snoof41 (big blind) folded on the Flop



PokerStars Game #19570299319:  Hold'em No Limit ($0.10/$0.25) - 2008/08/12 - 18:46:47 (ET)
Table 'Titius' 9-max Seat #8 is the button
Seat 1: gpx340 ($5 in chips) 
Seat 2: tobedope ($18.80 in chips) 
Seat 3: new_draks ($25 in chips) 
Seat 4: Hloser ($32.35 in chips) 
Seat 5: Alameda22 ($24.50 in chips) 
Seat 7: wuschel289 ($26.70 in chips) 
Seat 8: epbarz ($41.15 in chips) 
Seat 9: Snoof41 ($22.95 in chips) 
Snoof41: posts small blind $0.10
gpx340: posts big blind $0.25
*** HOLE CARDS ***
Dealt to Alameda22 [5d 6d]
tobedope: calls $0.25
new_draks: folds 
Hloser: folds 
Alameda22: folds 
wuschel289: folds 
epbarz: folds 
Snoof41: calls $0.15
gpx340: checks 
*** FLOP *** [Qs 8s 5s]
Snoof41: checks 
gpx340: bets $0.25
tobedope: folds 
Snoof41: folds 
Uncalled bet ($0.25) returned to gpx340
gpx340 collected $0.75 from pot
gpx340: doesn't show hand 
*** SUMMARY ***
Total pot $0.75 | Rake $0 
Board [Qs 8s 5s]
Seat 1: gpx340 (big blind) collected ($0.75)
Seat 2: tobedope folded on the Flop
Seat 3: new_draks folded before Flop (didn't bet)
Seat 4: Hloser folded before Flop (didn't bet)
Seat 5: Alameda22 folded before Flop (didn't bet)
Seat 7: wuschel289 folded before Flop (didn't bet)
Seat 8: epbarz (button) folded before Flop (didn't bet)
Seat 9: Snoof41 (small blind) folded on the Flop



PokerStars Game #19570321248:  Hold'em No Limit ($0.10/$0.25) - 2008/08/12 - 18:47:43 (ET)
Table 'Titius' 9-max Seat #9 is the button
Seat 1: gpx340 ($5.50 in chips) 
Seat 2: tobedope ($18.55 in chips) 
Seat 3: new_draks ($25 in chips) 
Seat 4: Hloser ($32.35 in chips) 
Seat 5: Alameda22 ($24.50 in chips) 
Seat 7: wuschel289 ($26.70 in chips) 
Seat 8: epbarz ($41.15 in chips) 
Seat 9: Snoof41 ($22.70 in chips) 
gpx340: posts small blind $0.10
tobedope: posts big blind $0.25
*** HOLE CARDS ***
Dealt to Alameda22 [8h Ts]
new_draks: folds 
Hloser: folds 
Alameda22: folds 
wuschel289: folds 
epbarz: folds 
Snoof41: folds 
gpx340: calls $0.15
tobedope: checks 
*** FLOP *** [8s 3d Qs]
gpx340: checks 
tobedope: checks 
*** TURN *** [8s 3d Qs] [9h]
gpx340: checks 
tobedope: bets $0.50
gpx340: calls $0.50
*** RIVER *** [8s 3d Qs 9h] [Jc]
gpx340: bets $4.75 and is all-in
tobedope: folds 
Uncalled bet ($4.75) returned to gpx340
gpx340 collected $1.45 from pot
gpx340: doesn't show hand 
*** SUMMARY ***
Total pot $1.50 | Rake $0.05 
Board [8s 3d Qs 9h Jc]
Seat 1: gpx340 (small blind) collected ($1.45)
Seat 2: tobedope (big blind) folded on the River
Seat 3: new_draks folded before Flop (didn't bet)
Seat 4: Hloser folded before Flop (didn't bet)
Seat 5: Alameda22 folded before Flop (didn't bet)
Seat 7: wuschel289 folded before Flop (didn't bet)
Seat 8: epbarz folded before Flop (didn't bet)
Seat 9: Snoof41 (button) folded before Flop (didn't bet)



PokerStars Game #19570347824:  Hold'em No Limit ($0.10/$0.25) - 2008/08/12 - 18:48:50 (ET)
Table 'Titius' 9-max Seat #1 is the button
Seat 1: gpx340 ($6.20 in chips) 
Seat 2: tobedope ($17.80 in chips) 
Seat 3: new_draks ($25 in chips) 
Seat 4: Hloser ($32.35 in chips) 
Seat 5: Alameda22 ($24.50 in chips) 
Seat 7: wuschel289 ($26.70 in chips) 
Seat 8: epbarz ($41.15 in chips) 
Seat 9: Snoof41 ($22.70 in chips) 
tobedope: posts small blind $0.10
new_draks: posts big blind $0.25
*** HOLE CARDS ***
Dealt to Alameda22 [Ks Js]
Hloser: folds 
Alameda22: folds 
wuschel289: folds 
epbarz: folds 
Snoof41: raises $0.50 to $0.75
gpx340: folds 
tobedope: calls $0.65
new_draks: folds 
*** FLOP *** [Kh Kc 7d]
tobedope: checks 
Snoof41: bets $0.75
tobedope: folds 
Uncalled bet ($0.75) returned to Snoof41
Snoof41 collected $1.70 from pot
Snoof41: doesn't show hand 
*** SUMMARY ***
Total pot $1.75 | Rake $0.05 
Board [Kh Kc 7d]
Seat 1: gpx340 (button) folded before Flop (didn't bet)
Seat 2: tobedope (small blind) folded on the Flop
Seat 3: new_draks (big blind) folded before Flop
Seat 4: Hloser folded before Flop (didn't bet)
Seat 5: Alameda22 folded before Flop (didn't bet)
Seat 7: wuschel289 folded before Flop (didn't bet)
Seat 8: epbarz folded before Flop (didn't bet)
Seat 9: Snoof41 collected ($1.70)



PokerStars Game #19570368707:  Hold'em No Limit ($0.10/$0.25) - 2008/08/12 - 18:49:44 (ET)
Table 'Titius' 9-max Seat #2 is the button
Seat 1: gpx340 ($6.20 in chips) 
Seat 2: tobedope ($17.05 in chips) 
Seat 3: new_draks ($25 in chips) 
Seat 4: Hloser ($32.35 in chips) 
Seat 5: Alameda22 ($24.50 in chips) 
Seat 7: wuschel289 ($26.70 in chips) 
Seat 8: epbarz ($41.15 in chips) 
Seat 9: Snoof41 ($23.65 in chips) 
new_draks: posts small blind $0.10
Hloser: posts big blind $0.25
*** HOLE CARDS ***
Dealt to Alameda22 [Qs 6h]
Alameda22: folds 
wuschel289: folds 
epbarz: folds 
shahar888 joins the table at seat #6 
Snoof41: folds 
gpx340: calls $0.25
tobedope: folds 
new_draks: raises $1.25 to $1.50
Hloser: folds 
gpx340: calls $1.25
*** FLOP *** [Tc 4s 6d]
new_draks: bets $3
gpx340: folds 
Uncalled bet ($3) returned to new_draks
new_draks collected $3.10 from pot
new_draks: doesn't show hand 
*** SUMMARY ***
Total pot $3.25 | Rake $0.15 
Board [Tc 4s 6d]
Seat 1: gpx340 folded on the Flop
Seat 2: tobedope (button) folded before Flop (didn't bet)
Seat 3: new_draks (small blind) collected ($3.10)
Seat 4: Hloser (big blind) folded before Flop
Seat 5: Alameda22 folded before Flop (didn't bet)
Seat 7: wuschel289 folded before Flop (didn't bet)
Seat 8: epbarz folded before Flop (didn't bet)
Seat 9: Snoof41 folded before Flop (didn't bet)



PokerStars Game #19570398025:  Hold'em No Limit ($0.10/$0.25) - 2008/08/12 - 18:51:03 (ET)
Table 'Titius' 9-max Seat #3 is the button
Seat 1: gpx340 ($4.70 in chips) 
Seat 2: tobedope ($17.05 in chips) 
Seat 3: new_draks ($26.60 in chips) 
Seat 4: Hloser ($32.10 in chips) 
Seat 5: Alameda22 ($24.50 in chips) 
Seat 6: shahar888 ($15 in chips) 
Seat 7: wuschel289 ($26.70 in chips) 
Seat 8: epbarz ($41.15 in chips) 
Seat 9: Snoof41 ($23.65 in chips) 
Hloser: posts small blind $0.10
Alameda22: posts big blind $0.25
shahar888: posts big blind $0.25
*** HOLE CARDS ***
Dealt to Alameda22 [5d Ts]
shahar888: checks 
wuschel289: calls $0.25
epbarz: folds 
Snoof41: folds 
gpx340: calls $0.25
tobedope: folds 
new_draks: folds 
Hloser: folds 
Alameda22: checks 
*** FLOP *** [8d 7h Ad]
Alameda22: checks 
shahar888: checks 
wuschel289: bets $0.75
gpx340: folds 
Alameda22: folds 
shahar888: folds 
Uncalled bet ($0.75) returned to wuschel289
wuschel289 collected $1.05 from pot
wuschel289: doesn't show hand 
*** SUMMARY ***
Total pot $1.10 | Rake $0.05 
Board [8d 7h Ad]
Seat 1: gpx340 folded on the Flop
Seat 2: tobedope folded before Flop (didn't bet)
Seat 3: new_draks (button) folded before Flop (didn't bet)
Seat 4: Hloser (small blind) folded before Flop
Seat 5: Alameda22 (big blind) folded on the Flop
Seat 6: shahar888 folded on the Flop
Seat 7: wuschel289 collected ($1.05)
Seat 8: epbarz folded before Flop (didn't bet)
Seat 9: Snoof41 folded before Flop (didn't bet)



PokerStars Game #19570421091:  Hold'em No Limit ($0.10/$0.25) - 2008/08/12 - 18:51:59 (ET)
Table 'Titius' 9-max Seat #4 is the button
Seat 1: gpx340 ($4.45 in chips) 
Seat 2: tobedope ($17.05 in chips) 
Seat 3: new_draks ($26.60 in chips) 
Seat 4: Hloser ($32 in chips) 
Seat 5: Alameda22 ($24.25 in chips) 
Seat 6: shahar888 ($14.75 in chips) 
Seat 7: wuschel289 ($27.50 in chips) 
Seat 8: epbarz ($41.15 in chips) 
Seat 9: Snoof41 ($23.65 in chips) 
Alameda22: posts small blind $0.10
shahar888: posts big blind $0.25
*** HOLE CARDS ***
Dealt to Alameda22 [Kh 3c]
wuschel289: folds 
epbarz: folds 
Snoof41: folds 
gpx340: calls $0.25
tobedope: folds 
new_draks: folds 
Hloser: folds 
Alameda22: folds 
shahar888: raises $0.75 to $1
gpx340: calls $0.75
*** FLOP *** [7c 8d 8c]
shahar888: bets $4.50
gpx340: calls $3.45 and is all-in
Uncalled bet ($1.05) returned to shahar888
*** TURN *** [7c 8d 8c] [Td]
*** RIVER *** [7c 8d 8c Td] [Ad]
*** SHOW DOWN ***
shahar888: shows [Jc Jh] (two pair, Jacks and Eights)
gpx340: mucks hand 
shahar888 collected $8.60 from pot
*** SUMMARY ***
Total pot $9 | Rake $0.40 
Board [7c 8d 8c Td Ad]
Seat 1: gpx340 mucked [7s 9s]
Seat 2: tobedope folded before Flop (didn't bet)
Seat 3: new_draks folded before Flop (didn't bet)
Seat 4: Hloser (button) folded before Flop (didn't bet)
Seat 5: Alameda22 (small blind) folded before Flop
Seat 6: shahar888 (big blind) showed [Jc Jh] and won ($8.60) with two pair, Jacks and Eights
Seat 7: wuschel289 folded before Flop (didn't bet)
Seat 8: epbarz folded before Flop (didn't bet)
Seat 9: Snoof41 folded before Flop (didn't bet)



PokerStars Game #19570450187:  Hold'em No Limit ($0.10/$0.25) - 2008/08/12 - 18:53:14 (ET)
Table 'Titius' 9-max Seat #5 is the button
Seat 2: tobedope ($17.05 in chips) 
Seat 3: new_draks ($26.60 in chips) 
Seat 4: Hloser ($32 in chips) 
Seat 5: Alameda22 ($24.15 in chips) 
Seat 6: shahar888 ($18.90 in chips) 
Seat 7: wuschel289 ($27.50 in chips) 
Seat 8: epbarz ($41.15 in chips) 
Seat 9: Snoof41 ($23.65 in chips) 
shahar888: posts small blind $0.10
wuschel289: posts big blind $0.25
*** HOLE CARDS ***
Dealt to Alameda22 [Tc 4h]
epbarz: folds 
Snoof41: folds 
tobedope: folds 
gpx340 leaves the table
new_draks: folds 
Hloser: folds 
Alameda22: folds 
shahar888: calls $0.15
wuschel289: checks 
*** FLOP *** [3s Ah Jc]
shahar888: bets $0.50
wuschel289: calls $0.50
*** TURN *** [3s Ah Jc] [8c]
shahar888: checks 
wuschel289: checks 
*** RIVER *** [3s Ah Jc 8c] [8d]
shahar888: checks 
wuschel289: checks 
*** SHOW DOWN ***
shahar888: shows [7s Qc] (a pair of Eights)
wuschel289: shows [Jh Kc] (two pair, Jacks and Eights)
wuschel289 collected $1.45 from pot
*** SUMMARY ***
Total pot $1.50 | Rake $0.05 
Board [3s Ah Jc 8c 8d]
Seat 2: tobedope folded before Flop (didn't bet)
Seat 3: new_draks folded before Flop (didn't bet)
Seat 4: Hloser folded before Flop (didn't bet)
Seat 5: Alameda22 (button) folded before Flop (didn't bet)
Seat 6: shahar888 (small blind) showed [7s Qc] and lost with a pair of Eights
Seat 7: wuschel289 (big blind) showed [Jh Kc] and won ($1.45) with two pair, Jacks and Eights
Seat 8: epbarz folded before Flop (didn't bet)
Seat 9: Snoof41 folded before Flop (didn't bet)



PokerStars Game #19570471961:  Hold'em No Limit ($0.10/$0.25) - 2008/08/12 - 18:54:11 (ET)
Table 'Titius' 9-max Seat #6 is the button
Seat 2: tobedope ($17.05 in chips) 
Seat 3: new_draks ($26.60 in chips) 
Seat 4: Hloser ($32 in chips) 
Seat 5: Alameda22 ($24.15 in chips) 
Seat 6: shahar888 ($18.15 in chips) 
Seat 7: wuschel289 ($28.20 in chips) 
Seat 8: epbarz ($41.15 in chips) 
Seat 9: Snoof41 ($23.65 in chips) 
wuschel289: posts small blind $0.10
epbarz: posts big blind $0.25
*** HOLE CARDS ***
Dealt to Alameda22 [7h 5h]
Snoof41: folds 
tobedope: folds 
new_draks: raises $0.50 to $0.75
Hloser: folds 
Alameda22: folds 
shahar888: calls $0.75
righty0130 joins the table at seat #1 
wuschel289: folds 
epbarz: calls $0.50
*** FLOP *** [Ks 9s 7s]
epbarz: checks 
new_draks: bets $2.25
shahar888: raises $15.15 to $17.40 and is all-in
epbarz: folds 
new_draks: calls $15.15
*** TURN *** [Ks 9s 7s] [9h]
*** RIVER *** [Ks 9s 7s 9h] [7d]
*** SHOW DOWN ***
new_draks: shows [Ah Ac] (two pair, Aces and Nines)
shahar888: shows [3s 6s] (a flush, King high)
shahar888 collected $35.30 from pot
*** SUMMARY ***
Total pot $37.15 | Rake $1.85 
Board [Ks 9s 7s 9h 7d]
Seat 2: tobedope folded before Flop (didn't bet)
Seat 3: new_draks showed [Ah Ac] and lost with two pair, Aces and Nines
Seat 4: Hloser folded before Flop (didn't bet)
Seat 5: Alameda22 folded before Flop (didn't bet)
Seat 6: shahar888 (button) showed [3s 6s] and won ($35.30) with a flush, King high
Seat 7: wuschel289 (small blind) folded before Flop
Seat 8: epbarz (big blind) folded on the Flop
Seat 9: Snoof41 folded before Flop (didn't bet)



PokerStars Game #19570505397:  Hold'em No Limit ($0.10/$0.25) - 2008/08/12 - 18:55:37 (ET)
Table 'Titius' 9-max Seat #7 is the button
Seat 1: righty0130 ($15 in chips) 
Seat 2: tobedope ($17.05 in chips) 
Seat 3: new_draks ($25 in chips) 
Seat 4: Hloser ($32 in chips) 
Seat 5: Alameda22 ($24.15 in chips) 
Seat 6: shahar888 ($35.30 in chips) 
Seat 7: wuschel289 ($28.10 in chips) 
Seat 8: epbarz ($40.40 in chips) 
Seat 9: Snoof41 ($23.65 in chips) 
epbarz: posts small blind $0.10
Snoof41: posts big blind $0.25
righty0130: posts big blind $0.25
*** HOLE CARDS ***
Dealt to Alameda22 [3d 5s]
shahar888 said, "yyyyyyyyyyyyaaaaaaaaaaaaaa"
righty0130: checks 
tobedope: raises $0.50 to $0.75
new_draks: folds 
Hloser: folds 
Alameda22: folds 
shahar888: folds 
wuschel289: folds 
epbarz: folds 
Snoof41: folds 
righty0130: folds 
Uncalled bet ($0.50) returned to tobedope
tobedope collected $0.85 from pot
tobedope: doesn't show hand 
*** SUMMARY ***
Total pot $0.85 | Rake $0 
Seat 1: righty0130 folded before Flop
Seat 2: tobedope collected ($0.85)
Seat 3: new_draks folded before Flop (didn't bet)
Seat 4: Hloser folded before Flop (didn't bet)
Seat 5: Alameda22 folded before Flop (didn't bet)
Seat 6: shahar888 folded before Flop (didn't bet)
Seat 7: wuschel289 (button) folded before Flop (didn't bet)
Seat 8: epbarz (small blind) folded before Flop
Seat 9: Snoof41 (big blind) folded before Flop



PokerStars Game #19570525138:  Hold'em No Limit ($0.10/$0.25) - 2008/08/12 - 18:56:29 (ET)
Table 'Titius' 9-max Seat #8 is the button
Seat 1: righty0130 ($14.75 in chips) 
Seat 2: tobedope ($17.65 in chips) 
Seat 3: new_draks ($25 in chips) 
Seat 4: Hloser ($32 in chips) 
Seat 5: Alameda22 ($24.15 in chips) 
Seat 6: shahar888 ($35.30 in chips) 
Seat 7: wuschel289 ($28.10 in chips) 
Seat 8: epbarz ($40.30 in chips) 
Seat 9: Snoof41 ($23.40 in chips) 
Snoof41: posts small blind $0.10
righty0130: posts big blind $0.25
*** HOLE CARDS ***
Dealt to Alameda22 [Kh Qh]
tobedope: folds 
new_draks: raises $0.75 to $1
Hloser: folds 
Alameda22: folds 
shahar888: calls $1
wuschel289: folds 
epbarz: folds 
Snoof41: folds 
righty0130: calls $0.75
*** FLOP *** [Jh Th 4h]
righty0130: checks 
new_draks: bets $2.50
shahar888: folds 
righty0130: folds 
Uncalled bet ($2.50) returned to new_draks
new_draks collected $2.95 from pot
new_draks: doesn't show hand 
*** SUMMARY ***
Total pot $3.10 | Rake $0.15 
Board [Jh Th 4h]
Seat 1: righty0130 (big blind) folded on the Flop
Seat 2: tobedope folded before Flop (didn't bet)
Seat 3: new_draks collected ($2.95)
Seat 4: Hloser folded before Flop (didn't bet)
Seat 5: Alameda22 folded before Flop (didn't bet)
Seat 6: shahar888 folded on the Flop
Seat 7: wuschel289 folded before Flop (didn't bet)
Seat 8: epbarz (button) folded before Flop (didn't bet)
Seat 9: Snoof41 (small blind) folded before Flop



PokerStars Game #19570544990:  Hold'em No Limit ($0.10/$0.25) - 2008/08/12 - 18:57:20 (ET)
Table 'Titius' 9-max Seat #9 is the button
Seat 1: righty0130 ($13.75 in chips) 
Seat 2: tobedope ($17.65 in chips) 
Seat 3: new_draks ($26.95 in chips) 
Seat 4: Hloser ($32 in chips) 
Seat 5: Alameda22 ($24.15 in chips) 
Seat 6: shahar888 ($34.30 in chips) 
Seat 7: wuschel289 ($28.10 in chips) 
Seat 8: epbarz ($40.30 in chips) 
Seat 9: Snoof41 ($23.30 in chips) 
righty0130: posts small blind $0.10
tobedope: posts big blind $0.25
*** HOLE CARDS ***
Dealt to Alameda22 [7c 3d]
new_draks: folds 
Hloser: folds 
Alameda22: folds 
shahar888: calls $0.25
wuschel289: folds 
epbarz: folds 
Snoof41: folds 
righty0130: calls $0.15
tobedope: checks 
*** FLOP *** [Ks 9d 5d]
righty0130: checks 
tobedope: checks 
shahar888: bets $0.50
righty0130: folds 
tobedope: folds 
Uncalled bet ($0.50) returned to shahar888
shahar888 collected $0.75 from pot
shahar888: doesn't show hand 
*** SUMMARY ***
Total pot $0.75 | Rake $0 
Board [Ks 9d 5d]
Seat 1: righty0130 (small blind) folded on the Flop
Seat 2: tobedope (big blind) folded on the Flop
Seat 3: new_draks folded before Flop (didn't bet)
Seat 4: Hloser folded before Flop (didn't bet)
Seat 5: Alameda22 folded before Flop (didn't bet)
Seat 6: shahar888 collected ($0.75)
Seat 7: wuschel289 folded before Flop (didn't bet)
Seat 8: epbarz folded before Flop (didn't bet)
Seat 9: Snoof41 (button) folded before Flop (didn't bet)



PokerStars Game #19570561688:  Hold'em No Limit ($0.10/$0.25) - 2008/08/12 - 18:58:04 (ET)
Table 'Titius' 9-max Seat #1 is the button
Seat 1: righty0130 ($13.50 in chips) 
Seat 2: tobedope ($17.40 in chips) 
Seat 3: new_draks ($26.95 in chips) 
Seat 4: Hloser ($32 in chips) 
Seat 5: Alameda22 ($24.15 in chips) 
Seat 6: shahar888 ($34.80 in chips) 
Seat 7: wuschel289 ($28.10 in chips) 
Seat 8: epbarz ($40.30 in chips) 
Seat 9: Snoof41 ($23.30 in chips) 
tobedope: posts small blind $0.10
new_draks: posts big blind $0.25
*** HOLE CARDS ***
Dealt to Alameda22 [Qd 9c]
Hloser: calls $0.25
Alameda22: folds 
shahar888: raises $0.25 to $0.50
wuschel289: folds 
epbarz: calls $0.50
Snoof41: folds 
righty0130: calls $0.50
tobedope: folds 
new_draks: folds 
Hloser: calls $0.25
*** FLOP *** [2d 8h 2h]
Hloser: checks 
shahar888: checks 
epbarz: bets $1.75
righty0130: folds 
Hloser: folds 
shahar888: folds 
Uncalled bet ($1.75) returned to epbarz
epbarz collected $2.25 from pot
epbarz: doesn't show hand 
*** SUMMARY ***
Total pot $2.35 | Rake $0.10 
Board [2d 8h 2h]
Seat 1: righty0130 (button) folded on the Flop
Seat 2: tobedope (small blind) folded before Flop
Seat 3: new_draks (big blind) folded before Flop
Seat 4: Hloser folded on the Flop
Seat 5: Alameda22 folded before Flop (didn't bet)
Seat 6: shahar888 folded on the Flop
Seat 7: wuschel289 folded before Flop (didn't bet)
Seat 8: epbarz collected ($2.25)
Seat 9: Snoof41 folded before Flop (didn't bet)



PokerStars Game #19570588046:  Hold'em No Limit ($0.10/$0.25) - 2008/08/12 - 18:59:13 (ET)
Table 'Titius' 9-max Seat #2 is the button
Seat 1: righty0130 ($13 in chips) 
Seat 2: tobedope ($17.30 in chips) 
Seat 3: new_draks ($26.70 in chips) 
Seat 4: Hloser ($31.50 in chips) 
Seat 5: Alameda22 ($24.15 in chips) 
Seat 6: shahar888 ($34.30 in chips) 
Seat 7: wuschel289 ($28.10 in chips) 
Seat 8: epbarz ($42.05 in chips) 
Seat 9: Snoof41 ($23.30 in chips) 
new_draks: posts small blind $0.10
Hloser: posts big blind $0.25
*** HOLE CARDS ***
Dealt to Alameda22 [7h 8c]
Alameda22: folds 
shahar888: calls $0.25
wuschel289: folds 
epbarz: folds 
Snoof41: folds 
righty0130: calls $0.25
tobedope: raises $0.50 to $0.75
new_draks: folds 
Hloser: folds 
shahar888: raises $0.50 to $1.25
righty0130: folds 
tobedope: calls $0.50
*** FLOP *** [5d Ah 8s]
shahar888: bets $0.75
tobedope: raises $1.25 to $2
shahar888: folds 
Uncalled bet ($1.25) returned to tobedope
tobedope collected $4.40 from pot
tobedope: doesn't show hand 
*** SUMMARY ***
Total pot $4.60 | Rake $0.20 
Board [5d Ah 8s]
Seat 1: righty0130 folded before Flop
Seat 2: tobedope (button) collected ($4.40)
Seat 3: new_draks (small blind) folded before Flop
Seat 4: Hloser (big blind) folded before Flop
Seat 5: Alameda22 folded before Flop (didn't bet)
Seat 6: shahar888 folded on the Flop
Seat 7: wuschel289 folded before Flop (didn't bet)
Seat 8: epbarz folded before Flop (didn't bet)
Seat 9: Snoof41 folded before Flop (didn't bet)



PokerStars Game #19570615730:  Hold'em No Limit ($0.10/$0.25) - 2008/08/12 - 19:00:25 (ET)
Table 'Titius' 9-max Seat #3 is the button
Seat 1: righty0130 ($12.75 in chips) 
Seat 2: tobedope ($19.70 in chips) 
Seat 3: new_draks ($26.60 in chips) 
Seat 4: Hloser ($31.25 in chips) 
Seat 5: Alameda22 ($24.15 in chips) 
Seat 6: shahar888 ($32.30 in chips) 
Seat 7: wuschel289 ($28.10 in chips) 
Seat 8: epbarz ($42.05 in chips) 
Seat 9: Snoof41 ($23.30 in chips) 
Hloser: posts small blind $0.10
Alameda22: posts big blind $0.25
*** HOLE CARDS ***
Dealt to Alameda22 [Ks 4c]
shahar888: folds 
wuschel289: folds 
epbarz: raises $0.50 to $0.75
Snoof41: folds 
righty0130: folds 
tobedope: folds 
new_draks: folds 
Hloser: folds 
Alameda22: folds 
Uncalled bet ($0.50) returned to epbarz
epbarz collected $0.60 from pot
epbarz: doesn't show hand 
*** SUMMARY ***
Total pot $0.60 | Rake $0 
Seat 1: righty0130 folded before Flop (didn't bet)
Seat 2: tobedope folded before Flop (didn't bet)
Seat 3: new_draks (button) folded before Flop (didn't bet)
Seat 4: Hloser (small blind) folded before Flop
Seat 5: Alameda22 (big blind) folded before Flop
Seat 6: shahar888 folded before Flop (didn't bet)
Seat 7: wuschel289 folded before Flop (didn't bet)
Seat 8: epbarz collected ($0.60)
Seat 9: Snoof41 folded before Flop (didn't bet)



PokerStars Game #19570631154:  Hold'em No Limit ($0.10/$0.25) - 2008/08/12 - 19:01:05 (ET)
Table 'Titius' 9-max Seat #4 is the button
Seat 1: righty0130 ($12.75 in chips) 
Seat 2: tobedope ($19.70 in chips) 
Seat 3: new_draks ($26.60 in chips) 
Seat 4: Hloser ($31.15 in chips) 
Seat 5: Alameda22 ($23.90 in chips) 
Seat 6: shahar888 ($32.30 in chips) 
Seat 7: wuschel289 ($28.10 in chips) 
Seat 8: epbarz ($42.40 in chips) 
Seat 9: Snoof41 ($23.30 in chips) 
Alameda22: posts small blind $0.10
shahar888: posts big blind $0.25
*** HOLE CARDS ***
Dealt to Alameda22 [4c 8s]
wuschel289: folds 
epbarz: folds 
Snoof41: folds 
righty0130: calls $0.25
tobedope: folds 
new_draks: folds 
Hloser: folds 
Alameda22: folds 
shahar888: checks 
*** FLOP *** [2s Ts Th]
shahar888: checks 
righty0130: bets $0.50
shahar888: folds 
Uncalled bet ($0.50) returned to righty0130
shahar888 is sitting out
shahar888 has returned
righty0130 collected $0.60 from pot
*** SUMMARY ***
Total pot $0.60 | Rake $0 
Board [2s Ts Th]
Seat 1: righty0130 collected ($0.60)
Seat 2: tobedope folded before Flop (didn't bet)
Seat 3: new_draks folded before Flop (didn't bet)
Seat 4: Hloser (button) folded before Flop (didn't bet)
Seat 5: Alameda22 (small blind) folded before Flop
Seat 6: shahar888 (big blind) folded on the Flop
Seat 7: wuschel289 folded before Flop (didn't bet)
Seat 8: epbarz folded before Flop (didn't bet)
Seat 9: Snoof41 folded before Flop (didn't bet)



PokerStars Game #19570658370:  Hold'em No Limit ($0.10/$0.25) - 2008/08/12 - 19:02:15 (ET)
Table 'Titius' 9-max Seat #5 is the button
Seat 1: righty0130 ($13.10 in chips) 
Seat 2: tobedope ($19.70 in chips) 
Seat 3: new_draks ($26.60 in chips) 
Seat 4: Hloser ($31.15 in chips) 
Seat 5: Alameda22 ($23.80 in chips) 
Seat 6: shahar888 ($32.05 in chips) 
Seat 7: wuschel289 ($28.10 in chips) 
Seat 8: epbarz ($42.40 in chips) 
Seat 9: Snoof41 ($23.30 in chips) 
shahar888: posts small blind $0.10
wuschel289: posts big blind $0.25
*** HOLE CARDS ***
Dealt to Alameda22 [As Kc]
epbarz: calls $0.25
Snoof41: folds 
righty0130: folds 
tobedope: folds 
new_draks: folds 
Hloser: folds 
Alameda22: raises $0.75 to $1
shahar888: calls $0.90
wuschel289: folds 
epbarz: calls $0.75
*** FLOP *** [Kh Td 4c]
shahar888: checks 
epbarz: checks 
Alameda22: bets $2
shahar888: folds 
shahar888 is sitting out
shahar888 has returned
epbarz: folds 
Uncalled bet ($2) returned to Alameda22
Alameda22 collected $3.10 from pot
Alameda22: doesn't show hand 
*** SUMMARY ***
Total pot $3.25 | Rake $0.15 
Board [Kh Td 4c]
Seat 1: righty0130 folded before Flop (didn't bet)
Seat 2: tobedope folded before Flop (didn't bet)
Seat 3: new_draks folded before Flop (didn't bet)
Seat 4: Hloser folded before Flop (didn't bet)
Seat 5: Alameda22 (button) collected ($3.10)
Seat 6: shahar888 (small blind) folded on the Flop
Seat 7: wuschel289 (big blind) folded before Flop
Seat 8: epbarz folded on the Flop
Seat 9: Snoof41 folded before Flop (didn't bet)



PokerStars Game #19570687960:  Hold'em No Limit ($0.10/$0.25) - 2008/08/12 - 19:03:31 (ET)
Table 'Titius' 9-max Seat #6 is the button
Seat 1: righty0130 ($13.10 in chips) 
Seat 2: tobedope ($19.70 in chips) 
Seat 3: new_draks ($26.60 in chips) 
Seat 4: Hloser ($31.15 in chips) 
Seat 5: Alameda22 ($25.90 in chips) 
Seat 6: shahar888 ($31.05 in chips) 
Seat 7: wuschel289 ($27.85 in chips) 
Seat 8: epbarz ($41.40 in chips) 
Seat 9: Snoof41 ($23.30 in chips) 
wuschel289: posts small blind $0.10
epbarz: posts big blind $0.25
*** HOLE CARDS ***
Dealt to Alameda22 [Qc 5d]
Snoof41: folds 
righty0130: folds 
tobedope: folds 
new_draks: raises $0.75 to $1
Hloser: folds 
Alameda22: folds 
shahar888: calls $1
wuschel289: folds 
epbarz: folds 
*** FLOP *** [8d Jh Th]
new_draks: bets $1.75
shahar888: calls $1.75
*** TURN *** [8d Jh Th] [Jc]
new_draks: checks 
shahar888: bets $2.50
new_draks: calls $2.50
*** RIVER *** [8d Jh Th Jc] [3s]
new_draks: checks 
shahar888: bets $5
new_draks: folds 
Uncalled bet ($5) returned to shahar888
shahar888 collected $10.35 from pot
shahar888 is sitting out
shahar888: shows [Qd 7h] (a pair of Jacks)
*** SUMMARY ***
Total pot $10.85 | Rake $0.50 
Board [8d Jh Th Jc 3s]
Seat 1: righty0130 folded before Flop (didn't bet)
Seat 2: tobedope folded before Flop (didn't bet)
Seat 3: new_draks folded on the River
Seat 4: Hloser folded before Flop (didn't bet)
Seat 5: Alameda22 folded before Flop (didn't bet)
Seat 6: shahar888 (button) collected ($10.35)
Seat 7: wuschel289 (small blind) folded before Flop
Seat 8: epbarz (big blind) folded before Flop
Seat 9: Snoof41 folded before Flop (didn't bet)



PokerStars Game #19570716733:  Hold'em No Limit ($0.10/$0.25) - 2008/08/12 - 19:04:45 (ET)
Table 'Titius' 9-max Seat #7 is the button
Seat 1: righty0130 ($13.10 in chips) 
Seat 2: tobedope ($19.70 in chips) 
Seat 3: new_draks ($25 in chips) 
Seat 4: Hloser ($31.15 in chips) 
Seat 5: Alameda22 ($25.90 in chips) 
Seat 7: wuschel289 ($27.75 in chips) 
Seat 8: epbarz ($41.15 in chips) 
Seat 9: Snoof41 ($23.30 in chips) 
epbarz: posts small blind $0.10
Snoof41: posts big blind $0.25
*** HOLE CARDS ***
Dealt to Alameda22 [Qs 3s]
shahar888 leaves the table
righty0130: folds 
tobedope: folds 
new_draks: folds 
Hloser: folds 
Alameda22: folds 
wuschel289: folds 
epbarz: folds 
Uncalled bet ($0.15) returned to Snoof41
Snoof41 collected $0.20 from pot
Snoof41: doesn't show hand 
*** SUMMARY ***
Total pot $0.20 | Rake $0 
Seat 1: righty0130 folded before Flop (didn't bet)
Seat 2: tobedope folded before Flop (didn't bet)
Seat 3: new_draks folded before Flop (didn't bet)
Seat 4: Hloser folded before Flop (didn't bet)
Seat 5: Alameda22 folded before Flop (didn't bet)
Seat 7: wuschel289 (button) folded before Flop (didn't bet)
Seat 8: epbarz (small blind) folded before Flop
Seat 9: Snoof41 (big blind) collected ($0.20)



PokerStars Game #19570729312:  Hold'em No Limit ($0.10/$0.25) - 2008/08/12 - 19:05:17 (ET)
Table 'Titius' 9-max Seat #8 is the button
Seat 1: righty0130 ($13.10 in chips) 
Seat 2: tobedope ($19.70 in chips) 
Seat 3: new_draks ($25 in chips) 
Seat 4: Hloser ($31.15 in chips) 
Seat 5: Alameda22 ($25.90 in chips) 
Seat 7: wuschel289 ($27.75 in chips) 
Seat 8: epbarz ($41.05 in chips) 
Seat 9: Snoof41 ($23.40 in chips) 
Snoof41: posts small blind $0.10
EREDAYHUSLIN joins the table at seat #6 
righty0130: posts big blind $0.25
*** HOLE CARDS ***
Dealt to Alameda22 [2c 7h]
tobedope: folds 
new_draks: folds 
Hloser: folds 
Alameda22: folds 
wuschel289: calls $0.25
epbarz: folds 
Snoof41: raises $0.75 to $1
righty0130: folds 
wuschel289: folds 
Uncalled bet ($0.75) returned to Snoof41
Snoof41 collected $0.75 from pot
Snoof41: doesn't show hand 
*** SUMMARY ***
Total pot $0.75 | Rake $0 
Seat 1: righty0130 (big blind) folded before Flop
Seat 2: tobedope folded before Flop (didn't bet)
Seat 3: new_draks folded before Flop (didn't bet)
Seat 4: Hloser folded before Flop (didn't bet)
Seat 5: Alameda22 folded before Flop (didn't bet)
Seat 7: wuschel289 folded before Flop
Seat 8: epbarz (button) folded before Flop (didn't bet)
Seat 9: Snoof41 (small blind) collected ($0.75)



PokerStars Game #19570750755:  Hold'em No Limit ($0.10/$0.25) - 2008/08/12 - 19:06:12 (ET)
Table 'Titius' 9-max Seat #9 is the button
Seat 1: righty0130 ($12.85 in chips) 
Seat 2: tobedope ($19.70 in chips) 
Seat 3: new_draks ($25 in chips) 
Seat 4: Hloser ($31.15 in chips) 
Seat 5: Alameda22 ($25.90 in chips) 
Seat 7: wuschel289 ($27.50 in chips) 
Seat 8: epbarz ($41.05 in chips) 
Seat 9: Snoof41 ($23.90 in chips) 
righty0130: posts small blind $0.10
tobedope: posts big blind $0.25
EREDAYHUSLIN: sits out 
*** HOLE CARDS ***
Dealt to Alameda22 [8c 4c]
new_draks: folds 
Hloser: folds 
Alameda22: folds 
wuschel289: folds 
epbarz: folds 
Snoof41: folds 
righty0130: calls $0.15
tobedope: raises $0.50 to $0.75
righty0130: folds 
Uncalled bet ($0.50) returned to tobedope
tobedope collected $0.50 from pot
tobedope: doesn't show hand 
*** SUMMARY ***
Total pot $0.50 | Rake $0 
Seat 1: righty0130 (small blind) folded before Flop
Seat 2: tobedope (big blind) collected ($0.50)
Seat 3: new_draks folded before Flop (didn't bet)
Seat 4: Hloser folded before Flop (didn't bet)
Seat 5: Alameda22 folded before Flop (didn't bet)
Seat 7: wuschel289 folded before Flop (didn't bet)
Seat 8: epbarz folded before Flop (didn't bet)
Seat 9: Snoof41 (button) folded before Flop (didn't bet)



PokerStars Game #19570766769:  Hold'em No Limit ($0.10/$0.25) - 2008/08/12 - 19:06:54 (ET)
Table 'Titius' 9-max Seat #1 is the button
Seat 1: righty0130 ($12.60 in chips) 
Seat 2: tobedope ($19.95 in chips) 
Seat 3: new_draks ($25 in chips) 
Seat 4: Hloser ($31.15 in chips) 
Seat 5: Alameda22 ($25.90 in chips) 
Seat 7: wuschel289 ($27.50 in chips) 
Seat 8: epbarz ($41.05 in chips) 
Seat 9: Snoof41 ($23.90 in chips) 
tobedope: posts small blind $0.10
new_draks: posts big blind $0.25
EREDAYHUSLIN: sits out 
*** HOLE CARDS ***
Dealt to Alameda22 [6d 7s]
Hloser: folds 
Alameda22: folds 
wuschel289: folds 
epbarz: folds 
Snoof41: calls $0.25
righty0130: calls $0.25
tobedope: calls $0.15
new_draks: checks 
*** FLOP *** [9d Kh Td]
tobedope: checks 
new_draks: checks 
Snoof41: checks 
righty0130: checks 
*** TURN *** [9d Kh Td] [Jc]
tobedope: checks 
new_draks: checks 
Snoof41: checks 
righty0130: checks 
*** RIVER *** [9d Kh Td Jc] [Kc]
tobedope: bets $0.50
new_draks: folds 
Snoof41: folds 
righty0130: folds 
Uncalled bet ($0.50) returned to tobedope
tobedope collected $0.95 from pot
tobedope: doesn't show hand 
*** SUMMARY ***
Total pot $1 | Rake $0.05 
Board [9d Kh Td Jc Kc]
Seat 1: righty0130 (button) folded on the River
Seat 2: tobedope (small blind) collected ($0.95)
Seat 3: new_draks (big blind) folded on the River
Seat 4: Hloser folded before Flop (didn't bet)
Seat 5: Alameda22 folded before Flop (didn't bet)
Seat 7: wuschel289 folded before Flop (didn't bet)
Seat 8: epbarz folded before Flop (didn't bet)
Seat 9: Snoof41 folded on the River



PokerStars Game #19570810847:  Hold'em No Limit ($0.10/$0.25) - 2008/08/12 - 19:08:47 (ET)
Table 'Titius' 9-max Seat #2 is the button
Seat 1: righty0130 ($12.35 in chips) 
Seat 2: tobedope ($20.65 in chips) 
Seat 3: new_draks ($24.75 in chips) 
Seat 4: Hloser ($31.15 in chips) 
Seat 5: Alameda22 ($25.90 in chips) 
Seat 7: wuschel289 ($27.50 in chips) 
Seat 8: epbarz ($41.05 in chips) 
Seat 9: Snoof41 ($23.65 in chips) 
new_draks: posts small blind $0.10
Hloser: posts big blind $0.25
EREDAYHUSLIN: sits out 
*** HOLE CARDS ***
Dealt to Alameda22 [5d Ac]
Alameda22: folds 
wuschel289: calls $0.25
epbarz: folds 
Snoof41: calls $0.25
righty0130: calls $0.25
tobedope: folds 
new_draks: calls $0.15
Hloser: checks 
*** FLOP *** [4s 8d 9c]
new_draks: checks 
Hloser: checks 
wuschel289: checks 
Snoof41: checks 
righty0130: bets $0.50
new_draks: calls $0.50
Hloser: folds 
wuschel289: calls $0.50
Snoof41: folds 
*** TURN *** [4s 8d 9c] [8h]
new_draks: checks 
wuschel289: checks 
righty0130: bets $2.50
new_draks: folds 
wuschel289: folds 
Uncalled bet ($2.50) returned to righty0130
righty0130 collected $2.65 from pot
righty0130: doesn't show hand 
*** SUMMARY ***
Total pot $2.75 | Rake $0.10 
Board [4s 8d 9c 8h]
Seat 1: righty0130 collected ($2.65)
Seat 2: tobedope (button) folded before Flop (didn't bet)
Seat 3: new_draks (small blind) folded on the Turn
Seat 4: Hloser (big blind) folded on the Flop
Seat 5: Alameda22 folded before Flop (didn't bet)
Seat 7: wuschel289 folded on the Turn
Seat 8: epbarz folded before Flop (didn't bet)
Seat 9: Snoof41 folded on the Flop



PokerStars Game #19570847285:  Hold'em No Limit ($0.10/$0.25) - 2008/08/12 - 19:10:21 (ET)
Table 'Titius' 9-max Seat #3 is the button
Seat 1: righty0130 ($14.25 in chips) 
Seat 2: tobedope ($20.65 in chips) 
Seat 3: new_draks ($25 in chips) 
Seat 4: Hloser ($30.90 in chips) 
Seat 5: Alameda22 ($25.90 in chips) 
Seat 7: wuschel289 ($26.75 in chips) 
Seat 8: epbarz ($41.05 in chips) 
Seat 9: Snoof41 ($23.40 in chips) 
Hloser: posts small blind $0.10
Alameda22: posts big blind $0.25
EREDAYHUSLIN: sits out 
*** HOLE CARDS ***
Dealt to Alameda22 [3h 4c]
wuschel289: folds 
epbarz: folds 
Snoof41: folds 
righty0130: calls $0.25
tobedope: raises $0.50 to $0.75
new_draks: folds 
Hloser: calls $0.65
Alameda22: folds 
righty0130: calls $0.50
*** FLOP *** [Js Th 4d]
Hloser: checks 
righty0130: checks 
tobedope: bets $0.75
Hloser: folds 
righty0130: folds 
Uncalled bet ($0.75) returned to tobedope
tobedope collected $2.40 from pot
tobedope: doesn't show hand 
*** SUMMARY ***
Total pot $2.50 | Rake $0.10 
Board [Js Th 4d]
Seat 1: righty0130 folded on the Flop
Seat 2: tobedope collected ($2.40)
Seat 3: new_draks (button) folded before Flop (didn't bet)
Seat 4: Hloser (small blind) folded on the Flop
Seat 5: Alameda22 (big blind) folded before Flop
Seat 7: wuschel289 folded before Flop (didn't bet)
Seat 8: epbarz folded before Flop (didn't bet)
Seat 9: Snoof41 folded before Flop (didn't bet)



PokerStars Game #19570878340:  Hold'em No Limit ($0.10/$0.25) - 2008/08/12 - 19:11:41 (ET)
Table 'Titius' 9-max Seat #4 is the button
Seat 1: righty0130 ($13.50 in chips) 
Seat 2: tobedope ($22.30 in chips) 
Seat 3: new_draks ($25 in chips) 
Seat 4: Hloser ($30.15 in chips) 
Seat 5: Alameda22 ($25.65 in chips) 
Seat 6: EREDAYHUSLIN ($15 in chips) 
Seat 7: wuschel289 ($26.75 in chips) 
Seat 8: epbarz ($41.05 in chips) 
Seat 9: Snoof41 ($23.40 in chips) 
Alameda22: posts small blind $0.10
EREDAYHUSLIN: posts big blind $0.25
*** HOLE CARDS ***
Dealt to Alameda22 [4c 7d]
wuschel289: folds 
epbarz: folds 
Snoof41: calls $0.25
righty0130: folds 
tobedope: folds 
new_draks: folds 
Hloser: folds 
Alameda22: folds 
EREDAYHUSLIN: checks 
*** FLOP *** [Kc 6h Th]
EREDAYHUSLIN: checks 
Snoof41: bets $0.25
EREDAYHUSLIN: folds 
Uncalled bet ($0.25) returned to Snoof41
Snoof41 collected $0.60 from pot
Snoof41: doesn't show hand 
*** SUMMARY ***
Total pot $0.60 | Rake $0 
Board [Kc 6h Th]
Seat 1: righty0130 folded before Flop (didn't bet)
Seat 2: tobedope folded before Flop (didn't bet)
Seat 3: new_draks folded before Flop (didn't bet)
Seat 4: Hloser (button) folded before Flop (didn't bet)
Seat 5: Alameda22 (small blind) folded before Flop
Seat 6: EREDAYHUSLIN (big blind) folded on the Flop
Seat 7: wuschel289 folded before Flop (didn't bet)
Seat 8: epbarz folded before Flop (didn't bet)
Seat 9: Snoof41 collected ($0.60)



PokerStars Game #19570899752:  Hold'em No Limit ($0.10/$0.25) - 2008/08/12 - 19:12:36 (ET)
Table 'Titius' 9-max Seat #5 is the button
Seat 1: righty0130 ($13.50 in chips) 
Seat 2: tobedope ($22.30 in chips) 
Seat 3: new_draks ($25 in chips) 
Seat 4: Hloser ($30.15 in chips) 
Seat 5: Alameda22 ($25.55 in chips) 
Seat 6: EREDAYHUSLIN ($14.75 in chips) 
Seat 7: wuschel289 ($26.75 in chips) 
Seat 8: epbarz ($41.05 in chips) 
Seat 9: Snoof41 ($23.75 in chips) 
EREDAYHUSLIN: posts small blind $0.10
wuschel289: posts big blind $0.25
*** HOLE CARDS ***
Dealt to Alameda22 [2c Kh]
epbarz: folds 
Snoof41: folds 
righty0130: folds 
tobedope: calls $0.25
new_draks: folds 
Hloser: folds 
Alameda22: folds 
EREDAYHUSLIN: folds 
wuschel289: raises $1 to $1.25
tobedope: folds 
Uncalled bet ($1) returned to wuschel289
wuschel289 collected $0.60 from pot
wuschel289: doesn't show hand 
*** SUMMARY ***
Total pot $0.60 | Rake $0 
Seat 1: righty0130 folded before Flop (didn't bet)
Seat 2: tobedope folded before Flop
Seat 3: new_draks folded before Flop (didn't bet)
Seat 4: Hloser folded before Flop (didn't bet)
Seat 5: Alameda22 (button) folded before Flop (didn't bet)
Seat 6: EREDAYHUSLIN (small blind) folded before Flop
Seat 7: wuschel289 (big blind) collected ($0.60)
Seat 8: epbarz folded before Flop (didn't bet)
Seat 9: Snoof41 folded before Flop (didn't bet)



PokerStars Game #19570916260:  Hold'em No Limit ($0.10/$0.25) - 2008/08/12 - 19:13:21 (ET)
Table 'Titius' 9-max Seat #6 is the button
Seat 1: righty0130 ($13.50 in chips) 
Seat 2: tobedope ($22.05 in chips) 
Seat 3: new_draks ($25 in chips) 
Seat 4: Hloser ($30.15 in chips) 
Seat 5: Alameda22 ($25.55 in chips) 
Seat 6: EREDAYHUSLIN ($14.65 in chips) 
Seat 7: wuschel289 ($27.10 in chips) 
Seat 8: epbarz ($41.05 in chips) 
Seat 9: Snoof41 ($23.75 in chips) 
wuschel289: posts small blind $0.10
epbarz: posts big blind $0.25
*** HOLE CARDS ***
Dealt to Alameda22 [9c Ac]
Snoof41: folds 
righty0130: folds 
tobedope: folds 
new_draks: folds 
Hloser: folds 
Alameda22: folds 
EREDAYHUSLIN: folds 
wuschel289: calls $0.15
epbarz: checks 
*** FLOP *** [Ts Jh Qc]
wuschel289: bets $0.50
epbarz: folds 
Uncalled bet ($0.50) returned to wuschel289
wuschel289 collected $0.50 from pot
wuschel289: doesn't show hand 
*** SUMMARY ***
Total pot $0.50 | Rake $0 
Board [Ts Jh Qc]
Seat 1: righty0130 folded before Flop (didn't bet)
Seat 2: tobedope folded before Flop (didn't bet)
Seat 3: new_draks folded before Flop (didn't bet)
Seat 4: Hloser folded before Flop (didn't bet)
Seat 5: Alameda22 folded before Flop (didn't bet)
Seat 6: EREDAYHUSLIN (button) folded before Flop (didn't bet)
Seat 7: wuschel289 (small blind) collected ($0.50)
Seat 8: epbarz (big blind) folded on the Flop
Seat 9: Snoof41 folded before Flop (didn't bet)



PokerStars Game #19570934739:  Hold'em No Limit ($0.10/$0.25) - 2008/08/12 - 19:14:11 (ET)
Table 'Titius' 9-max Seat #7 is the button
Seat 1: righty0130 ($13.50 in chips) 
Seat 2: tobedope ($22.05 in chips) 
Seat 3: new_draks ($25 in chips) 
Seat 4: Hloser ($30.15 in chips) 
Seat 5: Alameda22 ($25.55 in chips) 
Seat 6: EREDAYHUSLIN ($14.65 in chips) 
Seat 7: wuschel289 ($27.35 in chips) 
Seat 8: epbarz ($40.80 in chips) 
Seat 9: Snoof41 ($23.75 in chips) 
epbarz: posts small blind $0.10
Snoof41: posts big blind $0.25
*** HOLE CARDS ***
Dealt to Alameda22 [4s 3h]
righty0130: folds 
tobedope: calls $0.25
new_draks: folds 
Hloser: folds 
Alameda22: folds 
EREDAYHUSLIN: folds 
wuschel289: folds 
epbarz: calls $0.15
Snoof41: checks 
*** FLOP *** [9d 6d Qs]
epbarz: checks 
Snoof41: checks 
tobedope: bets $0.75
epbarz: folds 
Snoof41: folds 
Uncalled bet ($0.75) returned to tobedope
tobedope collected $0.75 from pot
tobedope: doesn't show hand 
*** SUMMARY ***
Total pot $0.75 | Rake $0 
Board [9d 6d Qs]
Seat 1: righty0130 folded before Flop (didn't bet)
Seat 2: tobedope collected ($0.75)
Seat 3: new_draks folded before Flop (didn't bet)
Seat 4: Hloser folded before Flop (didn't bet)
Seat 5: Alameda22 folded before Flop (didn't bet)
Seat 6: EREDAYHUSLIN folded before Flop (didn't bet)
Seat 7: wuschel289 (button) folded before Flop (didn't bet)
Seat 8: epbarz (small blind) folded on the Flop
Seat 9: Snoof41 (big blind) folded on the Flop



PokerStars Game #19570961458:  Hold'em No Limit ($0.10/$0.25) - 2008/08/12 - 19:15:21 (ET)
Table 'Titius' 9-max Seat #8 is the button
Seat 1: righty0130 ($13.50 in chips) 
Seat 2: tobedope ($22.55 in chips) 
Seat 3: new_draks ($25 in chips) 
Seat 4: Hloser ($30.15 in chips) 
Seat 5: Alameda22 ($25.55 in chips) 
Seat 6: EREDAYHUSLIN ($14.65 in chips) 
Seat 7: wuschel289 ($27.35 in chips) 
Seat 8: epbarz ($40.55 in chips) 
Seat 9: Snoof41 ($23.50 in chips) 
Snoof41: posts small blind $0.10
righty0130: posts big blind $0.25
*** HOLE CARDS ***
Dealt to Alameda22 [As Ts]
tobedope: folds 
new_draks: folds 
Hloser: folds 
Alameda22: folds 
EREDAYHUSLIN: folds 
wuschel289: folds 
epbarz: raises $0.50 to $0.75
Snoof41: calls $0.65
righty0130: folds 
*** FLOP *** [Jc 4s Kc]
Snoof41: checks 
epbarz: bets $1.50
Snoof41: folds 
Uncalled bet ($1.50) returned to epbarz
epbarz collected $1.70 from pot
epbarz: doesn't show hand 
*** SUMMARY ***
Total pot $1.75 | Rake $0.05 
Board [Jc 4s Kc]
Seat 1: righty0130 (big blind) folded before Flop
Seat 2: tobedope folded before Flop (didn't bet)
Seat 3: new_draks folded before Flop (didn't bet)
Seat 4: Hloser folded before Flop (didn't bet)
Seat 5: Alameda22 folded before Flop (didn't bet)
Seat 6: EREDAYHUSLIN folded before Flop (didn't bet)
Seat 7: wuschel289 folded before Flop (didn't bet)
Seat 8: epbarz (button) collected ($1.70)
Seat 9: Snoof41 (small blind) folded on the Flop



PokerStars Game #19570992813:  Hold'em No Limit ($0.10/$0.25) - 2008/08/12 - 19:16:43 (ET)
Table 'Titius' 9-max Seat #9 is the button
Seat 1: righty0130 ($13.25 in chips) 
Seat 2: tobedope ($22.55 in chips) 
Seat 3: new_draks ($25 in chips) 
Seat 4: Hloser ($30.15 in chips) 
Seat 5: Alameda22 ($25.55 in chips) 
Seat 6: EREDAYHUSLIN ($14.65 in chips) 
Seat 7: wuschel289 ($27.35 in chips) 
Seat 8: epbarz ($41.50 in chips) 
Seat 9: Snoof41 ($22.75 in chips) 
righty0130: posts small blind $0.10
tobedope: posts big blind $0.25
*** HOLE CARDS ***
Dealt to Alameda22 [5s 2s]
new_draks: folds 
Hloser: folds 
Alameda22: folds 
EREDAYHUSLIN: calls $0.25
wuschel289: folds 
epbarz: folds 
epbarz is sitting out
Snoof41: folds 
righty0130: calls $0.15
tobedope: checks 
*** FLOP *** [8d 7h 7s]
righty0130: checks 
tobedope: checks 
EREDAYHUSLIN: checks 
*** TURN *** [8d 7h 7s] [Ac]
righty0130: checks 
tobedope: checks 
EREDAYHUSLIN: checks 
*** RIVER *** [8d 7h 7s Ac] [3s]
righty0130: checks 
tobedope: checks 
EREDAYHUSLIN: checks 
*** SHOW DOWN ***
righty0130: shows [3d Qd] (two pair, Sevens and Threes)
tobedope: mucks hand 
EREDAYHUSLIN: mucks hand 
righty0130 collected $0.75 from pot
*** SUMMARY ***
Total pot $0.75 | Rake $0 
Board [8d 7h 7s Ac 3s]
Seat 1: righty0130 (small blind) showed [3d Qd] and won ($0.75) with two pair, Sevens and Threes
Seat 2: tobedope (big blind) mucked [Kc 6d]
Seat 3: new_draks folded before Flop (didn't bet)
Seat 4: Hloser folded before Flop (didn't bet)
Seat 5: Alameda22 folded before Flop (didn't bet)
Seat 6: EREDAYHUSLIN mucked [2d 2c]
Seat 7: wuschel289 folded before Flop (didn't bet)
Seat 8: epbarz folded before Flop (didn't bet)
Seat 9: Snoof41 (button) folded before Flop (didn't bet)



PokerStars Game #19571017784:  Hold'em No Limit ($0.10/$0.25) - 2008/08/12 - 19:17:48 (ET)
Table 'Titius' 9-max Seat #1 is the button
Seat 1: righty0130 ($13.75 in chips) 
Seat 2: tobedope ($22.30 in chips) 
Seat 3: new_draks ($25 in chips) 
Seat 4: Hloser ($30.15 in chips) 
Seat 5: Alameda22 ($25.55 in chips) 
Seat 6: EREDAYHUSLIN ($14.40 in chips) 
Seat 7: wuschel289 ($27.35 in chips) 
Seat 9: Snoof41 ($22.75 in chips) 
tobedope: posts small blind $0.10
new_draks: posts big blind $0.25
*** HOLE CARDS ***
Dealt to Alameda22 [9c 6c]
Hloser: folds 
Alameda22: folds 
EREDAYHUSLIN: raises $0.75 to $1
wuschel289: folds 
Snoof41: folds 
righty0130: calls $1
tobedope: folds 
new_draks: folds 
*** FLOP *** [Ah 2h Th]
EREDAYHUSLIN: bets $1.25
righty0130: folds 
Uncalled bet ($1.25) returned to EREDAYHUSLIN
EREDAYHUSLIN collected $2.25 from pot
EREDAYHUSLIN: doesn't show hand 
*** SUMMARY ***
Total pot $2.35 | Rake $0.10 
Board [Ah 2h Th]
Seat 1: righty0130 (button) folded on the Flop
Seat 2: tobedope (small blind) folded before Flop
Seat 3: new_draks (big blind) folded before Flop
Seat 4: Hloser folded before Flop (didn't bet)
Seat 5: Alameda22 folded before Flop (didn't bet)
Seat 6: EREDAYHUSLIN collected ($2.25)
Seat 7: wuschel289 folded before Flop (didn't bet)
Seat 9: Snoof41 folded before Flop (didn't bet)



PokerStars Game #19571034330:  Hold'em No Limit ($0.10/$0.25) - 2008/08/12 - 19:18:32 (ET)
Table 'Titius' 9-max Seat #2 is the button
Seat 1: righty0130 ($12.75 in chips) 
Seat 2: tobedope ($22.20 in chips) 
Seat 3: new_draks ($25 in chips) 
Seat 4: Hloser ($30.15 in chips) 
Seat 5: Alameda22 ($25.55 in chips) 
Seat 6: EREDAYHUSLIN ($15.65 in chips) 
Seat 7: wuschel289 ($27.35 in chips) 
Seat 9: Snoof41 ($22.75 in chips) 
new_draks: posts small blind $0.10
Hloser: posts big blind $0.25
*** HOLE CARDS ***
Dealt to Alameda22 [8s 6c]
Alameda22: folds 
EREDAYHUSLIN: folds 
wuschel289: folds 
Snoof41: folds 
righty0130: raises $0.75 to $1
tobedope: folds 
new_draks: folds 
Hloser: folds 
Uncalled bet ($0.75) returned to righty0130
righty0130 collected $0.60 from pot
righty0130: doesn't show hand 
*** SUMMARY ***
Total pot $0.60 | Rake $0 
Seat 1: righty0130 collected ($0.60)
Seat 2: tobedope (button) folded before Flop (didn't bet)
Seat 3: new_draks (small blind) folded before Flop
Seat 4: Hloser (big blind) folded before Flop
Seat 5: Alameda22 folded before Flop (didn't bet)
Seat 6: EREDAYHUSLIN folded before Flop (didn't bet)
Seat 7: wuschel289 folded before Flop (didn't bet)
Seat 9: Snoof41 folded before Flop (didn't bet)



PokerStars Game #19571046469:  Hold'em No Limit ($0.10/$0.25) - 2008/08/12 - 19:19:04 (ET)
Table 'Titius' 9-max Seat #3 is the button
Seat 1: righty0130 ($13.10 in chips) 
Seat 2: tobedope ($22.20 in chips) 
Seat 3: new_draks ($24.90 in chips) 
Seat 4: Hloser ($29.90 in chips) 
Seat 5: Alameda22 ($25.55 in chips) 
Seat 6: EREDAYHUSLIN ($15.65 in chips) 
Seat 7: wuschel289 ($27.35 in chips) 
Seat 9: Snoof41 ($22.75 in chips) 
Hloser: posts small blind $0.10
Alameda22: posts big blind $0.25
*** HOLE CARDS ***
Dealt to Alameda22 [2d 6c]
EREDAYHUSLIN: folds 
wuschel289: folds 
Snoof41: folds 
righty0130: folds 
tobedope: calls $0.25
new_draks: raises $1 to $1.25
Hloser: folds 
epbarz has returned
Alameda22: folds 
tobedope: folds 
Uncalled bet ($1) returned to new_draks
new_draks collected $0.85 from pot
new_draks: doesn't show hand 
*** SUMMARY ***
Total pot $0.85 | Rake $0 
Seat 1: righty0130 folded before Flop (didn't bet)
Seat 2: tobedope folded before Flop
Seat 3: new_draks (button) collected ($0.85)
Seat 4: Hloser (small blind) folded before Flop
Seat 5: Alameda22 (big blind) folded before Flop
Seat 6: EREDAYHUSLIN folded before Flop (didn't bet)
Seat 7: wuschel289 folded before Flop (didn't bet)
Seat 9: Snoof41 folded before Flop (didn't bet)



PokerStars Game #19571068705:  Hold'em No Limit ($0.10/$0.25) - 2008/08/12 - 19:20:02 (ET)
Table 'Titius' 9-max Seat #4 is the button
Seat 1: righty0130 ($13.10 in chips) 
Seat 2: tobedope ($21.95 in chips) 
Seat 3: new_draks ($25.50 in chips) 
Seat 4: Hloser ($29.80 in chips) 
Seat 5: Alameda22 ($25.30 in chips) 
Seat 6: EREDAYHUSLIN ($15.65 in chips) 
Seat 7: wuschel289 ($27.35 in chips) 
Seat 8: epbarz ($41.50 in chips) 
Seat 9: Snoof41 ($22.75 in chips) 
Alameda22: posts small blind $0.10
EREDAYHUSLIN: posts big blind $0.25
*** HOLE CARDS ***
Dealt to Alameda22 [Kd Qc]
wuschel289: calls $0.25
epbarz: raises $1 to $1.25
Snoof41: folds 
righty0130: folds 
tobedope: folds 
new_draks: folds 
Hloser: folds 
Alameda22: folds 
EREDAYHUSLIN: folds 
wuschel289: folds 
Uncalled bet ($1) returned to epbarz
epbarz collected $0.85 from pot
epbarz: doesn't show hand 
*** SUMMARY ***
Total pot $0.85 | Rake $0 
Seat 1: righty0130 folded before Flop (didn't bet)
Seat 2: tobedope folded before Flop (didn't bet)
Seat 3: new_draks folded before Flop (didn't bet)
Seat 4: Hloser (button) folded before Flop (didn't bet)
Seat 5: Alameda22 (small blind) folded before Flop
Seat 6: EREDAYHUSLIN (big blind) folded before Flop
Seat 7: wuschel289 folded before Flop
Seat 8: epbarz collected ($0.85)
Seat 9: Snoof41 folded before Flop (didn't bet)



PokerStars Game #19571090121:  Hold'em No Limit ($0.10/$0.25) - 2008/08/12 - 19:20:57 (ET)
Table 'Titius' 9-max Seat #5 is the button
Seat 1: righty0130 ($13.10 in chips) 
Seat 2: tobedope ($21.95 in chips) 
Seat 3: new_draks ($25.50 in chips) 
Seat 4: Hloser ($29.80 in chips) 
Seat 5: Alameda22 ($25.20 in chips) 
Seat 6: EREDAYHUSLIN ($15.40 in chips) 
Seat 7: wuschel289 ($27.10 in chips) 
Seat 8: epbarz ($42.10 in chips) 
Seat 9: Snoof41 ($22.75 in chips) 
EREDAYHUSLIN: posts small blind $0.10
wuschel289: posts big blind $0.25
*** HOLE CARDS ***
Dealt to Alameda22 [6c 3c]
epbarz: folds 
Snoof41: folds 
righty0130: calls $0.25
tobedope: folds 
new_draks: folds 
Hloser: folds 
Alameda22: folds 
EREDAYHUSLIN: raises $0.50 to $0.75
wuschel289: folds 
righty0130: calls $0.50
*** FLOP *** [6d 9c Jh]
EREDAYHUSLIN: bets $0.75
righty0130: raises $0.75 to $1.50
EREDAYHUSLIN: folds 
Uncalled bet ($0.75) returned to righty0130
righty0130 collected $3.10 from pot
righty0130: doesn't show hand 
*** SUMMARY ***
Total pot $3.25 | Rake $0.15 
Board [6d 9c Jh]
Seat 1: righty0130 collected ($3.10)
Seat 2: tobedope folded before Flop (didn't bet)
Seat 3: new_draks folded before Flop (didn't bet)
Seat 4: Hloser folded before Flop (didn't bet)
Seat 5: Alameda22 (button) folded before Flop (didn't bet)
Seat 6: EREDAYHUSLIN (small blind) folded on the Flop
Seat 7: wuschel289 (big blind) folded before Flop
Seat 8: epbarz folded before Flop (didn't bet)
Seat 9: Snoof41 folded before Flop (didn't bet)



PokerStars Game #19571108636:  Hold'em No Limit ($0.10/$0.25) - 2008/08/12 - 19:21:46 (ET)
Table 'Titius' 9-max Seat #6 is the button
Seat 1: righty0130 ($14.70 in chips) 
Seat 2: tobedope ($21.95 in chips) 
Seat 3: new_draks ($25.50 in chips) 
Seat 4: Hloser ($29.80 in chips) 
Seat 5: Alameda22 ($25.20 in chips) 
Seat 6: EREDAYHUSLIN ($13.90 in chips) 
Seat 7: wuschel289 ($26.85 in chips) 
Seat 8: epbarz ($42.10 in chips) 
Seat 9: Snoof41 ($22.75 in chips) 
wuschel289: posts small blind $0.10
epbarz: posts big blind $0.25
*** HOLE CARDS ***
Dealt to Alameda22 [6c 5d]
Snoof41: folds 
righty0130: folds 
tobedope: calls $0.25
new_draks: folds 
Hloser: folds 
Alameda22: folds 
EREDAYHUSLIN: folds 
wuschel289: calls $0.15
epbarz: checks 
*** FLOP *** [Jc 7s Qh]
wuschel289: checks 
epbarz: checks 
tobedope: bets $0.50
wuschel289: folds 
epbarz: calls $0.50
*** TURN *** [Jc 7s Qh] [Ac]
epbarz: bets $1.25
tobedope: calls $1.25
*** RIVER *** [Jc 7s Qh Ac] [4h]
epbarz: bets $3
tobedope: raises $16.95 to $19.95 and is all-in
epbarz said, "two pair no good?"
epbarz: folds 
Uncalled bet ($16.95) returned to tobedope
tobedope collected $9.75 from pot
tobedope: doesn't show hand 
*** SUMMARY ***
Total pot $10.25 | Rake $0.50 
Board [Jc 7s Qh Ac 4h]
Seat 1: righty0130 folded before Flop (didn't bet)
Seat 2: tobedope collected ($9.75)
Seat 3: new_draks folded before Flop (didn't bet)
Seat 4: Hloser folded before Flop (didn't bet)
Seat 5: Alameda22 folded before Flop (didn't bet)
Seat 6: EREDAYHUSLIN (button) folded before Flop (didn't bet)
Seat 7: wuschel289 (small blind) folded on the Flop
Seat 8: epbarz (big blind) folded on the River
Seat 9: Snoof41 folded before Flop (didn't bet)



PokerStars Game #19571169727:  Hold'em No Limit ($0.10/$0.25) - 2008/08/12 - 19:24:26 (ET)
Table 'Titius' 9-max Seat #7 is the button
Seat 1: righty0130 ($14.70 in chips) 
Seat 2: tobedope ($26.70 in chips) 
Seat 3: new_draks ($25.50 in chips) 
Seat 4: Hloser ($29.80 in chips) 
Seat 5: Alameda22 ($25.20 in chips) 
Seat 6: EREDAYHUSLIN ($13.90 in chips) 
Seat 7: wuschel289 ($26.60 in chips) 
Seat 8: epbarz ($37.10 in chips) 
Seat 9: Snoof41 ($22.75 in chips) 
epbarz: posts small blind $0.10
Snoof41: posts big blind $0.25
*** HOLE CARDS ***
Dealt to Alameda22 [4s Qh]
righty0130: folds 
tobedope: folds 
tobedope said, "who knows?"
new_draks: folds 
Hloser: folds 
Alameda22: folds 
EREDAYHUSLIN: folds 
wuschel289: calls $0.25
epbarz: calls $0.15
Snoof41: checks 
*** FLOP *** [2c 5c 3s]
epbarz: checks 
Snoof41: bets $0.25
wuschel289: calls $0.25
epbarz: folds 
*** TURN *** [2c 5c 3s] [8h]
Snoof41: bets $0.25
wuschel289: calls $0.25
*** RIVER *** [2c 5c 3s 8h] [Kh]
Snoof41: bets $0.25
wuschel289: folds 
Uncalled bet ($0.25) returned to Snoof41
Snoof41 collected $1.70 from pot
Snoof41: doesn't show hand 
*** SUMMARY ***
Total pot $1.75 | Rake $0.05 
Board [2c 5c 3s 8h Kh]
Seat 1: righty0130 folded before Flop (didn't bet)
Seat 2: tobedope folded before Flop (didn't bet)
Seat 3: new_draks folded before Flop (didn't bet)
Seat 4: Hloser folded before Flop (didn't bet)
Seat 5: Alameda22 folded before Flop (didn't bet)
Seat 6: EREDAYHUSLIN folded before Flop (didn't bet)
Seat 7: wuschel289 (button) folded on the River
Seat 8: epbarz (small blind) folded on the Flop
Seat 9: Snoof41 (big blind) collected ($1.70)



PokerStars Game #19571205874:  Hold'em No Limit ($0.10/$0.25) - 2008/08/12 - 19:26:02 (ET)
Table 'Titius' 9-max Seat #8 is the button
Seat 1: righty0130 ($14.70 in chips) 
Seat 2: tobedope ($26.70 in chips) 
Seat 3: new_draks ($25.50 in chips) 
Seat 4: Hloser ($29.80 in chips) 
Seat 5: Alameda22 ($25.20 in chips) 
Seat 6: EREDAYHUSLIN ($13.90 in chips) 
Seat 7: wuschel289 ($25.85 in chips) 
Seat 8: epbarz ($36.85 in chips) 
Seat 9: Snoof41 ($23.70 in chips) 
Snoof41: posts small blind $0.10
righty0130: posts big blind $0.25
*** HOLE CARDS ***
Dealt to Alameda22 [Jc Ac]
tobedope: folds 
new_draks: folds 
Hloser: raises $0.75 to $1
Alameda22: folds 
EREDAYHUSLIN: folds 
wuschel289: folds 
epbarz: calls $1
Snoof41: folds 
righty0130: calls $0.75
*** FLOP *** [4s As 2d]
righty0130: checks 
Hloser: bets $2
epbarz: folds 
righty0130: folds 
Uncalled bet ($2) returned to Hloser
Hloser collected $2.95 from pot
Hloser: doesn't show hand 
*** SUMMARY ***
Total pot $3.10 | Rake $0.15 
Board [4s As 2d]
Seat 1: righty0130 (big blind) folded on the Flop
Seat 2: tobedope folded before Flop (didn't bet)
Seat 3: new_draks folded before Flop (didn't bet)
Seat 4: Hloser collected ($2.95)
Seat 5: Alameda22 folded before Flop (didn't bet)
Seat 6: EREDAYHUSLIN folded before Flop (didn't bet)
Seat 7: wuschel289 folded before Flop (didn't bet)
Seat 8: epbarz (button) folded on the Flop
Seat 9: Snoof41 (small blind) folded before Flop



PokerStars Game #19571232850:  Hold'em No Limit ($0.10/$0.25) - 2008/08/12 - 19:27:13 (ET)
Table 'Titius' 9-max Seat #9 is the button
Seat 1: righty0130 ($13.70 in chips) 
Seat 2: tobedope ($26.70 in chips) 
Seat 3: new_draks ($25.50 in chips) 
Seat 4: Hloser ($31.75 in chips) 
Seat 5: Alameda22 ($25.20 in chips) 
Seat 6: EREDAYHUSLIN ($13.90 in chips) 
Seat 7: wuschel289 ($25.85 in chips) 
Seat 8: epbarz ($35.85 in chips) 
Seat 9: Snoof41 ($23.60 in chips) 
righty0130: posts small blind $0.10
tobedope: posts big blind $0.25
*** HOLE CARDS ***
Dealt to Alameda22 [2s 6h]
new_draks: folds 
Hloser: folds 
Alameda22: folds 
EREDAYHUSLIN: folds 
wuschel289: folds 
epbarz: folds 
Snoof41: calls $0.25
righty0130: calls $0.15
tobedope: checks 
*** FLOP *** [Tc 2c Ah]
righty0130: bets $0.75
tobedope: folds 
Snoof41: folds 
Uncalled bet ($0.75) returned to righty0130
righty0130 collected $0.75 from pot
*** SUMMARY ***
Total pot $0.75 | Rake $0 
Board [Tc 2c Ah]
Seat 1: righty0130 (small blind) collected ($0.75)
Seat 2: tobedope (big blind) folded on the Flop
Seat 3: new_draks folded before Flop (didn't bet)
Seat 4: Hloser folded before Flop (didn't bet)
Seat 5: Alameda22 folded before Flop (didn't bet)
Seat 6: EREDAYHUSLIN folded before Flop (didn't bet)
Seat 7: wuschel289 folded before Flop (didn't bet)
Seat 8: epbarz folded before Flop (didn't bet)
Seat 9: Snoof41 (button) folded on the Flop



PokerStars Game #19571255234:  Hold'em No Limit ($0.10/$0.25) - 2008/08/12 - 19:28:12 (ET)
Table 'Titius' 9-max Seat #1 is the button
Seat 1: righty0130 ($14.20 in chips) 
Seat 2: tobedope ($26.45 in chips) 
Seat 3: new_draks ($25.50 in chips) 
Seat 4: Hloser ($31.75 in chips) 
Seat 5: Alameda22 ($25.20 in chips) 
Seat 6: EREDAYHUSLIN ($13.90 in chips) 
Seat 7: wuschel289 ($25.85 in chips) 
Seat 8: epbarz ($35.85 in chips) 
Seat 9: Snoof41 ($23.35 in chips) 
tobedope: posts small blind $0.10
new_draks: posts big blind $0.25
*** HOLE CARDS ***
Dealt to Alameda22 [As Kh]
Hloser: folds 
Alameda22: raises $0.50 to $0.75
EREDAYHUSLIN: folds 
wuschel289: folds 
epbarz: folds 
Snoof41: folds 
righty0130: folds 
tobedope: folds 
new_draks: folds 
Uncalled bet ($0.50) returned to Alameda22
Alameda22 collected $0.60 from pot
Alameda22: doesn't show hand 
*** SUMMARY ***
Total pot $0.60 | Rake $0 
Seat 1: righty0130 (button) folded before Flop (didn't bet)
Seat 2: tobedope (small blind) folded before Flop
Seat 3: new_draks (big blind) folded before Flop
Seat 4: Hloser folded before Flop (didn't bet)
Seat 5: Alameda22 collected ($0.60)
Seat 6: EREDAYHUSLIN folded before Flop (didn't bet)
Seat 7: wuschel289 folded before Flop (didn't bet)
Seat 8: epbarz folded before Flop (didn't bet)
Seat 9: Snoof41 folded before Flop (didn't bet)



PokerStars Game #19571266434:  Hold'em No Limit ($0.10/$0.25) - 2008/08/12 - 19:28:42 (ET)
Table 'Titius' 9-max Seat #2 is the button
Seat 1: righty0130 ($14.20 in chips) 
Seat 2: tobedope ($26.35 in chips) 
Seat 3: new_draks ($25.25 in chips) 
Seat 4: Hloser ($31.75 in chips) 
Seat 5: Alameda22 ($25.55 in chips) 
Seat 6: EREDAYHUSLIN ($13.90 in chips) 
Seat 7: wuschel289 ($25.85 in chips) 
Seat 8: epbarz ($35.85 in chips) 
Seat 9: Snoof41 ($23.35 in chips) 
new_draks: posts small blind $0.10
Hloser: posts big blind $0.25
*** HOLE CARDS ***
Dealt to Alameda22 [6h Ts]
Alameda22: folds 
EREDAYHUSLIN: folds 
wuschel289: calls $0.25
epbarz: folds 
Snoof41: folds 
righty0130: folds 
tobedope: folds 
new_draks: folds 
Hloser: checks 
*** FLOP *** [Kh Ks 5d]
Hloser: checks 
wuschel289: checks 
*** TURN *** [Kh Ks 5d] [Ac]
Hloser: bets $0.50
wuschel289: folds 
Uncalled bet ($0.50) returned to Hloser
Hloser collected $0.60 from pot
Hloser: doesn't show hand 
*** SUMMARY ***
Total pot $0.60 | Rake $0 
Board [Kh Ks 5d Ac]
Seat 1: righty0130 folded before Flop (didn't bet)
Seat 2: tobedope (button) folded before Flop (didn't bet)
Seat 3: new_draks (small blind) folded before Flop
Seat 4: Hloser (big blind) collected ($0.60)
Seat 5: Alameda22 folded before Flop (didn't bet)
Seat 6: EREDAYHUSLIN folded before Flop (didn't bet)
Seat 7: wuschel289 folded on the Turn
Seat 8: epbarz folded before Flop (didn't bet)
Seat 9: Snoof41 folded before Flop (didn't bet)



PokerStars Game #19571282545:  Hold'em No Limit ($0.10/$0.25) - 2008/08/12 - 19:29:24 (ET)
Table 'Titius' 9-max Seat #3 is the button
Seat 1: righty0130 ($14.20 in chips) 
Seat 2: tobedope ($26.35 in chips) 
Seat 3: new_draks ($25.15 in chips) 
Seat 4: Hloser ($32.10 in chips) 
Seat 5: Alameda22 ($25.55 in chips) 
Seat 6: EREDAYHUSLIN ($13.90 in chips) 
Seat 7: wuschel289 ($25.60 in chips) 
Seat 8: epbarz ($35.85 in chips) 
Seat 9: Snoof41 ($23.35 in chips) 
Hloser: posts small blind $0.10
Alameda22: posts big blind $0.25
*** HOLE CARDS ***
Dealt to Alameda22 [Td 7d]
EREDAYHUSLIN: folds 
wuschel289: calls $0.25
epbarz: folds 
Snoof41: calls $0.25
righty0130: calls $0.25
tobedope: raises $0.50 to $0.75
new_draks: folds 
Hloser: folds 
Alameda22: folds 
wuschel289: folds 
Snoof41: folds 
righty0130: folds 
Uncalled bet ($0.50) returned to tobedope
tobedope collected $1.35 from pot
tobedope: doesn't show hand 
*** SUMMARY ***
Total pot $1.35 | Rake $0 
Seat 1: righty0130 folded before Flop
Seat 2: tobedope collected ($1.35)
Seat 3: new_draks (button) folded before Flop (didn't bet)
Seat 4: Hloser (small blind) folded before Flop
Seat 5: Alameda22 (big blind) folded before Flop
Seat 6: EREDAYHUSLIN folded before Flop (didn't bet)
Seat 7: wuschel289 folded before Flop
Seat 8: epbarz folded before Flop (didn't bet)
Seat 9: Snoof41 folded before Flop



PokerStars Game #19571303358:  Hold'em No Limit ($0.10/$0.25) - 2008/08/12 - 19:30:19 (ET)
Table 'Titius' 9-max Seat #4 is the button
Seat 1: righty0130 ($13.95 in chips) 
Seat 2: tobedope ($27.45 in chips) 
Seat 3: new_draks ($25.15 in chips) 
Seat 4: Hloser ($32 in chips) 
Seat 5: Alameda22 ($25.30 in chips) 
Seat 6: EREDAYHUSLIN ($13.90 in chips) 
Seat 7: wuschel289 ($25.35 in chips) 
Seat 8: epbarz ($35.85 in chips) 
Seat 9: Snoof41 ($23.10 in chips) 
Alameda22: posts small blind $0.10
EREDAYHUSLIN: posts big blind $0.25
*** HOLE CARDS ***
Dealt to Alameda22 [6h 9c]
wuschel289: folds 
epbarz: folds 
Snoof41: folds 
righty0130: folds 
tobedope: folds 
new_draks: raises $0.75 to $1
Hloser: folds 
Alameda22: folds 
EREDAYHUSLIN: folds 
Uncalled bet ($0.75) returned to new_draks
new_draks collected $0.60 from pot
new_draks: doesn't show hand 
*** SUMMARY ***
Total pot $0.60 | Rake $0 
Seat 1: righty0130 folded before Flop (didn't bet)
Seat 2: tobedope folded before Flop (didn't bet)
Seat 3: new_draks collected ($0.60)
Seat 4: Hloser (button) folded before Flop (didn't bet)
Seat 5: Alameda22 (small blind) folded before Flop
Seat 6: EREDAYHUSLIN (big blind) folded before Flop
Seat 7: wuschel289 folded before Flop (didn't bet)
Seat 8: epbarz folded before Flop (didn't bet)
Seat 9: Snoof41 folded before Flop (didn't bet)



PokerStars Game #19571324200:  Hold'em No Limit ($0.10/$0.25) - 2008/08/12 - 19:31:14 (ET)
Table 'Titius' 9-max Seat #5 is the button
Seat 1: righty0130 ($13.95 in chips) 
Seat 2: tobedope ($27.45 in chips) 
Seat 3: new_draks ($25.50 in chips) 
Seat 4: Hloser ($32 in chips) 
Seat 5: Alameda22 ($25.20 in chips) 
Seat 6: EREDAYHUSLIN ($13.65 in chips) 
Seat 7: wuschel289 ($25.35 in chips) 
Seat 8: epbarz ($35.85 in chips) 
Seat 9: Snoof41 ($23.10 in chips) 
EREDAYHUSLIN: posts small blind $0.10
wuschel289: posts big blind $0.25
*** HOLE CARDS ***
Dealt to Alameda22 [5c 2h]
epbarz: folds 
Snoof41: folds 
righty0130: calls $0.25
tobedope: folds 
new_draks: folds 
Hloser: folds 
Alameda22: folds 
EREDAYHUSLIN: calls $0.15
wuschel289: checks 
*** FLOP *** [Jh Tc Ad]
EREDAYHUSLIN: bets $0.75
wuschel289: calls $0.75
righty0130: folds 
*** TURN *** [Jh Tc Ad] [5h]
EREDAYHUSLIN: bets $2
wuschel289: folds 
Uncalled bet ($2) returned to EREDAYHUSLIN
EREDAYHUSLIN collected $2.15 from pot
EREDAYHUSLIN: doesn't show hand 
*** SUMMARY ***
Total pot $2.25 | Rake $0.10 
Board [Jh Tc Ad 5h]
Seat 1: righty0130 folded on the Flop
Seat 2: tobedope folded before Flop (didn't bet)
Seat 3: new_draks folded before Flop (didn't bet)
Seat 4: Hloser folded before Flop (didn't bet)
Seat 5: Alameda22 (button) folded before Flop (didn't bet)
Seat 6: EREDAYHUSLIN (small blind) collected ($2.15)
Seat 7: wuschel289 (big blind) folded on the Turn
Seat 8: epbarz folded before Flop (didn't bet)
Seat 9: Snoof41 folded before Flop (didn't bet)



PokerStars Game #19571352650:  Hold'em No Limit ($0.10/$0.25) - 2008/08/12 - 19:32:27 (ET)
Table 'Titius' 9-max Seat #6 is the button
Seat 1: righty0130 ($13.70 in chips) 
Seat 2: tobedope ($27.45 in chips) 
Seat 3: new_draks ($25.50 in chips) 
Seat 4: Hloser ($32 in chips) 
Seat 5: Alameda22 ($25.20 in chips) 
Seat 6: EREDAYHUSLIN ($14.80 in chips) 
Seat 7: wuschel289 ($24.35 in chips) 
Seat 8: epbarz ($35.85 in chips) 
Seat 9: Snoof41 ($23.10 in chips) 
wuschel289: posts small blind $0.10
epbarz: posts big blind $0.25
*** HOLE CARDS ***
Dealt to Alameda22 [3d 8c]
Snoof41: folds 
righty0130: folds 
tobedope: folds 
new_draks: folds 
Hloser: folds 
Alameda22: folds 
EREDAYHUSLIN: folds 
wuschel289: calls $0.15
epbarz: checks 
*** FLOP *** [7c 6c 5d]
wuschel289: checks 
epbarz: bets $0.50
wuschel289: folds 
Uncalled bet ($0.50) returned to epbarz
Hloser leaves the table
epbarz collected $0.50 from pot
epbarz: doesn't show hand 
*** SUMMARY ***
Total pot $0.50 | Rake $0 
Board [7c 6c 5d]
Seat 1: righty0130 folded before Flop (didn't bet)
Seat 2: tobedope folded before Flop (didn't bet)
Seat 3: new_draks folded before Flop (didn't bet)
Seat 4: Hloser folded before Flop (didn't bet)
Seat 5: Alameda22 folded before Flop (didn't bet)
Seat 6: EREDAYHUSLIN (button) folded before Flop (didn't bet)
Seat 7: wuschel289 (small blind) folded on the Flop
Seat 8: epbarz (big blind) collected ($0.50)
Seat 9: Snoof41 folded before Flop (didn't bet)



PokerStars Game #19571379140:  Hold'em No Limit ($0.10/$0.25) - 2008/08/12 - 19:33:35 (ET)
Table 'Titius' 9-max Seat #7 is the button
Seat 1: righty0130 ($13.70 in chips) 
Seat 2: tobedope ($27.45 in chips) 
Seat 3: new_draks ($25.50 in chips) 
Seat 5: Alameda22 ($25.20 in chips) 
Seat 6: EREDAYHUSLIN ($14.80 in chips) 
Seat 7: wuschel289 ($24.10 in chips) 
Seat 8: epbarz ($36.10 in chips) 
Seat 9: Snoof41 ($23.10 in chips) 
epbarz: posts small blind $0.10
Snoof41: posts big blind $0.25
*** HOLE CARDS ***
Dealt to Alameda22 [Jd 5c]
righty0130: folds 
tobedope: calls $0.25
new_draks: folds 
Alameda22: folds 
EREDAYHUSLIN: folds 
wuschel289: folds 
epbarz: folds 
Snoof41: checks 
*** FLOP *** [8d 6c Qs]
Snoof41: bets $0.25
tobedope: folds 
Uncalled bet ($0.25) returned to Snoof41
Snoof41 collected $0.60 from pot
Snoof41: doesn't show hand 
*** SUMMARY ***
Total pot $0.60 | Rake $0 
Board [8d 6c Qs]
Seat 1: righty0130 folded before Flop (didn't bet)
Seat 2: tobedope folded on the Flop
Seat 3: new_draks folded before Flop (didn't bet)
Seat 5: Alameda22 folded before Flop (didn't bet)
Seat 6: EREDAYHUSLIN folded before Flop (didn't bet)
Seat 7: wuschel289 (button) folded before Flop (didn't bet)
Seat 8: epbarz (small blind) folded before Flop
Seat 9: Snoof41 (big blind) collected ($0.60)



PokerStars Game #19571393443:  Hold'em No Limit ($0.10/$0.25) - 2008/08/12 - 19:34:12 (ET)
Table 'Titius' 9-max Seat #8 is the button
Seat 1: righty0130 ($13.70 in chips) 
Seat 2: tobedope ($27.20 in chips) 
Seat 3: new_draks ($25.50 in chips) 
Seat 5: Alameda22 ($25.20 in chips) 
Seat 6: EREDAYHUSLIN ($14.80 in chips) 
Seat 7: wuschel289 ($24.10 in chips) 
Seat 8: epbarz ($36 in chips) 
Seat 9: Snoof41 ($23.45 in chips) 
Snoof41: posts small blind $0.10
righty0130: posts big blind $0.25
*** HOLE CARDS ***
Dealt to Alameda22 [Js 3d]
tobedope: folds 
new_draks: folds 
Alameda22: folds 
EREDAYHUSLIN: folds 
wuschel289: folds 
epbarz: folds 
Snoof41: folds 
Uncalled bet ($0.15) returned to righty0130
righty0130 collected $0.20 from pot
*** SUMMARY ***
Total pot $0.20 | Rake $0 
Seat 1: righty0130 (big blind) collected ($0.20)
Seat 2: tobedope folded before Flop (didn't bet)
Seat 3: new_draks folded before Flop (didn't bet)
Seat 5: Alameda22 folded before Flop (didn't bet)
Seat 6: EREDAYHUSLIN folded before Flop (didn't bet)
Seat 7: wuschel289 folded before Flop (didn't bet)
Seat 8: epbarz (button) folded before Flop (didn't bet)
Seat 9: Snoof41 (small blind) folded before Flop



PokerStars Game #19571412863:  Hold'em No Limit ($0.10/$0.25) - 2008/08/12 - 19:35:03 (ET)
Table 'Titius' 9-max Seat #9 is the button
Seat 1: righty0130 ($13.80 in chips) 
Seat 2: tobedope ($27.20 in chips) 
Seat 3: new_draks ($25.50 in chips) 
Seat 5: Alameda22 ($25.20 in chips) 
Seat 6: EREDAYHUSLIN ($14.80 in chips) 
Seat 7: wuschel289 ($24.10 in chips) 
Seat 8: epbarz ($36 in chips) 
Seat 9: Snoof41 ($23.35 in chips) 
righty0130: posts small blind $0.10
tobedope: posts big blind $0.25
*** HOLE CARDS ***
Dealt to Alameda22 [2d Kc]
new_draks: folds 
Alameda22: folds 
EREDAYHUSLIN: folds 
wuschel289: calls $0.25
epbarz: calls $0.25
Snoof41: folds 
righty0130: calls $0.15
tobedope: checks 
*** FLOP *** [2s 4s 3c]
righty0130: bets $1
tobedope: folds 
wuschel289: calls $1
epbarz: folds 
*** TURN *** [2s 4s 3c] [Ks]
righty0130: checks 
wuschel289: checks 
*** RIVER *** [2s 4s 3c Ks] [3d]
righty0130: checks 
wuschel289: checks 
*** SHOW DOWN ***
righty0130: shows [4c 5c] (two pair, Fours and Threes)
wuschel289: mucks hand 
righty0130 collected $2.90 from pot
*** SUMMARY ***
Total pot $3 | Rake $0.10 
Board [2s 4s 3c Ks 3d]
Seat 1: righty0130 (small blind) showed [4c 5c] and won ($2.90) with two pair, Fours and Threes
Seat 2: tobedope (big blind) folded on the Flop
Seat 3: new_draks folded before Flop (didn't bet)
Seat 5: Alameda22 folded before Flop (didn't bet)
Seat 6: EREDAYHUSLIN folded before Flop (didn't bet)
Seat 7: wuschel289 mucked [5h 7h]
Seat 8: epbarz folded on the Flop
Seat 9: Snoof41 (button) folded before Flop (didn't bet)



PokerStars Game #19571437211:  Hold'em No Limit ($0.10/$0.25) - 2008/08/12 - 19:36:06 (ET)
Table 'Titius' 9-max Seat #1 is the button
Seat 1: righty0130 ($15.45 in chips) 
Seat 2: tobedope ($26.95 in chips) 
Seat 3: new_draks ($25.50 in chips) 
Seat 5: Alameda22 ($25.20 in chips) 
Seat 6: EREDAYHUSLIN ($14.80 in chips) 
Seat 7: wuschel289 ($22.85 in chips) 
Seat 8: epbarz ($35.75 in chips) 
Seat 9: Snoof41 ($23.35 in chips) 
tobedope: posts small blind $0.10
new_draks: posts big blind $0.25
*** HOLE CARDS ***
Dealt to Alameda22 [Td 2d]
Alameda22: folds 
EREDAYHUSLIN: folds 
wuschel289: folds 
epbarz: folds 
Snoof41: folds 
righty0130: calls $0.25
tobedope: calls $0.15
new_draks: checks 
*** FLOP *** [3h 4s Jd]
tobedope: checks 
new_draks: bets $0.50
righty0130: folds 
tobedope: folds 
Uncalled bet ($0.50) returned to new_draks
new_draks collected $0.75 from pot
new_draks: doesn't show hand 
*** SUMMARY ***
Total pot $0.75 | Rake $0 
Board [3h 4s Jd]
Seat 1: righty0130 (button) folded on the Flop
Seat 2: tobedope (small blind) folded on the Flop
Seat 3: new_draks (big blind) collected ($0.75)
Seat 5: Alameda22 folded before Flop (didn't bet)
Seat 6: EREDAYHUSLIN folded before Flop (didn't bet)
Seat 7: wuschel289 folded before Flop (didn't bet)
Seat 8: epbarz folded before Flop (didn't bet)
Seat 9: Snoof41 folded before Flop (didn't bet)



PokerStars Game #19571465553:  Hold'em No Limit ($0.10/$0.25) - 2008/08/12 - 19:37:21 (ET)
Table 'Titius' 9-max Seat #2 is the button
Seat 1: righty0130 ($15.20 in chips) 
Seat 2: tobedope ($26.70 in chips) 
Seat 3: new_draks ($26 in chips) 
Seat 5: Alameda22 ($25.20 in chips) 
Seat 6: EREDAYHUSLIN ($14.80 in chips) 
Seat 7: wuschel289 ($22.85 in chips) 
Seat 8: epbarz ($35.75 in chips) 
Seat 9: Snoof41 ($23.35 in chips) 
new_draks: posts small blind $0.10
Alameda22: posts big blind $0.25
*** HOLE CARDS ***
Dealt to Alameda22 [3d 8s]
EREDAYHUSLIN: folds 
wuschel289: folds 
epbarz: raises $0.50 to $0.75
Snoof41: folds 
righty0130: calls $0.75
tobedope: raises $0.75 to $1.50
new_draks: folds 
Alameda22: folds 
epbarz: calls $0.75
righty0130: calls $0.75
*** FLOP *** [Th 4d Js]
epbarz: checks 
righty0130: checks 
tobedope: checks 
*** TURN *** [Th 4d Js] [6h]
epbarz: checks 
righty0130: checks 
tobedope: checks 
*** RIVER *** [Th 4d Js 6h] [Jh]
epbarz: bets $3
righty0130: folds 
tobedope: raises $5.50 to $8.50
epbarz: raises $25.75 to $34.25 and is all-in
tobedope: calls $16.70 and is all-in
Uncalled bet ($9.05) returned to epbarz
*** SHOW DOWN ***
epbarz: shows [9h 8h] (a flush, Jack high)
tobedope: shows [Kh Ah] (a flush, Ace high)
tobedope collected $52.50 from pot
*** SUMMARY ***
Total pot $55.25 | Rake $2.75 
Board [Th 4d Js 6h Jh]
Seat 1: righty0130 folded on the River
Seat 2: tobedope (button) showed [Kh Ah] and won ($52.50) with a flush, Ace high
Seat 3: new_draks (small blind) folded before Flop
Seat 5: Alameda22 (big blind) folded before Flop
Seat 6: EREDAYHUSLIN folded before Flop (didn't bet)
Seat 7: wuschel289 folded before Flop (didn't bet)
Seat 8: epbarz showed [9h 8h] and lost with a flush, Jack high
Seat 9: Snoof41 folded before Flop (didn't bet)



PokerStars Game #19571511391:  Hold'em No Limit ($0.10/$0.25) - 2008/08/12 - 19:39:22 (ET)
Table 'Titius' 9-max Seat #3 is the button
Seat 1: righty0130 ($13.70 in chips) 
Seat 2: tobedope ($52.50 in chips) 
Seat 3: new_draks ($25.90 in chips) 
Seat 5: Alameda22 ($24.95 in chips) 
Seat 6: EREDAYHUSLIN ($14.80 in chips) 
Seat 7: wuschel289 ($22.85 in chips) 
Seat 8: epbarz ($9.05 in chips) 
Seat 9: Snoof41 ($23.35 in chips) 
Alameda22: posts small blind $0.10
EREDAYHUSLIN: posts big blind $0.25
*** HOLE CARDS ***
Dealt to Alameda22 [8h Tc]
YBBUTT joins the table at seat #4 
wuschel289: raises $0.75 to $1
epbarz: folds 
Snoof41: folds 
righty0130: folds 
tobedope: folds 
new_draks: folds 
Alameda22: folds 
EREDAYHUSLIN: folds 
Uncalled bet ($0.75) returned to wuschel289
wuschel289 collected $0.60 from pot
wuschel289: doesn't show hand 
*** SUMMARY ***
Total pot $0.60 | Rake $0 
Seat 1: righty0130 folded before Flop (didn't bet)
Seat 2: tobedope folded before Flop (didn't bet)
Seat 3: new_draks (button) folded before Flop (didn't bet)
Seat 5: Alameda22 (small blind) folded before Flop
Seat 6: EREDAYHUSLIN (big blind) folded before Flop
Seat 7: wuschel289 collected ($0.60)
Seat 8: epbarz folded before Flop (didn't bet)
Seat 9: Snoof41 folded before Flop (didn't bet)



PokerStars Game #19571524955:  Hold'em No Limit ($0.10/$0.25) - 2008/08/12 - 19:39:57 (ET)
Table 'Titius' 9-max Seat #5 is the button
Seat 1: righty0130 ($13.70 in chips) 
Seat 2: tobedope ($52.50 in chips) 
Seat 3: new_draks ($25.90 in chips) 
Seat 4: YBBUTT ($15 in chips) 
Seat 5: Alameda22 ($24.85 in chips) 
Seat 6: EREDAYHUSLIN ($14.55 in chips) 
Seat 7: wuschel289 ($25 in chips) 
Seat 8: epbarz ($9.05 in chips) 
Seat 9: Snoof41 ($23.35 in chips) 
EREDAYHUSLIN: posts small blind $0.10
wuschel289: posts big blind $0.25
YBBUTT: posts big blind $0.25
*** HOLE CARDS ***
Dealt to Alameda22 [Jd 9c]
epbarz: raises $0.75 to $1
Snoof41: folds 
righty0130: folds 
tobedope: folds 
new_draks: folds 
YBBUTT: calls $0.75
Alameda22: folds 
EREDAYHUSLIN: folds 
wuschel289: folds 
*** FLOP *** [9d Qs Js]
epbarz: bets $1.75
YBBUTT: raises $1.75 to $3.50
epbarz: raises $4.55 to $8.05 and is all-in
YBBUTT: calls $4.55
*** TURN *** [9d Qs Js] [4s]
*** RIVER *** [9d Qs Js 4s] [8h]
*** SHOW DOWN ***
epbarz: shows [Kh Kc] (a pair of Kings)
YBBUTT: shows [Qc Tc] (a straight, Eight to Queen)
YBBUTT collected $17.55 from pot
*** SUMMARY ***
Total pot $18.45 | Rake $0.90 
Board [9d Qs Js 4s 8h]
Seat 1: righty0130 folded before Flop (didn't bet)
Seat 2: tobedope folded before Flop (didn't bet)
Seat 3: new_draks folded before Flop (didn't bet)
Seat 4: YBBUTT showed [Qc Tc] and won ($17.55) with a straight, Eight to Queen
Seat 5: Alameda22 (button) folded before Flop (didn't bet)
Seat 6: EREDAYHUSLIN (small blind) folded before Flop
Seat 7: wuschel289 (big blind) folded before Flop
Seat 8: epbarz showed [Kh Kc] and lost with a pair of Kings
Seat 9: Snoof41 folded before Flop (didn't bet)



PokerStars Game #19571545372:  Hold'em No Limit ($0.10/$0.25) - 2008/08/12 - 19:40:49 (ET)
Table 'Titius' 9-max Seat #6 is the button
Seat 1: righty0130 ($13.70 in chips) 
Seat 2: tobedope ($52.50 in chips) 
Seat 3: new_draks ($25.90 in chips) 
Seat 4: YBBUTT ($23.50 in chips) 
Seat 5: Alameda22 ($24.85 in chips) 
Seat 6: EREDAYHUSLIN ($14.45 in chips) 
Seat 7: wuschel289 ($24.75 in chips) 
Seat 9: Snoof41 ($23.35 in chips) 
wuschel289: posts small blind $0.10
Snoof41: posts big blind $0.25
*** HOLE CARDS ***
Dealt to Alameda22 [3c Jh]
epbarz leaves the table
righty0130: folds 
tobedope: folds 
new_draks: folds 
YBBUTT: folds 
Alameda22: folds 
EREDAYHUSLIN: folds 
wuschel289: calls $0.15
Snoof41: checks 
*** FLOP *** [6h Qc Jd]
wuschel289: bets $0.50
Snoof41: folds 
Uncalled bet ($0.50) returned to wuschel289
wuschel289 collected $0.50 from pot
wuschel289: doesn't show hand 
*** SUMMARY ***
Total pot $0.50 | Rake $0 
Board [6h Qc Jd]
Seat 1: righty0130 folded before Flop (didn't bet)
Seat 2: tobedope folded before Flop (didn't bet)
Seat 3: new_draks folded before Flop (didn't bet)
Seat 4: YBBUTT folded before Flop (didn't bet)
Seat 5: Alameda22 folded before Flop (didn't bet)
Seat 6: EREDAYHUSLIN (button) folded before Flop (didn't bet)
Seat 7: wuschel289 (small blind) collected ($0.50)
Seat 9: Snoof41 (big blind) folded on the Flop



PokerStars Game #19571560221:  Hold'em No Limit ($0.10/$0.25) - 2008/08/12 - 19:41:28 (ET)
Table 'Titius' 9-max Seat #7 is the button
Seat 1: righty0130 ($13.70 in chips) 
Seat 2: tobedope ($52.50 in chips) 
Seat 3: new_draks ($25.90 in chips) 
Seat 4: YBBUTT ($23.50 in chips) 
Seat 5: Alameda22 ($24.85 in chips) 
Seat 6: EREDAYHUSLIN ($14.45 in chips) 
Seat 7: wuschel289 ($25 in chips) 
Seat 9: Snoof41 ($23.10 in chips) 
Snoof41: posts small blind $0.10
righty0130: posts big blind $0.25
*** HOLE CARDS ***
Dealt to Alameda22 [8d 4c]
tobedope: folds 
new_draks: folds 
YBBUTT: calls $0.25
Alameda22: folds 
EREDAYHUSLIN: folds 
wuschel289: folds 
Snoof41: folds 
righty0130: checks 
*** FLOP *** [Th 9h Ac]
righty0130: bets $0.50
YBBUTT: calls $0.50
*** TURN *** [Th 9h Ac] [Tc]
righty0130: checks 
YBBUTT: checks 
*** RIVER *** [Th 9h Ac Tc] [6s]
righty0130: checks 
YBBUTT: checks 
*** SHOW DOWN ***
righty0130: shows [5s 9d] (two pair, Tens and Nines)
YBBUTT: shows [Ks 9c] (two pair, Tens and Nines)
gramateas joins the table at seat #8 
righty0130 collected $0.80 from pot
YBBUTT collected $0.75 from pot
*** SUMMARY ***
Total pot $1.60 | Rake $0.05 
Board [Th 9h Ac Tc 6s]
Seat 1: righty0130 (big blind) showed [5s 9d] and won ($0.80) with two pair, Tens and Nines
Seat 2: tobedope folded before Flop (didn't bet)
Seat 3: new_draks folded before Flop (didn't bet)
Seat 4: YBBUTT showed [Ks 9c] and won ($0.75) with two pair, Tens and Nines
Seat 5: Alameda22 folded before Flop (didn't bet)
Seat 6: EREDAYHUSLIN folded before Flop (didn't bet)
Seat 7: wuschel289 (button) folded before Flop (didn't bet)
Seat 9: Snoof41 (small blind) folded before Flop



PokerStars Game #19571583084:  Hold'em No Limit ($0.10/$0.25) - 2008/08/12 - 19:42:27 (ET)
Table 'Titius' 9-max Seat #9 is the button
Seat 1: righty0130 ($13.75 in chips) 
Seat 2: tobedope ($52.50 in chips) 
Seat 3: new_draks ($25.90 in chips) 
Seat 4: YBBUTT ($23.50 in chips) 
Seat 5: Alameda22 ($24.85 in chips) 
Seat 6: EREDAYHUSLIN ($14.45 in chips) 
Seat 7: wuschel289 ($25 in chips) 
Seat 8: gramateas ($10 in chips) 
Seat 9: Snoof41 ($23 in chips) 
righty0130: posts small blind $0.10
tobedope: posts big blind $0.25
gramateas: posts big blind $0.25
*** HOLE CARDS ***
Dealt to Alameda22 [2s 5c]
new_draks: folds 
YBBUTT: calls $0.25
Alameda22: folds 
EREDAYHUSLIN: folds 
wuschel289: folds 
gramateas: raises $0.25 to $0.50
Snoof41: folds 
righty0130: folds 
tobedope: folds 
YBBUTT: calls $0.25
*** FLOP *** [5s Kd 8s]
YBBUTT: checks 
gramateas: bets $1.50
YBBUTT: calls $1.50
*** TURN *** [5s Kd 8s] [4h]
YBBUTT: checks 
gramateas: bets $8 and is all-in
YBBUTT: folds 
Uncalled bet ($8) returned to gramateas
gramateas collected $4.15 from pot
*** SUMMARY ***
Total pot $4.35 | Rake $0.20 
Board [5s Kd 8s 4h]
Seat 1: righty0130 (small blind) folded before Flop
Seat 2: tobedope (big blind) folded before Flop
Seat 3: new_draks folded before Flop (didn't bet)
Seat 4: YBBUTT folded on the Turn
Seat 5: Alameda22 folded before Flop (didn't bet)
Seat 6: EREDAYHUSLIN folded before Flop (didn't bet)
Seat 7: wuschel289 folded before Flop (didn't bet)
Seat 8: gramateas collected ($4.15)
Seat 9: Snoof41 (button) folded before Flop (didn't bet)



PokerStars Game #19571611131:  Hold'em No Limit ($0.10/$0.25) - 2008/08/12 - 19:43:40 (ET)
Table 'Titius' 9-max Seat #1 is the button
Seat 1: righty0130 ($13.65 in chips) 
Seat 2: tobedope ($52.25 in chips) 
Seat 3: new_draks ($25.90 in chips) 
Seat 4: YBBUTT ($21.50 in chips) 
Seat 5: Alameda22 ($24.85 in chips) 
Seat 6: EREDAYHUSLIN ($14.45 in chips) 
Seat 7: wuschel289 ($25 in chips) 
Seat 8: gramateas ($12.15 in chips) 
Seat 9: Snoof41 ($23 in chips) 
tobedope: posts small blind $0.10
new_draks: posts big blind $0.25
*** HOLE CARDS ***
Dealt to Alameda22 [5d Js]
YBBUTT: calls $0.25
Alameda22: folds 
EREDAYHUSLIN: folds 
wuschel289: folds 
gramateas: raises $1 to $1.25
Snoof41: folds 
righty0130: folds 
tobedope: folds 
new_draks: calls $1
YBBUTT: calls $1
*** FLOP *** [Kh Ac 7d]
new_draks: checks 
YBBUTT: checks 
gramateas: bets $2.50
new_draks: calls $2.50
YBBUTT: folds 
*** TURN *** [Kh Ac 7d] [8h]
new_draks: checks 
gramateas: bets $3.25
new_draks: folds 
Uncalled bet ($3.25) returned to gramateas
gramateas collected $8.45 from pot
*** SUMMARY ***
Total pot $8.85 | Rake $0.40 
Board [Kh Ac 7d 8h]
Seat 1: righty0130 (button) folded before Flop (didn't bet)
Seat 2: tobedope (small blind) folded before Flop
Seat 3: new_draks (big blind) folded on the Turn
Seat 4: YBBUTT folded on the Flop
Seat 5: Alameda22 folded before Flop (didn't bet)
Seat 6: EREDAYHUSLIN folded before Flop (didn't bet)
Seat 7: wuschel289 folded before Flop (didn't bet)
Seat 8: gramateas collected ($8.45)
Seat 9: Snoof41 folded before Flop (didn't bet)



PokerStars Game #19571639937:  Hold'em No Limit ($0.10/$0.25) - 2008/08/12 - 19:44:58 (ET)
Table 'Titius' 9-max Seat #2 is the button
Seat 1: righty0130 ($13.65 in chips) 
Seat 2: tobedope ($52.15 in chips) 
Seat 3: new_draks ($25 in chips) 
Seat 4: YBBUTT ($20.25 in chips) 
Seat 5: Alameda22 ($24.85 in chips) 
Seat 6: EREDAYHUSLIN ($14.45 in chips) 
Seat 7: wuschel289 ($25 in chips) 
Seat 8: gramateas ($16.85 in chips) 
Seat 9: Snoof41 ($23 in chips) 
new_draks: posts small blind $0.10
YBBUTT: posts big blind $0.25
*** HOLE CARDS ***
Dealt to Alameda22 [Jc Ad]
Alameda22: folds 
EREDAYHUSLIN: folds 
wuschel289: folds 
gramateas: folds 
Snoof41: folds 
righty0130: calls $0.25
tobedope: calls $0.25
new_draks: folds 
YBBUTT: checks 
*** FLOP *** [Ks 8h 2h]
YBBUTT: checks 
righty0130: checks 
tobedope: checks 
*** TURN *** [Ks 8h 2h] [9c]
YBBUTT: bets $20 and is all-in
righty0130: folds 
tobedope: folds 
Uncalled bet ($20) returned to YBBUTT
YBBUTT collected $0.85 from pot
*** SUMMARY ***
Total pot $0.85 | Rake $0 
Board [Ks 8h 2h 9c]
Seat 1: righty0130 folded on the Turn
Seat 2: tobedope (button) folded on the Turn
Seat 3: new_draks (small blind) folded before Flop
Seat 4: YBBUTT (big blind) collected ($0.85)
Seat 5: Alameda22 folded before Flop (didn't bet)
Seat 6: EREDAYHUSLIN folded before Flop (didn't bet)
Seat 7: wuschel289 folded before Flop (didn't bet)
Seat 8: gramateas folded before Flop (didn't bet)
Seat 9: Snoof41 folded before Flop (didn't bet)



PokerStars Game #19571663556:  Hold'em No Limit ($0.10/$0.25) - 2008/08/12 - 19:45:59 (ET)
Table 'Titius' 9-max Seat #3 is the button
Seat 1: righty0130 ($13.40 in chips) 
Seat 2: tobedope ($51.90 in chips) 
Seat 3: new_draks ($24.90 in chips) 
Seat 4: YBBUTT ($20.85 in chips) 
Seat 5: Alameda22 ($24.85 in chips) 
Seat 6: EREDAYHUSLIN ($14.45 in chips) 
Seat 7: wuschel289 ($25 in chips) 
Seat 8: gramateas ($16.85 in chips) 
Seat 9: Snoof41 ($23 in chips) 
YBBUTT: posts small blind $0.10
Alameda22: posts big blind $0.25
*** HOLE CARDS ***
Dealt to Alameda22 [4d 9h]
EREDAYHUSLIN: folds 
wuschel289: folds 
gramateas: folds 
Snoof41: folds 
righty0130: calls $0.25
tobedope: folds 
new_draks: folds 
YBBUTT: calls $0.15
Alameda22: checks 
*** FLOP *** [Qc 4h 5h]
YBBUTT: checks 
Alameda22: checks 
righty0130: checks 
*** TURN *** [Qc 4h 5h] [3s]
YBBUTT: checks 
Alameda22: bets $0.50
righty0130: folds 
YBBUTT: calls $0.50
*** RIVER *** [Qc 4h 5h 3s] [Qh]
YBBUTT: checks 
Alameda22: checks 
*** SHOW DOWN ***
YBBUTT: shows [Th 2d] (a pair of Queens)
Alameda22: shows [4d 9h] (two pair, Queens and Fours)
Alameda22 collected $1.70 from pot
*** SUMMARY ***
Total pot $1.75 | Rake $0.05 
Board [Qc 4h 5h 3s Qh]
Seat 1: righty0130 folded on the Turn
Seat 2: tobedope folded before Flop (didn't bet)
Seat 3: new_draks (button) folded before Flop (didn't bet)
Seat 4: YBBUTT (small blind) showed [Th 2d] and lost with a pair of Queens
Seat 5: Alameda22 (big blind) showed [4d 9h] and won ($1.70) with two pair, Queens and Fours
Seat 6: EREDAYHUSLIN folded before Flop (didn't bet)
Seat 7: wuschel289 folded before Flop (didn't bet)
Seat 8: gramateas folded before Flop (didn't bet)
Seat 9: Snoof41 folded before Flop (didn't bet)



PokerStars Game #19571685794:  Hold'em No Limit ($0.10/$0.25) - 2008/08/12 - 19:46:57 (ET)
Table 'Titius' 9-max Seat #4 is the button
Seat 1: righty0130 ($13.15 in chips) 
Seat 2: tobedope ($51.90 in chips) 
Seat 3: new_draks ($24.90 in chips) 
Seat 4: YBBUTT ($20.10 in chips) 
Seat 5: Alameda22 ($25.80 in chips) 
Seat 6: EREDAYHUSLIN ($14.45 in chips) 
Seat 7: wuschel289 ($25 in chips) 
Seat 8: gramateas ($16.85 in chips) 
Seat 9: Snoof41 ($23 in chips) 
Alameda22: posts small blind $0.10
EREDAYHUSLIN: posts big blind $0.25
*** HOLE CARDS ***
Dealt to Alameda22 [As 4h]
wuschel289: folds 
gramateas: raises $0.25 to $0.50
Snoof41: folds 
righty0130: folds 
tobedope: raises $0.75 to $1.25
new_draks: folds 
YBBUTT: folds 
Alameda22: folds 
EREDAYHUSLIN: folds 
gramateas: calls $0.75
*** FLOP *** [5c Ah 5s]
gramateas: bets $3.75
tobedope: raises $12.75 to $16.50
gramateas: folds 
Uncalled bet ($12.75) returned to tobedope
tobedope collected $9.85 from pot
tobedope: doesn't show hand 
*** SUMMARY ***
Total pot $10.35 | Rake $0.50 
Board [5c Ah 5s]
Seat 1: righty0130 folded before Flop (didn't bet)
Seat 2: tobedope collected ($9.85)
Seat 3: new_draks folded before Flop (didn't bet)
Seat 4: YBBUTT (button) folded before Flop (didn't bet)
Seat 5: Alameda22 (small blind) folded before Flop
Seat 6: EREDAYHUSLIN (big blind) folded before Flop
Seat 7: wuschel289 folded before Flop (didn't bet)
Seat 8: gramateas folded on the Flop
Seat 9: Snoof41 folded before Flop (didn't bet)



PokerStars Game #19571704756:  Hold'em No Limit ($0.10/$0.25) - 2008/08/12 - 19:47:48 (ET)
Table 'Titius' 9-max Seat #5 is the button
Seat 1: righty0130 ($13.15 in chips) 
Seat 2: tobedope ($56.75 in chips) 
Seat 3: new_draks ($24.90 in chips) 
Seat 4: YBBUTT ($20.10 in chips) 
Seat 5: Alameda22 ($25.70 in chips) 
Seat 6: EREDAYHUSLIN ($14.20 in chips) 
Seat 7: wuschel289 ($25 in chips) 
Seat 8: gramateas ($11.85 in chips) 
Seat 9: Snoof41 ($23 in chips) 
EREDAYHUSLIN: posts small blind $0.10
wuschel289: posts big blind $0.25
*** HOLE CARDS ***
Dealt to Alameda22 [3d 6h]
gramateas: raises $3.25 to $3.50
Snoof41: folds 
righty0130: folds 
tobedope: folds 
new_draks: folds 
YBBUTT: raises $3.25 to $6.75
Alameda22: folds 
EREDAYHUSLIN: folds 
wuschel289: folds 
gramateas: calls $3.25
*** FLOP *** [Td Qc 4c]
gramateas: bets $5.10 and is all-in
YBBUTT: calls $5.10
*** TURN *** [Td Qc 4c] [5d]
*** RIVER *** [Td Qc 4c 5d] [9s]
*** SHOW DOWN ***
gramateas: shows [Jd 8c] (a straight, Eight to Queen)
YBBUTT: mucks hand 
gramateas collected $22.90 from pot
*** SUMMARY ***
Total pot $24.05 | Rake $1.15 
Board [Td Qc 4c 5d 9s]
Seat 1: righty0130 folded before Flop (didn't bet)
Seat 2: tobedope folded before Flop (didn't bet)
Seat 3: new_draks folded before Flop (didn't bet)
Seat 4: YBBUTT mucked [Js Jc]
Seat 5: Alameda22 (button) folded before Flop (didn't bet)
Seat 6: EREDAYHUSLIN (small blind) folded before Flop
Seat 7: wuschel289 (big blind) folded before Flop
Seat 8: gramateas showed [Jd 8c] and won ($22.90) with a straight, Eight to Queen
Seat 9: Snoof41 folded before Flop (didn't bet)



PokerStars Game #19571726214:  Hold'em No Limit ($0.10/$0.25) - 2008/08/12 - 19:48:45 (ET)
Table 'Titius' 9-max Seat #6 is the button
Seat 1: righty0130 ($13.15 in chips) 
Seat 2: tobedope ($56.75 in chips) 
Seat 3: new_draks ($24.90 in chips) 
Seat 4: YBBUTT ($8.25 in chips) 
Seat 5: Alameda22 ($25.70 in chips) 
Seat 6: EREDAYHUSLIN ($14.10 in chips) 
Seat 7: wuschel289 ($24.75 in chips) 
Seat 8: gramateas ($22.90 in chips) 
Seat 9: Snoof41 ($23 in chips) 
wuschel289: posts small blind $0.10
gramateas: posts big blind $0.25
*** HOLE CARDS ***
Dealt to Alameda22 [3c Js]
Snoof41: folds 
righty0130: folds 
tobedope: folds 
new_draks: folds 
YBBUTT: calls $0.25
Alameda22: folds 
EREDAYHUSLIN: folds 
wuschel289: calls $0.15
gramateas: checks 
*** FLOP *** [5h 6h 4c]
wuschel289: bets $0.75
gramateas: calls $0.75
YBBUTT: folds 
*** TURN *** [5h 6h 4c] [Qh]
wuschel289: bets $1.50
gramateas: calls $1.50
*** RIVER *** [5h 6h 4c Qh] [9s]
wuschel289: bets $3.50
gramateas: calls $3.50
*** SHOW DOWN ***
wuschel289: shows [3s 7h] (a straight, Three to Seven)
gramateas: mucks hand 
wuschel289 collected $11.65 from pot
*** SUMMARY ***
Total pot $12.25 | Rake $0.60 
Board [5h 6h 4c Qh 9s]
Seat 1: righty0130 folded before Flop (didn't bet)
Seat 2: tobedope folded before Flop (didn't bet)
Seat 3: new_draks folded before Flop (didn't bet)
Seat 4: YBBUTT folded on the Flop
Seat 5: Alameda22 folded before Flop (didn't bet)
Seat 6: EREDAYHUSLIN (button) folded before Flop (didn't bet)
Seat 7: wuschel289 (small blind) showed [3s 7h] and won ($11.65) with a straight, Three to Seven
Seat 8: gramateas (big blind) mucked [7d Qc]
Seat 9: Snoof41 folded before Flop (didn't bet)



PokerStars Game #19571747492:  Hold'em No Limit ($0.10/$0.25) - 2008/08/12 - 19:49:41 (ET)
Table 'Titius' 9-max Seat #7 is the button
Seat 1: righty0130 ($13.15 in chips) 
Seat 2: tobedope ($56.75 in chips) 
Seat 3: new_draks ($24.90 in chips) 
Seat 4: YBBUTT ($8 in chips) 
Seat 5: Alameda22 ($25.70 in chips) 
Seat 6: EREDAYHUSLIN ($14.10 in chips) 
Seat 7: wuschel289 ($30.40 in chips) 
Seat 8: gramateas ($16.90 in chips) 
Seat 9: Snoof41 ($23 in chips) 
gramateas: posts small blind $0.10
Snoof41: posts big blind $0.25
*** HOLE CARDS ***
Dealt to Alameda22 [4c Js]
gramateas said, "**** you"
righty0130: calls $0.25
tobedope: raises $0.50 to $0.75
new_draks: folds 
YBBUTT: folds 
Alameda22: folds 
EREDAYHUSLIN: folds 
wuschel289: folds 
gramateas: calls $0.65
Snoof41: folds 
righty0130: calls $0.50
*** FLOP *** [5h Td 6d]
gramateas: bets $16.15 and is all-in
righty0130: folds 
tobedope: folds 
Uncalled bet ($16.15) returned to gramateas
gramateas collected $2.40 from pot
*** SUMMARY ***
Total pot $2.50 | Rake $0.10 
Board [5h Td 6d]
Seat 1: righty0130 folded on the Flop
Seat 2: tobedope folded on the Flop
Seat 3: new_draks folded before Flop (didn't bet)
Seat 4: YBBUTT folded before Flop (didn't bet)
Seat 5: Alameda22 folded before Flop (didn't bet)
Seat 6: EREDAYHUSLIN folded before Flop (didn't bet)
Seat 7: wuschel289 (button) folded before Flop (didn't bet)
Seat 8: gramateas (small blind) collected ($2.40)
Seat 9: Snoof41 (big blind) folded before Flop



PokerStars Game #19571768910:  Hold'em No Limit ($0.10/$0.25) - 2008/08/12 - 19:50:38 (ET)
Table 'Titius' 9-max Seat #8 is the button
Seat 1: righty0130 ($12.40 in chips) 
Seat 2: tobedope ($56 in chips) 
Seat 3: new_draks ($24.90 in chips) 
Seat 4: YBBUTT ($8 in chips) 
Seat 5: Alameda22 ($25.70 in chips) 
Seat 6: EREDAYHUSLIN ($14.10 in chips) 
Seat 7: wuschel289 ($30.40 in chips) 
Seat 8: gramateas ($18.55 in chips) 
Seat 9: Snoof41 ($22.75 in chips) 
Snoof41: posts small blind $0.10
righty0130: posts big blind $0.25
*** HOLE CARDS ***
Dealt to Alameda22 [9d 2d]
tobedope: folds 
new_draks: folds 
YBBUTT: folds 
Alameda22: folds 
EREDAYHUSLIN: folds 
wuschel289: folds 
gramateas: raises $0.25 to $0.50
Snoof41: raises $0.25 to $0.75
righty0130: folds 
gramateas: calls $0.25
*** FLOP *** [9c Kc 9h]
Snoof41: bets $0.75
gramateas: raises $17.05 to $17.80 and is all-in
Snoof41: calls $17.05
*** TURN *** [9c Kc 9h] [2s]
*** RIVER *** [9c Kc 9h 2s] [5s]
*** SHOW DOWN ***
Snoof41: shows [Ac Kd] (two pair, Kings and Nines)
gramateas: mucks hand 
Snoof41 collected $35.50 from pot
*** SUMMARY ***
Total pot $37.35 | Rake $1.85 
Board [9c Kc 9h 2s 5s]
Seat 1: righty0130 (big blind) folded before Flop
Seat 2: tobedope folded before Flop (didn't bet)
Seat 3: new_draks folded before Flop (didn't bet)
Seat 4: YBBUTT folded before Flop (didn't bet)
Seat 5: Alameda22 folded before Flop (didn't bet)
Seat 6: EREDAYHUSLIN folded before Flop (didn't bet)
Seat 7: wuschel289 folded before Flop (didn't bet)
Seat 8: gramateas (button) mucked [6s Ks]
Seat 9: Snoof41 (small blind) showed [Ac Kd] and won ($35.50) with two pair, Kings and Nines



PokerStars Game #19571801708:  Hold'em No Limit ($0.10/$0.25) - 2008/08/12 - 19:52:04 (ET)
Table 'Titius' 9-max Seat #9 is the button
Seat 1: righty0130 ($12.15 in chips) 
Seat 2: tobedope ($56 in chips) 
Seat 3: new_draks ($24.90 in chips) 
Seat 4: YBBUTT ($8 in chips) 
Seat 5: Alameda22 ($25.70 in chips) 
Seat 6: EREDAYHUSLIN ($14.10 in chips) 
Seat 7: wuschel289 ($30.40 in chips) 
Seat 9: Snoof41 ($39.70 in chips) 
righty0130: posts small blind $0.10
tobedope: posts big blind $0.25
*** HOLE CARDS ***
Dealt to Alameda22 [8d Th]
gramateas leaves the table
new_draks: folds 
new_draks leaves the table
YBBUTT: calls $0.25
Alameda22: folds 
EREDAYHUSLIN: folds 
wuschel289: folds 
gramateas joins the table at seat #8 
NashvilleUp joins the table at seat #3 
Snoof41: folds 
righty0130: calls $0.15
tobedope: raises $0.50 to $0.75
YBBUTT: raises $7.25 to $8 and is all-in
righty0130: folds 
tobedope: folds 
Uncalled bet ($7.25) returned to YBBUTT
YBBUTT collected $1.75 from pot
YBBUTT: doesn't show hand 
gramateas said, "buster snoo"
*** SUMMARY ***
Total pot $1.75 | Rake $0 
Seat 1: righty0130 (small blind) folded before Flop
Seat 2: tobedope (big blind) folded before Flop
Seat 3: new_draks folded before Flop (didn't bet)
Seat 4: YBBUTT collected ($1.75)
Seat 5: Alameda22 folded before Flop (didn't bet)
Seat 6: EREDAYHUSLIN folded before Flop (didn't bet)
Seat 7: wuschel289 folded before Flop (didn't bet)
Seat 9: Snoof41 (button) folded before Flop (didn't bet)



PokerStars Game #19571828187:  Hold'em No Limit ($0.10/$0.25) - 2008/08/12 - 19:53:15 (ET)
Table 'Titius' 9-max Seat #1 is the button
Seat 1: righty0130 ($11.90 in chips) 
Seat 2: tobedope ($55.25 in chips) 
Seat 3: NashvilleUp ($5 in chips) 
Seat 4: YBBUTT ($9 in chips) 
Seat 5: Alameda22 ($25.70 in chips) 
Seat 6: EREDAYHUSLIN ($14.10 in chips) 
Seat 7: wuschel289 ($30.40 in chips) 
Seat 8: gramateas ($5 in chips) 
Seat 9: Snoof41 ($39.70 in chips) 
tobedope: posts small blind $0.10
NashvilleUp: posts big blind $0.25
gramateas: posts big blind $0.25
*** HOLE CARDS ***
Dealt to Alameda22 [6h 2s]
YBBUTT: calls $0.25
Alameda22: folds 
EREDAYHUSLIN: calls $0.25
wuschel289: folds 
gramateas: raises $0.25 to $0.50
Snoof41: folds 
righty0130: folds 
tobedope: folds 
NashvilleUp: folds 
YBBUTT: calls $0.25
EREDAYHUSLIN: calls $0.25
*** FLOP *** [7h Ah 8d]
YBBUTT: checks 
EREDAYHUSLIN: checks 
gramateas: bets $0.50
YBBUTT: folds 
EREDAYHUSLIN: folds 
Uncalled bet ($0.50) returned to gramateas
gramateas collected $1.80 from pot
*** SUMMARY ***
Total pot $1.85 | Rake $0.05 
Board [7h Ah 8d]
Seat 1: righty0130 (button) folded before Flop (didn't bet)
Seat 2: tobedope (small blind) folded before Flop
Seat 3: NashvilleUp (big blind) folded before Flop
Seat 4: YBBUTT folded on the Flop
Seat 5: Alameda22 folded before Flop (didn't bet)
Seat 6: EREDAYHUSLIN folded on the Flop
Seat 7: wuschel289 folded before Flop (didn't bet)
Seat 8: gramateas collected ($1.80)
Seat 9: Snoof41 folded before Flop (didn't bet)



PokerStars Game #19571855125:  Hold'em No Limit ($0.10/$0.25) - 2008/08/12 - 19:54:27 (ET)
Table 'Titius' 9-max Seat #2 is the button
Seat 1: righty0130 ($11.90 in chips) 
Seat 2: tobedope ($55.15 in chips) 
Seat 3: NashvilleUp ($4.75 in chips) 
Seat 4: YBBUTT ($8.50 in chips) 
Seat 5: Alameda22 ($25.70 in chips) 
Seat 6: EREDAYHUSLIN ($13.60 in chips) 
Seat 7: wuschel289 ($30.40 in chips) 
Seat 8: gramateas ($6.30 in chips) 
Seat 9: Snoof41 ($39.70 in chips) 
NashvilleUp: posts small blind $0.10
YBBUTT: posts big blind $0.25
*** HOLE CARDS ***
Dealt to Alameda22 [7d 2s]
Alameda22: folds 
EREDAYHUSLIN: folds 
wuschel289: folds 
gramateas: calls $0.25
Snoof41: folds 
righty0130: calls $0.25
tobedope: calls $0.25
NashvilleUp: calls $0.15
YBBUTT: checks 
*** FLOP *** [3c 4h Qh]
NashvilleUp: checks 
YBBUTT: checks 
gramateas: bets $0.75
righty0130: folds 
tobedope: folds 
NashvilleUp: folds 
YBBUTT: folds 
Uncalled bet ($0.75) returned to gramateas
gramateas collected $1.20 from pot
*** SUMMARY ***
Total pot $1.25 | Rake $0.05 
Board [3c 4h Qh]
Seat 1: righty0130 folded on the Flop
Seat 2: tobedope (button) folded on the Flop
Seat 3: NashvilleUp (small blind) folded on the Flop
Seat 4: YBBUTT (big blind) folded on the Flop
Seat 5: Alameda22 folded before Flop (didn't bet)
Seat 6: EREDAYHUSLIN folded before Flop (didn't bet)
Seat 7: wuschel289 folded before Flop (didn't bet)
Seat 8: gramateas collected ($1.20)
Seat 9: Snoof41 folded before Flop (didn't bet)



PokerStars Game #19571878383:  Hold'em No Limit ($0.10/$0.25) - 2008/08/12 - 19:55:29 (ET)
Table 'Titius' 9-max Seat #3 is the button
Seat 1: righty0130 ($11.65 in chips) 
Seat 2: tobedope ($54.90 in chips) 
Seat 3: NashvilleUp ($4.50 in chips) 
Seat 4: YBBUTT ($8.25 in chips) 
Seat 5: Alameda22 ($25.70 in chips) 
Seat 6: EREDAYHUSLIN ($13.60 in chips) 
Seat 7: wuschel289 ($30.40 in chips) 
Seat 8: gramateas ($7.25 in chips) 
Seat 9: Snoof41 ($39.70 in chips) 
YBBUTT: posts small blind $0.10
Alameda22: posts big blind $0.25
*** HOLE CARDS ***
Dealt to Alameda22 [Tc Kc]
EREDAYHUSLIN: folds 
wuschel289: folds 
gramateas: folds 
Snoof41: folds 
righty0130: calls $0.25
tobedope: folds 
NashvilleUp: folds 
YBBUTT: folds 
Alameda22: checks 
*** FLOP *** [6d 6c Kd]
Alameda22: bets $0.25
righty0130: folds 
Uncalled bet ($0.25) returned to Alameda22
Alameda22 collected $0.60 from pot
Alameda22: doesn't show hand 
*** SUMMARY ***
Total pot $0.60 | Rake $0 
Board [6d 6c Kd]
Seat 1: righty0130 folded on the Flop
Seat 2: tobedope folded before Flop (didn't bet)
Seat 3: NashvilleUp (button) folded before Flop (didn't bet)
Seat 4: YBBUTT (small blind) folded before Flop
Seat 5: Alameda22 (big blind) collected ($0.60)
Seat 6: EREDAYHUSLIN folded before Flop (didn't bet)
Seat 7: wuschel289 folded before Flop (didn't bet)
Seat 8: gramateas folded before Flop (didn't bet)
Seat 9: Snoof41 folded before Flop (didn't bet)



PokerStars Game #19571892148:  Hold'em No Limit ($0.10/$0.25) - 2008/08/12 - 19:56:06 (ET)
Table 'Titius' 9-max Seat #4 is the button
Seat 1: righty0130 ($11.40 in chips) 
Seat 2: tobedope ($54.90 in chips) 
Seat 3: NashvilleUp ($4.50 in chips) 
Seat 4: YBBUTT ($8.15 in chips) 
Seat 5: Alameda22 ($26.05 in chips) 
Seat 6: EREDAYHUSLIN ($13.60 in chips) 
Seat 7: wuschel289 ($30.40 in chips) 
Seat 8: gramateas ($7.25 in chips) 
Seat 9: Snoof41 ($39.70 in chips) 
Alameda22: posts small blind $0.10
EREDAYHUSLIN: posts big blind $0.25
*** HOLE CARDS ***
Dealt to Alameda22 [6d 3c]
wuschel289: folds 
gramateas: raises $0.25 to $0.50
Snoof41: folds 
righty0130: folds 
tobedope: folds 
NashvilleUp: calls $0.50
YBBUTT: calls $0.50
Alameda22: folds 
EREDAYHUSLIN: calls $0.25
*** FLOP *** [7h Qd 8s]
EREDAYHUSLIN: checks 
gramateas: bets $1.50
NashvilleUp: calls $1.50
YBBUTT: calls $1.50
EREDAYHUSLIN: folds 
*** TURN *** [7h Qd 8s] [6c]
gramateas: bets $5.25 and is all-in
NashvilleUp: calls $2.50 and is all-in
YBBUTT: calls $5.25
*** RIVER *** [7h Qd 8s 6c] [Jc]
*** SHOW DOWN ***
gramateas: shows [Ks Qh] (a pair of Queens)
YBBUTT: shows [8h 8c] (three of a kind, Eights)
YBBUTT collected $5.20 from side pot
NashvilleUp: mucks hand 
YBBUTT collected $13.45 from main pot
*** SUMMARY ***
Total pot $19.60 Main pot $13.45. Side pot $5.20. | Rake $0.95 
Board [7h Qd 8s 6c Jc]
Seat 1: righty0130 folded before Flop (didn't bet)
Seat 2: tobedope folded before Flop (didn't bet)
Seat 3: NashvilleUp mucked [Td Qs]
Seat 4: YBBUTT (button) showed [8h 8c] and won ($18.65) with three of a kind, Eights
Seat 5: Alameda22 (small blind) folded before Flop
Seat 6: EREDAYHUSLIN (big blind) folded on the Flop
Seat 7: wuschel289 folded before Flop (didn't bet)
Seat 8: gramateas showed [Ks Qh] and lost with a pair of Queens
Seat 9: Snoof41 folded before Flop (didn't bet)



PokerStars Game #19571924805:  Hold'em No Limit ($0.10/$0.25) - 2008/08/12 - 19:57:33 (ET)
Table 'Titius' 9-max Seat #5 is the button
Seat 1: righty0130 ($11.40 in chips) 
Seat 2: tobedope ($54.90 in chips) 
Seat 4: YBBUTT ($19.55 in chips) 
Seat 5: Alameda22 ($25.95 in chips) 
Seat 6: EREDAYHUSLIN ($13.10 in chips) 
Seat 7: wuschel289 ($30.40 in chips) 
Seat 9: Snoof41 ($39.70 in chips) 
EREDAYHUSLIN: posts small blind $0.10
wuschel289: posts big blind $0.25
*** HOLE CARDS ***
Dealt to Alameda22 [Jd Tc]
NashvilleUp has returned
gramateas has returned
Snoof41: raises $0.50 to $0.75
righty0130: calls $0.75
tobedope: folds 
YBBUTT: calls $0.75
Alameda22: folds 
EREDAYHUSLIN: calls $0.65
wuschel289: folds 
*** FLOP *** [6h Jh 7c]
gramateas leaves the table
EREDAYHUSLIN: checks 
Snoof41: checks 
joeyredsox joins the table at seat #8 
righty0130: checks 
YBBUTT: checks 
*** TURN *** [6h Jh 7c] [9d]
EREDAYHUSLIN: bets $2.25
Snoof41: folds 
righty0130: calls $2.25
YBBUTT: folds 
*** RIVER *** [6h Jh 7c 9d] [Kc]
EREDAYHUSLIN: bets $5
righty0130: folds 
Uncalled bet ($5) returned to EREDAYHUSLIN
EREDAYHUSLIN collected $7.40 from pot
EREDAYHUSLIN: doesn't show hand 
*** SUMMARY ***
Total pot $7.75 | Rake $0.35 
Board [6h Jh 7c 9d Kc]
Seat 1: righty0130 folded on the River
Seat 2: tobedope folded before Flop (didn't bet)
Seat 4: YBBUTT folded on the Turn
Seat 5: Alameda22 (button) folded before Flop (didn't bet)
Seat 6: EREDAYHUSLIN (small blind) collected ($7.40)
Seat 7: wuschel289 (big blind) folded before Flop
Seat 9: Snoof41 folded on the Turn



PokerStars Game #19571964112:  Hold'em No Limit ($0.10/$0.25) - 2008/08/12 - 19:59:18 (ET)
Table 'Titius' 9-max Seat #6 is the button
Seat 1: righty0130 ($8.40 in chips) 
Seat 2: tobedope ($54.90 in chips) 
Seat 3: NashvilleUp ($5 in chips) 
Seat 4: YBBUTT ($18.80 in chips) 
Seat 5: Alameda22 ($25.95 in chips) 
Seat 6: EREDAYHUSLIN ($17.50 in chips) 
Seat 7: wuschel289 ($30.15 in chips) 
Seat 8: joeyredsox ($25 in chips) 
Seat 9: Snoof41 ($38.95 in chips) 
wuschel289: posts small blind $0.10
joeyredsox: posts big blind $0.25
*** HOLE CARDS ***
Dealt to Alameda22 [Ks Jc]
Snoof41: folds 
righty0130: calls $0.25
tobedope: raises $0.25 to $0.50
NashvilleUp: folds 
YBBUTT: folds 
Alameda22: folds 
EREDAYHUSLIN: folds 
wuschel289: folds 
joeyredsox: folds 
righty0130: calls $0.25
*** FLOP *** [Th 9c Kc]
Snoof41 leaves the table
righty0130: checks 
tobedope: bets $0.25
righty0130: folds 
Uncalled bet ($0.25) returned to tobedope
tobedope collected $1.30 from pot
tobedope: doesn't show hand 
*** SUMMARY ***
Total pot $1.35 | Rake $0.05 
Board [Th 9c Kc]
Seat 1: righty0130 folded on the Flop
Seat 2: tobedope collected ($1.30)
Seat 3: NashvilleUp folded before Flop (didn't bet)
Seat 4: YBBUTT folded before Flop (didn't bet)
Seat 5: Alameda22 folded before Flop (didn't bet)
Seat 6: EREDAYHUSLIN (button) folded before Flop (didn't bet)
Seat 7: wuschel289 (small blind) folded before Flop
Seat 8: joeyredsox (big blind) folded before Flop
Seat 9: Snoof41 folded before Flop (didn't bet)



PokerStars Game #19571987622:  Hold'em No Limit ($0.10/$0.25) - 2008/08/12 - 20:00:19 (ET)
Table 'Titius' 9-max Seat #7 is the button
Seat 1: righty0130 ($7.90 in chips) 
Seat 2: tobedope ($55.70 in chips) 
Seat 3: NashvilleUp ($5 in chips) 
Seat 4: YBBUTT ($18.80 in chips) 
Seat 5: Alameda22 ($25.95 in chips) 
Seat 6: EREDAYHUSLIN ($17.50 in chips) 
Seat 7: wuschel289 ($30.05 in chips) 
Seat 8: joeyredsox ($24.75 in chips) 
joeyredsox: posts small blind $0.10
tommy2324 joins the table at seat #9 
righty0130: posts big blind $0.25
*** HOLE CARDS ***
Dealt to Alameda22 [6c 3h]
tobedope: calls $0.25
NashvilleUp: folds 
YBBUTT: folds 
Alameda22: folds 
EREDAYHUSLIN: folds 
wuschel289: calls $0.25
joeyredsox: calls $0.15
righty0130: checks 
*** FLOP *** [7c Js 4c]
joeyredsox: checks 
righty0130: checks 
tobedope: checks 
wuschel289: checks 
*** TURN *** [7c Js 4c] [9c]
joeyredsox: checks 
righty0130: checks 
tobedope: checks 
wuschel289: checks 
*** RIVER *** [7c Js 4c 9c] [3s]
joeyredsox: checks 
righty0130: checks 
tobedope: checks 
wuschel289: checks 
*** SHOW DOWN ***
joeyredsox: shows [8c Ad] (high card Ace)
righty0130: mucks hand 
tobedope: mucks hand 
wuschel289: mucks hand 
joeyredsox collected $0.95 from pot
*** SUMMARY ***
Total pot $1 | Rake $0.05 
Board [7c Js 4c 9c 3s]
Seat 1: righty0130 (big blind) mucked [5h 8d]
Seat 2: tobedope mucked [Qs Th]
Seat 3: NashvilleUp folded before Flop (didn't bet)
Seat 4: YBBUTT folded before Flop (didn't bet)
Seat 5: Alameda22 folded before Flop (didn't bet)
Seat 6: EREDAYHUSLIN folded before Flop (didn't bet)
Seat 7: wuschel289 (button) mucked [Ks Td]
Seat 8: joeyredsox (small blind) showed [8c Ad] and won ($0.95) with high card Ace



PokerStars Game #19572009234:  Hold'em No Limit ($0.10/$0.25) - 2008/08/12 - 20:01:17 (ET)
Table 'Titius' 9-max Seat #8 is the button
Seat 1: righty0130 ($7.65 in chips) 
Seat 2: tobedope ($55.45 in chips) 
Seat 3: NashvilleUp ($5 in chips) 
Seat 4: YBBUTT ($18.80 in chips) 
Seat 5: Alameda22 ($25.95 in chips) 
Seat 6: EREDAYHUSLIN ($17.50 in chips) 
Seat 7: wuschel289 ($29.80 in chips) 
Seat 8: joeyredsox ($25.45 in chips) 
tommy2324 will be allowed to play after the button
righty0130: posts small blind $0.10
tobedope: posts big blind $0.25
*** HOLE CARDS ***
Dealt to Alameda22 [9d Ks]
NashvilleUp: folds 
YBBUTT: calls $0.25
Alameda22: folds 
EREDAYHUSLIN: folds 
wuschel289: folds 
joeyredsox: folds 
righty0130: calls $0.15
tobedope: raises $0.50 to $0.75
YBBUTT: calls $0.50
righty0130: calls $0.50
*** FLOP *** [Qd 6s 4h]
righty0130: checks 
tobedope: checks 
YBBUTT: checks 
*** TURN *** [Qd 6s 4h] [4d]
righty0130: bets $0.75
tobedope: calls $0.75
YBBUTT: calls $0.75
*** RIVER *** [Qd 6s 4h 4d] [6h]
righty0130: checks 
tobedope: checks 
YBBUTT: checks 
*** SHOW DOWN ***
righty0130: shows [Qh Th] (two pair, Queens and Sixes)
tobedope: mucks hand 
YBBUTT: mucks hand 
tobedope leaves the table
righty0130 collected $4.30 from pot
*** SUMMARY ***
Total pot $4.50 | Rake $0.20 
Board [Qd 6s 4h 4d 6h]
Seat 1: righty0130 (small blind) showed [Qh Th] and won ($4.30) with two pair, Queens and Sixes
Seat 2: tobedope (big blind) mucked [2d 3d]
Seat 3: NashvilleUp folded before Flop (didn't bet)
Seat 4: YBBUTT mucked [7h 5h]
Seat 5: Alameda22 folded before Flop (didn't bet)
Seat 6: EREDAYHUSLIN folded before Flop (didn't bet)
Seat 7: wuschel289 folded before Flop (didn't bet)
Seat 8: joeyredsox (button) folded before Flop (didn't bet)



PokerStars Game #19572036547:  Hold'em No Limit ($0.10/$0.25) - 2008/08/12 - 20:02:29 (ET)
Table 'Titius' 9-max Seat #1 is the button
Seat 1: righty0130 ($10.45 in chips) 
Seat 3: NashvilleUp ($5 in chips) 
Seat 4: YBBUTT ($17.30 in chips) 
Seat 5: Alameda22 ($25.95 in chips) 
Seat 6: EREDAYHUSLIN ($17.50 in chips) 
Seat 7: wuschel289 ($29.80 in chips) 
Seat 8: joeyredsox ($25.45 in chips) 
NashvilleUp: posts small blind $0.10
YBBUTT: posts big blind $0.25
tommy2324: sits out 
*** HOLE CARDS ***
Dealt to Alameda22 [5h 4h]
Eliminator6 joins the table at seat #2 
Alameda22: folds 
EREDAYHUSLIN: calls $0.25
wuschel289: folds 
joeyredsox: folds 
righty0130: calls $0.25
NashvilleUp: calls $0.15
YBBUTT: checks 
*** FLOP *** [2s 3h Ts]
NashvilleUp: checks 
YBBUTT: checks 
EREDAYHUSLIN: bets $0.75
righty0130: calls $0.75
NashvilleUp: calls $0.75
YBBUTT: folds 
*** TURN *** [2s 3h Ts] [3c]
NashvilleUp: checks 
EREDAYHUSLIN: bets $2
righty0130: calls $2
NashvilleUp: folds 
*** RIVER *** [2s 3h Ts 3c] [7d]
EREDAYHUSLIN: bets $3
righty0130: folds 
Uncalled bet ($3) returned to EREDAYHUSLIN
EREDAYHUSLIN collected $6.90 from pot
EREDAYHUSLIN: doesn't show hand 
*** SUMMARY ***
Total pot $7.25 | Rake $0.35 
Board [2s 3h Ts 3c 7d]
Seat 1: righty0130 (button) folded on the River
Seat 3: NashvilleUp (small blind) folded on the Turn
Seat 4: YBBUTT (big blind) folded on the Flop
Seat 5: Alameda22 folded before Flop (didn't bet)
Seat 6: EREDAYHUSLIN collected ($6.90)
Seat 7: wuschel289 folded before Flop (didn't bet)
Seat 8: joeyredsox folded before Flop (didn't bet)



PokerStars Game #19572070396:  Hold'em No Limit ($0.10/$0.25) - 2008/08/12 - 20:03:59 (ET)
Table 'Titius' 9-max Seat #3 is the button
Seat 1: righty0130 ($7.45 in chips) 
Seat 3: NashvilleUp ($4 in chips) 
Seat 4: YBBUTT ($17.05 in chips) 
Seat 5: Alameda22 ($25.95 in chips) 
Seat 6: EREDAYHUSLIN ($21.40 in chips) 
Seat 7: wuschel289 ($29.80 in chips) 
Seat 8: joeyredsox ($25.45 in chips) 
YBBUTT: posts small blind $0.10
Alameda22: posts big blind $0.25
tommy2324: sits out 
Eliminator6: sits out 
*** HOLE CARDS ***
Dealt to Alameda22 [5d Jd]
EREDAYHUSLIN: folds 
wuschel289: folds 
joeyredsox: raises $0.50 to $0.75
righty0130: folds 
NashvilleUp: folds 
YBBUTT: folds 
Alameda22: folds 
Uncalled bet ($0.50) returned to joeyredsox
joeyredsox collected $0.60 from pot
joeyredsox: doesn't show hand 
*** SUMMARY ***
Total pot $0.60 | Rake $0 
Seat 1: righty0130 folded before Flop (didn't bet)
Seat 3: NashvilleUp (button) folded before Flop (didn't bet)
Seat 4: YBBUTT (small blind) folded before Flop
Seat 5: Alameda22 (big blind) folded before Flop
Seat 6: EREDAYHUSLIN folded before Flop (didn't bet)
Seat 7: wuschel289 folded before Flop (didn't bet)
Seat 8: joeyredsox collected ($0.60)



PokerStars Game #19572083724:  Hold'em No Limit ($0.10/$0.25) - 2008/08/12 - 20:04:34 (ET)
Table 'Titius' 9-max Seat #4 is the button
Seat 1: righty0130 ($7.45 in chips) 
Seat 3: NashvilleUp ($4 in chips) 
Seat 4: YBBUTT ($16.95 in chips) 
Seat 5: Alameda22 ($25.70 in chips) 
Seat 6: EREDAYHUSLIN ($21.40 in chips) 
Seat 7: wuschel289 ($29.80 in chips) 
Seat 8: joeyredsox ($25.80 in chips) 
Alameda22: posts small blind $0.10
EREDAYHUSLIN: posts big blind $0.25
tommy2324: sits out 
Eliminator6: sits out 
*** HOLE CARDS ***
Dealt to Alameda22 [9c 7h]
wuschel289: folds 
joeyredsox: folds 
righty0130: folds 
NashvilleUp: calls $0.25
YBBUTT: calls $0.25
Alameda22: folds 
EREDAYHUSLIN: checks 
*** FLOP *** [6d As Kh]
EREDAYHUSLIN: checks 
NashvilleUp: checks 
YBBUTT: checks 
*** TURN *** [6d As Kh] [5h]
EREDAYHUSLIN: checks 
NashvilleUp: bets $0.25
YBBUTT: calls $0.25
EREDAYHUSLIN: folds 
*** RIVER *** [6d As Kh 5h] [3h]
NashvilleUp: bets $0.50
YBBUTT: calls $0.50
*** SHOW DOWN ***
NashvilleUp: shows [8h Jh] (a flush, King high)
YBBUTT: mucks hand 
NashvilleUp collected $2.25 from pot
*** SUMMARY ***
Total pot $2.35 | Rake $0.10 
Board [6d As Kh 5h 3h]
Seat 1: righty0130 folded before Flop (didn't bet)
Seat 3: NashvilleUp showed [8h Jh] and won ($2.25) with a flush, King high
Seat 4: YBBUTT (button) mucked [Ks 6h]
Seat 5: Alameda22 (small blind) folded before Flop
Seat 6: EREDAYHUSLIN (big blind) folded on the Turn
Seat 7: wuschel289 folded before Flop (didn't bet)
Seat 8: joeyredsox folded before Flop (didn't bet)



PokerStars Game #19572111098:  Hold'em No Limit ($0.10/$0.25) - 2008/08/12 - 20:05:48 (ET)
Table 'Titius' 9-max Seat #5 is the button
Seat 1: righty0130 ($7.45 in chips) 
Seat 3: NashvilleUp ($5.25 in chips) 
Seat 4: YBBUTT ($15.95 in chips) 
Seat 5: Alameda22 ($25.60 in chips) 
Seat 6: EREDAYHUSLIN ($21.15 in chips) 
Seat 8: joeyredsox ($25.80 in chips) 
EREDAYHUSLIN: posts small blind $0.10
wuschel289: is sitting out 
wuschel289 leaves the table
joeyredsox: posts big blind $0.25
tommy2324: sits out 
Eliminator6: sits out 
*** HOLE CARDS ***
Dealt to Alameda22 [9h 9d]
mikewiz32 joins the table at seat #7 
righty0130: folds 
NashvilleUp: folds 
YBBUTT: calls $0.25
Alameda22: raises $0.75 to $1
EREDAYHUSLIN: folds 
joeyredsox: folds 
YBBUTT: calls $0.75
*** FLOP *** [7d Kd 6s]
YBBUTT: checks 
Alameda22: bets $1.50
YBBUTT: folds 
Uncalled bet ($1.50) returned to Alameda22
Alameda22 collected $2.25 from pot
Alameda22: doesn't show hand 
*** SUMMARY ***
Total pot $2.35 | Rake $0.10 
Board [7d Kd 6s]
Seat 1: righty0130 folded before Flop (didn't bet)
Seat 3: NashvilleUp folded before Flop (didn't bet)
Seat 4: YBBUTT folded on the Flop
Seat 5: Alameda22 (button) collected ($2.25)
Seat 6: EREDAYHUSLIN (small blind) folded before Flop
Seat 8: joeyredsox (big blind) folded before Flop



PokerStars Game #19572132300:  Hold'em No Limit ($0.10/$0.25) - 2008/08/12 - 20:06:44 (ET)
Table 'Titius' 9-max Seat #6 is the button
Seat 1: righty0130 ($7.45 in chips) 
Seat 3: NashvilleUp ($5.25 in chips) 
Seat 4: YBBUTT ($14.95 in chips) 
Seat 5: Alameda22 ($26.85 in chips) 
Seat 6: EREDAYHUSLIN ($21.05 in chips) 
Seat 8: joeyredsox ($25.55 in chips) 
Seat 9: tommy2324 ($5 in chips) 
mikewiz32 will be allowed to play after the button
joeyredsox: posts small blind $0.10
tommy2324: posts big blind $0.25
Eliminator6: sits out 
*** HOLE CARDS ***
Dealt to Alameda22 [Tc 9h]
righty0130: folds 
NashvilleUp: calls $0.25
YBBUTT: calls $0.25
Alameda22: folds 
EREDAYHUSLIN: folds 
joeyredsox: raises $1.25 to $1.50
tommy2324: folds 
NashvilleUp: folds 
YBBUTT: raises $4.75 to $6.25
YBBUTT said, "loooser"
joeyredsox: folds 
Uncalled bet ($4.75) returned to YBBUTT
tommy2324 leaves the table
YBBUTT collected $3.50 from pot
YBBUTT: doesn't show hand 
*** SUMMARY ***
Total pot $3.50 | Rake $0 
Seat 1: righty0130 folded before Flop (didn't bet)
Seat 3: NashvilleUp folded before Flop
Seat 4: YBBUTT collected ($3.50)
Seat 5: Alameda22 folded before Flop (didn't bet)
Seat 6: EREDAYHUSLIN (button) folded before Flop (didn't bet)
Seat 8: joeyredsox (small blind) folded before Flop
Seat 9: tommy2324 (big blind) folded before Flop



PokerStars Game #19572169205:  Hold'em No Limit ($0.10/$0.25) - 2008/08/12 - 20:08:22 (ET)
Table 'Titius' 9-max Seat #8 is the button
Seat 1: righty0130 ($7.45 in chips) 
Seat 2: Eliminator6 ($25 in chips) 
Seat 3: NashvilleUp ($5 in chips) 
Seat 4: YBBUTT ($16.95 in chips) 
Seat 5: Alameda22 ($26.85 in chips) 
Seat 6: EREDAYHUSLIN ($21.05 in chips) 
Seat 8: joeyredsox ($24.05 in chips) 
duckkilla247 joins the table at seat #9 
righty0130: posts small blind $0.10
Eliminator6: posts big blind $0.25
mikewiz32: sits out 
*** HOLE CARDS ***
Dealt to Alameda22 [9d 6d]
NashvilleUp: folds 
YBBUTT: raises $0.50 to $0.75
Alameda22: folds 
EREDAYHUSLIN: folds 
joeyredsox: folds 
righty0130: folds 
Eliminator6: folds 
Uncalled bet ($0.50) returned to YBBUTT
YBBUTT collected $0.60 from pot
YBBUTT: doesn't show hand 
*** SUMMARY ***
Total pot $0.60 | Rake $0 
Seat 1: righty0130 (small blind) folded before Flop
Seat 2: Eliminator6 (big blind) folded before Flop
Seat 3: NashvilleUp folded before Flop (didn't bet)
Seat 4: YBBUTT collected ($0.60)
Seat 5: Alameda22 folded before Flop (didn't bet)
Seat 6: EREDAYHUSLIN folded before Flop (didn't bet)
Seat 8: joeyredsox (button) folded before Flop (didn't bet)



PokerStars Game #19572185733:  Hold'em No Limit ($0.10/$0.25) - 2008/08/12 - 20:09:06 (ET)
Table 'Titius' 9-max Seat #1 is the button
Seat 1: righty0130 ($7.35 in chips) 
Seat 2: Eliminator6 ($24.75 in chips) 
Seat 3: NashvilleUp ($5 in chips) 
Seat 4: YBBUTT ($17.30 in chips) 
Seat 5: Alameda22 ($26.85 in chips) 
Seat 6: EREDAYHUSLIN ($21.05 in chips) 
Seat 8: joeyredsox ($24.05 in chips) 
Seat 9: duckkilla247 ($25 in chips) 
Eliminator6: posts small blind $0.10
NashvilleUp: posts big blind $0.25
mikewiz32: sits out 
duckkilla247: posts big blind $0.25
*** HOLE CARDS ***
Dealt to Alameda22 [Ad 2h]
YBBUTT: calls $0.25
Alameda22: folds 
EREDAYHUSLIN: folds 
joeyredsox: folds 
duckkilla247: checks 
righty0130: folds 
Eliminator6: folds 
NashvilleUp: checks 
*** FLOP *** [5c 6d 3s]
NashvilleUp: checks 
YBBUTT: checks 
duckkilla247: checks 
*** TURN *** [5c 6d 3s] [8d]
NashvilleUp: checks 
YBBUTT: bets $4.75
duckkilla247: folds 
NashvilleUp: folds 
Uncalled bet ($4.75) returned to YBBUTT
YBBUTT collected $0.85 from pot
YBBUTT: doesn't show hand 
*** SUMMARY ***
Total pot $0.85 | Rake $0 
Board [5c 6d 3s 8d]
Seat 1: righty0130 (button) folded before Flop (didn't bet)
Seat 2: Eliminator6 (small blind) folded before Flop
Seat 3: NashvilleUp (big blind) folded on the Turn
Seat 4: YBBUTT collected ($0.85)
Seat 5: Alameda22 folded before Flop (didn't bet)
Seat 6: EREDAYHUSLIN folded before Flop (didn't bet)
Seat 8: joeyredsox folded before Flop (didn't bet)
Seat 9: duckkilla247 folded on the Turn



PokerStars Game #19572206824:  Hold'em No Limit ($0.10/$0.25) - 2008/08/12 - 20:10:03 (ET)
Table 'Titius' 9-max Seat #2 is the button
Seat 1: righty0130 ($7.35 in chips) 
Seat 2: Eliminator6 ($24.65 in chips) 
Seat 3: NashvilleUp ($4.75 in chips) 
Seat 4: YBBUTT ($17.90 in chips) 
Seat 5: Alameda22 ($26.85 in chips) 
Seat 6: EREDAYHUSLIN ($21.05 in chips) 
Seat 8: joeyredsox ($24.05 in chips) 
Seat 9: duckkilla247 ($24.75 in chips) 
NashvilleUp: posts small blind $0.10
YBBUTT: posts big blind $0.25
mikewiz32 is disconnected 
mikewiz32 has timed out while disconnected
mikewiz32: is sitting out 
*** HOLE CARDS ***
Dealt to Alameda22 [6s 6d]
mikewiz32 is connected 
Alameda22: folds 
EREDAYHUSLIN: raises $0.75 to $1
joeyredsox: folds 
duckkilla247: folds 
righty0130: folds 
Eliminator6: folds 
NashvilleUp: folds 
YBBUTT: calls $0.75
*** FLOP *** [Ac Jh Kc]
YBBUTT: bets $3.25
EREDAYHUSLIN: folds 
Uncalled bet ($3.25) returned to YBBUTT
YBBUTT collected $2 from pot
YBBUTT: doesn't show hand 
*** SUMMARY ***
Total pot $2.10 | Rake $0.10 
Board [Ac Jh Kc]
Seat 1: righty0130 folded before Flop (didn't bet)
Seat 2: Eliminator6 (button) folded before Flop (didn't bet)
Seat 3: NashvilleUp (small blind) folded before Flop
Seat 4: YBBUTT (big blind) collected ($2)
Seat 5: Alameda22 folded before Flop (didn't bet)
Seat 6: EREDAYHUSLIN folded on the Flop
Seat 8: joeyredsox folded before Flop (didn't bet)
Seat 9: duckkilla247 folded before Flop (didn't bet)



