PokerStars Game #19952965915:  Hold'em No Limit ($0.10/$0.25) - 2008/08/27 - 22:53:30 (ET)
Table 'Renauxa' 9-max Seat #9 is the button
Seat 1: Spanklin ($24.25 in chips) 
Seat 2: omar_braves ($25.70 in chips) 
Seat 3: BestHand17 ($24 in chips) 
Seat 4: PokyDon ($25.50 in chips) 
Seat 5: Furiousss ($19.40 in chips) 
Seat 6: rafachevere ($33.75 in chips) 
Seat 7: erskine99 ($29.15 in chips) 
Seat 8: Alameda22 ($25 in chips) 
Seat 9: boyblue79 ($17.05 in chips) 
Spanklin: posts small blind $0.10
omar_braves: posts big blind $0.25
Alameda22: posts big blind $0.25
*** HOLE CARDS ***
Dealt to Alameda22 [Th 2s]
BestHand17: folds 
PokyDon: calls $0.25
Furiousss: folds 
rafachevere: calls $0.25
erskine99: calls $0.25
Alameda22: checks 
boyblue79: calls $0.25
Spanklin: folds 
omar_braves: checks 
*** FLOP *** [Td 8d 8s]
omar_braves: checks 
PokyDon: checks 
rafachevere: bets $1.10
erskine99: folds 
Alameda22: folds 
boyblue79: folds 
omar_braves: folds 
PokyDon: folds 
Uncalled bet ($1.10) returned to rafachevere
rafachevere collected $1.55 from pot
rafachevere: doesn't show hand 
*** SUMMARY ***
Total pot $1.60 | Rake $0.05 
Board [Td 8d 8s]
Seat 1: Spanklin (small blind) folded before Flop
Seat 2: omar_braves (big blind) folded on the Flop
Seat 3: BestHand17 folded before Flop (didn't bet)
Seat 4: PokyDon folded on the Flop
Seat 5: Furiousss folded before Flop (didn't bet)
Seat 6: rafachevere collected ($1.55)
Seat 7: erskine99 folded on the Flop
Seat 8: Alameda22 folded on the Flop
Seat 9: boyblue79 (button) folded on the Flop



PokerStars Game #19953004727:  Hold'em No Limit ($0.10/$0.25) - 2008/08/27 - 22:55:09 (ET)
Table 'Renauxa' 9-max Seat #1 is the button
Seat 1: Spanklin ($24.15 in chips) 
Seat 2: omar_braves ($25.45 in chips) 
Seat 3: BestHand17 ($24 in chips) 
Seat 4: PokyDon ($25.25 in chips) 
Seat 5: Furiousss ($19.40 in chips) 
Seat 6: rafachevere ($35.05 in chips) 
Seat 7: erskine99 ($28.90 in chips) 
Seat 8: Alameda22 ($24.75 in chips) 
Seat 9: boyblue79 ($16.80 in chips) 
omar_braves: posts small blind $0.10
BestHand17: posts big blind $0.25
*** HOLE CARDS ***
Dealt to Alameda22 [2d Kc]
PokyDon: calls $0.25
Furiousss: folds 
rafachevere: folds 
erskine99: raises $0.50 to $0.75
Alameda22: folds 
boyblue79: folds 
Spanklin: folds 
omar_braves: folds 
BestHand17: folds 
PokyDon: calls $0.50
*** FLOP *** [3c 8d 6h]
PokyDon: checks 
erskine99: checks 
*** TURN *** [3c 8d 6h] [7d]
PokyDon: bets $0.25
erskine99: calls $0.25
*** RIVER *** [3c 8d 6h 7d] [6s]
PokyDon: checks 
erskine99: checks 
*** SHOW DOWN ***
PokyDon: shows [Js Ad] (a pair of Sixes)
erskine99: shows [Qs Ac] (a pair of Sixes - Ace+Queen kicker)
erskine99 collected $2.25 from pot
*** SUMMARY ***
Total pot $2.35 | Rake $0.10 
Board [3c 8d 6h 7d 6s]
Seat 1: Spanklin (button) folded before Flop (didn't bet)
Seat 2: omar_braves (small blind) folded before Flop
Seat 3: BestHand17 (big blind) folded before Flop
Seat 4: PokyDon showed [Js Ad] and lost with a pair of Sixes
Seat 5: Furiousss folded before Flop (didn't bet)
Seat 6: rafachevere folded before Flop (didn't bet)
Seat 7: erskine99 showed [Qs Ac] and won ($2.25) with a pair of Sixes
Seat 8: Alameda22 folded before Flop (didn't bet)
Seat 9: boyblue79 folded before Flop (didn't bet)



PokerStars Game #19953029049:  Hold'em No Limit ($0.10/$0.25) - 2008/08/27 - 22:56:12 (ET)
Table 'Renauxa' 9-max Seat #2 is the button
Seat 1: Spanklin ($24.15 in chips) 
Seat 2: omar_braves ($25.35 in chips) 
Seat 3: BestHand17 ($23.75 in chips) 
Seat 4: PokyDon ($24.25 in chips) 
Seat 5: Furiousss ($19.40 in chips) 
Seat 6: rafachevere ($35.05 in chips) 
Seat 7: erskine99 ($30.15 in chips) 
Seat 8: Alameda22 ($24.75 in chips) 
Seat 9: boyblue79 ($16.80 in chips) 
BestHand17: posts small blind $0.10
PokyDon: posts big blind $0.25
*** HOLE CARDS ***
Dealt to Alameda22 [8s Js]
Furiousss: folds 
rafachevere: folds 
erskine99: calls $0.25
Alameda22: folds 
boyblue79: folds 
Spanklin: folds 
omar_braves: folds 
BestHand17: folds 
PokyDon: checks 
*** FLOP *** [Ks 5d 9s]
PokyDon: checks 
erskine99: checks 
*** TURN *** [Ks 5d 9s] [2s]
PokyDon: checks 
erskine99: checks 
*** RIVER *** [Ks 5d 9s 2s] [6h]
PokyDon: checks 
erskine99: checks 
*** SHOW DOWN ***
PokyDon: shows [Td 5s] (a pair of Fives)
erskine99: mucks hand 
PokyDon collected $0.60 from pot
*** SUMMARY ***
Total pot $0.60 | Rake $0 
Board [Ks 5d 9s 2s 6h]
Seat 1: Spanklin folded before Flop (didn't bet)
Seat 2: omar_braves (button) folded before Flop (didn't bet)
Seat 3: BestHand17 (small blind) folded before Flop
Seat 4: PokyDon (big blind) showed [Td 5s] and won ($0.60) with a pair of Fives
Seat 5: Furiousss folded before Flop (didn't bet)
Seat 6: rafachevere folded before Flop (didn't bet)
Seat 7: erskine99 mucked [Jh Tc]
Seat 8: Alameda22 folded before Flop (didn't bet)
Seat 9: boyblue79 folded before Flop (didn't bet)



PokerStars Game #19953052639:  Hold'em No Limit ($0.10/$0.25) - 2008/08/27 - 22:57:12 (ET)
Table 'Renauxa' 9-max Seat #3 is the button
Seat 1: Spanklin ($24.15 in chips) 
Seat 2: omar_braves ($25.35 in chips) 
Seat 3: BestHand17 ($25 in chips) 
Seat 4: PokyDon ($24.60 in chips) 
Seat 5: Furiousss ($19.40 in chips) 
Seat 6: rafachevere ($35.05 in chips) 
Seat 7: erskine99 ($29.90 in chips) 
Seat 8: Alameda22 ($24.75 in chips) 
Seat 9: boyblue79 ($16.80 in chips) 
PokyDon: posts small blind $0.10
Furiousss: posts big blind $0.25
*** HOLE CARDS ***
Dealt to Alameda22 [8s Qd]
rafachevere: folds 
erskine99: calls $0.25
Alameda22: folds 
boyblue79: folds 
Spanklin: folds 
omar_braves: folds 
BestHand17: folds 
PokyDon: calls $0.15
Furiousss: checks 
*** FLOP *** [Ts Js Kh]
PokyDon: checks 
Furiousss: checks 
erskine99: bets $0.25
PokyDon: folds 
Furiousss: folds 
Uncalled bet ($0.25) returned to erskine99
erskine99 collected $0.75 from pot
erskine99: doesn't show hand 
*** SUMMARY ***
Total pot $0.75 | Rake $0 
Board [Ts Js Kh]
Seat 1: Spanklin folded before Flop (didn't bet)
Seat 2: omar_braves folded before Flop (didn't bet)
Seat 3: BestHand17 (button) folded before Flop (didn't bet)
Seat 4: PokyDon (small blind) folded on the Flop
Seat 5: Furiousss (big blind) folded on the Flop
Seat 6: rafachevere folded before Flop (didn't bet)
Seat 7: erskine99 collected ($0.75)
Seat 8: Alameda22 folded before Flop (didn't bet)
Seat 9: boyblue79 folded before Flop (didn't bet)



PokerStars Game #19953070672:  Hold'em No Limit ($0.10/$0.25) - 2008/08/27 - 22:57:59 (ET)
Table 'Renauxa' 9-max Seat #4 is the button
Seat 1: Spanklin ($24.15 in chips) 
Seat 2: omar_braves ($25.35 in chips) 
Seat 3: BestHand17 ($25 in chips) 
Seat 4: PokyDon ($24.35 in chips) 
Seat 5: Furiousss ($19.15 in chips) 
Seat 6: rafachevere ($35.05 in chips) 
Seat 7: erskine99 ($30.40 in chips) 
Seat 8: Alameda22 ($24.75 in chips) 
Seat 9: boyblue79 ($16.80 in chips) 
Furiousss: posts small blind $0.10
rafachevere: posts big blind $0.25
*** HOLE CARDS ***
Dealt to Alameda22 [Ad 7s]
erskine99: calls $0.25
Alameda22: folds 
boyblue79: folds 
Spanklin: folds 
omar_braves: folds 
BestHand17: raises $1 to $1.25
PokyDon: folds 
Furiousss: folds 
rafachevere: folds 
erskine99: calls $1
*** FLOP *** [9c 5c Qd]
erskine99: checks 
BestHand17: bets $2
erskine99: folds 
Uncalled bet ($2) returned to BestHand17
BestHand17 collected $2.75 from pot
BestHand17: doesn't show hand 
*** SUMMARY ***
Total pot $2.85 | Rake $0.10 
Board [9c 5c Qd]
Seat 1: Spanklin folded before Flop (didn't bet)
Seat 2: omar_braves folded before Flop (didn't bet)
Seat 3: BestHand17 collected ($2.75)
Seat 4: PokyDon (button) folded before Flop (didn't bet)
Seat 5: Furiousss (small blind) folded before Flop
Seat 6: rafachevere (big blind) folded before Flop
Seat 7: erskine99 folded on the Flop
Seat 8: Alameda22 folded before Flop (didn't bet)
Seat 9: boyblue79 folded before Flop (didn't bet)



PokerStars Game #19953094212:  Hold'em No Limit ($0.10/$0.25) - 2008/08/27 - 22:59:00 (ET)
Table 'Renauxa' 9-max Seat #5 is the button
Seat 1: Spanklin ($24.15 in chips) 
Seat 2: omar_braves ($25.35 in chips) 
Seat 3: BestHand17 ($26.50 in chips) 
Seat 4: PokyDon ($24.35 in chips) 
Seat 5: Furiousss ($19.05 in chips) 
Seat 6: rafachevere ($34.80 in chips) 
Seat 7: erskine99 ($29.15 in chips) 
Seat 8: Alameda22 ($24.75 in chips) 
Seat 9: boyblue79 ($16.80 in chips) 
rafachevere: posts small blind $0.10
erskine99: posts big blind $0.25
*** HOLE CARDS ***
Dealt to Alameda22 [Qc Jc]
Alameda22: folds 
boyblue79: folds 
Spanklin: folds 
omar_braves: folds 
BestHand17: folds 
PokyDon: folds 
Furiousss: calls $0.25
rafachevere: calls $0.15
erskine99: raises $1.50 to $1.75
Furiousss: calls $1.50
rafachevere: folds 
*** FLOP *** [Qh 4h Tc]
erskine99: bets $2.75
Furiousss: folds 
Uncalled bet ($2.75) returned to erskine99
erskine99 collected $3.60 from pot
erskine99: shows [9c 2d] (high card Queen)
*** SUMMARY ***
Total pot $3.75 | Rake $0.15 
Board [Qh 4h Tc]
Seat 1: Spanklin folded before Flop (didn't bet)
Seat 2: omar_braves folded before Flop (didn't bet)
Seat 3: BestHand17 folded before Flop (didn't bet)
Seat 4: PokyDon folded before Flop (didn't bet)
Seat 5: Furiousss (button) folded on the Flop
Seat 6: rafachevere (small blind) folded before Flop
Seat 7: erskine99 (big blind) collected ($3.60)
Seat 8: Alameda22 folded before Flop (didn't bet)
Seat 9: boyblue79 folded before Flop (didn't bet)



PokerStars Game #19953122884:  Hold'em No Limit ($0.10/$0.25) - 2008/08/27 - 23:00:11 (ET)
Table 'Renauxa' 9-max Seat #6 is the button
Seat 1: Spanklin ($24.15 in chips) 
Seat 2: omar_braves ($25.35 in chips) 
Seat 3: BestHand17 ($26.50 in chips) 
Seat 4: PokyDon ($24.35 in chips) 
Seat 5: Furiousss ($17.30 in chips) 
Seat 6: rafachevere ($34.55 in chips) 
Seat 7: erskine99 ($31 in chips) 
Seat 8: Alameda22 ($24.75 in chips) 
Seat 9: boyblue79 ($16.80 in chips) 
erskine99: posts small blind $0.10
Alameda22: posts big blind $0.25
*** HOLE CARDS ***
Dealt to Alameda22 [6s 5d]
boyblue79: folds 
Spanklin: folds 
omar_braves: folds 
BestHand17: folds 
PokyDon: folds 
Furiousss: raises $0.75 to $1
rafachevere: folds 
erskine99: calls $0.90
Alameda22: folds 
*** FLOP *** [8h 6h 9s]
erskine99: checks 
Furiousss: bets $0.50
erskine99: calls $0.50
*** TURN *** [8h 6h 9s] [6d]
erskine99: checks 
Furiousss: bets $0.50
erskine99: calls $0.50
*** RIVER *** [8h 6h 9s 6d] [Js]
erskine99: checks 
Furiousss: bets $0.75
erskine99: folds 
Uncalled bet ($0.75) returned to Furiousss
Furiousss collected $4.05 from pot
*** SUMMARY ***
Total pot $4.25 | Rake $0.20 
Board [8h 6h 9s 6d Js]
Seat 1: Spanklin folded before Flop (didn't bet)
Seat 2: omar_braves folded before Flop (didn't bet)
Seat 3: BestHand17 folded before Flop (didn't bet)
Seat 4: PokyDon folded before Flop (didn't bet)
Seat 5: Furiousss collected ($4.05)
Seat 6: rafachevere (button) folded before Flop (didn't bet)
Seat 7: erskine99 (small blind) folded on the River
Seat 8: Alameda22 (big blind) folded before Flop
Seat 9: boyblue79 folded before Flop (didn't bet)



PokerStars Game #19953151429:  Hold'em No Limit ($0.10/$0.25) - 2008/08/27 - 23:01:23 (ET)
Table 'Renauxa' 9-max Seat #7 is the button
Seat 1: Spanklin ($24.15 in chips) 
Seat 2: omar_braves ($25.35 in chips) 
Seat 3: BestHand17 ($26.50 in chips) 
Seat 4: PokyDon ($24.35 in chips) 
Seat 5: Furiousss ($19.35 in chips) 
Seat 6: rafachevere ($34.55 in chips) 
Seat 7: erskine99 ($29 in chips) 
Seat 8: Alameda22 ($24.50 in chips) 
Seat 9: boyblue79 ($16.80 in chips) 
Alameda22: posts small blind $0.10
boyblue79: posts big blind $0.25
*** HOLE CARDS ***
Dealt to Alameda22 [Qs 2s]
Spanklin: folds 
omar_braves: folds 
BestHand17: folds 
PokyDon: folds 
Furiousss: calls $0.25
rafachevere: folds 
erskine99: calls $0.25
Alameda22: folds 
boyblue79: checks 
*** FLOP *** [Tc 5c 3d]
boyblue79: checks 
Furiousss: checks 
erskine99: bets $0.75
boyblue79: calls $0.75
Furiousss: folds 
*** TURN *** [Tc 5c 3d] [9s]
boyblue79: checks 
erskine99: checks 
*** RIVER *** [Tc 5c 3d 9s] [3s]
boyblue79: bets $1.50
erskine99: calls $1.50
*** SHOW DOWN ***
boyblue79: shows [5s 4s] (two pair, Fives and Threes)
erskine99: shows [Kd 5h] (two pair, Fives and Threes - King kicker)
erskine99 collected $5.10 from pot
erskine99 said, "ship it"
*** SUMMARY ***
Total pot $5.35 | Rake $0.25 
Board [Tc 5c 3d 9s 3s]
Seat 1: Spanklin folded before Flop (didn't bet)
Seat 2: omar_braves folded before Flop (didn't bet)
Seat 3: BestHand17 folded before Flop (didn't bet)
Seat 4: PokyDon folded before Flop (didn't bet)
Seat 5: Furiousss folded on the Flop
Seat 6: rafachevere folded before Flop (didn't bet)
Seat 7: erskine99 (button) showed [Kd 5h] and won ($5.10) with two pair, Fives and Threes
Seat 8: Alameda22 (small blind) folded before Flop
Seat 9: boyblue79 (big blind) showed [5s 4s] and lost with two pair, Fives and Threes



PokerStars Game #19953187900:  Hold'em No Limit ($0.10/$0.25) - 2008/08/27 - 23:02:55 (ET)
Table 'Renauxa' 9-max Seat #8 is the button
Seat 1: Spanklin ($24.15 in chips) 
Seat 2: omar_braves ($25.35 in chips) 
Seat 3: BestHand17 ($26.50 in chips) 
Seat 4: PokyDon ($24.35 in chips) 
Seat 5: Furiousss ($19.10 in chips) 
Seat 6: rafachevere ($34.55 in chips) 
Seat 7: erskine99 ($31.60 in chips) 
Seat 8: Alameda22 ($24.40 in chips) 
Seat 9: boyblue79 ($14.30 in chips) 
boyblue79: posts small blind $0.10
Spanklin: posts big blind $0.25
*** HOLE CARDS ***
Dealt to Alameda22 [3s 7s]
omar_braves: folds 
BestHand17: folds 
PokyDon: calls $0.25
Furiousss: folds 
rafachevere: folds 
erskine99: calls $0.25
Alameda22: folds 
boyblue79: raises $0.75 to $1
Spanklin: folds 
PokyDon: calls $0.75
erskine99: calls $0.75
*** FLOP *** [2c 7d Tc]
boyblue79: checks 
PokyDon: checks 
erskine99: checks 
*** TURN *** [2c 7d Tc] [9d]
boyblue79: bets $2.25
PokyDon: raises $21.10 to $23.35 and is all-in
erskine99: folds 
erskine99 leaves the table
boyblue79: folds 
Uncalled bet ($21.10) returned to PokyDon
PokyDon collected $7.40 from pot
PokyDon: doesn't show hand 
*** SUMMARY ***
Total pot $7.75 | Rake $0.35 
Board [2c 7d Tc 9d]
Seat 1: Spanklin (big blind) folded before Flop
Seat 2: omar_braves folded before Flop (didn't bet)
Seat 3: BestHand17 folded before Flop (didn't bet)
Seat 4: PokyDon collected ($7.40)
Seat 5: Furiousss folded before Flop (didn't bet)
Seat 6: rafachevere folded before Flop (didn't bet)
Seat 7: erskine99 folded on the Turn
Seat 8: Alameda22 (button) folded before Flop (didn't bet)
Seat 9: boyblue79 (small blind) folded on the Turn



PokerStars Game #19953222874:  Hold'em No Limit ($0.10/$0.25) - 2008/08/27 - 23:04:23 (ET)
Table 'Renauxa' 9-max Seat #9 is the button
Seat 1: Spanklin ($23.90 in chips) 
Seat 2: omar_braves ($25.35 in chips) 
Seat 3: BestHand17 ($26.50 in chips) 
Seat 4: PokyDon ($28.50 in chips) 
Seat 5: Furiousss ($19.10 in chips) 
Seat 6: rafachevere ($34.55 in chips) 
Seat 8: Alameda22 ($24.40 in chips) 
Seat 9: boyblue79 ($11.05 in chips) 
Spanklin: posts small blind $0.10
omar_braves: posts big blind $0.25
*** HOLE CARDS ***
Dealt to Alameda22 [Jh 3s]
BestHand17: folds 
PokyDon: folds 
Furiousss: folds 
rafachevere: folds 
Alameda22: folds 
boyblue79: raises $0.50 to $0.75
Spanklin: calls $0.65
omar_braves: folds 
*** FLOP *** [4d 7c 4c]
Spanklin: checks 
boyblue79: checks 
*** TURN *** [4d 7c 4c] [Qc]
Spanklin: checks 
boyblue79: bets $1
Spanklin: folds 
Uncalled bet ($1) returned to boyblue79
boyblue79 collected $1.70 from pot
boyblue79: doesn't show hand 
*** SUMMARY ***
Total pot $1.75 | Rake $0.05 
Board [4d 7c 4c Qc]
Seat 1: Spanklin (small blind) folded on the Turn
Seat 2: omar_braves (big blind) folded before Flop
Seat 3: BestHand17 folded before Flop (didn't bet)
Seat 4: PokyDon folded before Flop (didn't bet)
Seat 5: Furiousss folded before Flop (didn't bet)
Seat 6: rafachevere folded before Flop (didn't bet)
Seat 8: Alameda22 folded before Flop (didn't bet)
Seat 9: boyblue79 (button) collected ($1.70)



PokerStars Game #19953247867:  Hold'em No Limit ($0.10/$0.25) - 2008/08/27 - 23:05:26 (ET)
Table 'Renauxa' 9-max Seat #1 is the button
Seat 1: Spanklin ($23.15 in chips) 
Seat 2: omar_braves ($25.10 in chips) 
Seat 3: BestHand17 ($26.50 in chips) 
Seat 4: PokyDon ($28.50 in chips) 
Seat 5: Furiousss ($19.10 in chips) 
Seat 6: rafachevere ($34.55 in chips) 
Seat 8: Alameda22 ($24.40 in chips) 
Seat 9: boyblue79 ($12 in chips) 
omar_braves: posts small blind $0.10
BestHand17: posts big blind $0.25
*** HOLE CARDS ***
Dealt to Alameda22 [9s 7c]
PokyDon: folds 
Furiousss: raises $0.50 to $0.75
rafachevere: folds 
Alameda22: folds 
boyblue79: folds 
Spanklin: folds 
omar_braves: calls $0.65
BestHand17: folds 
*** FLOP *** [8c 5s Tc]
flashroyal83 joins the table at seat #7 
omar_braves: checks 
Furiousss: bets $0.75
omar_braves: folds 
Uncalled bet ($0.75) returned to Furiousss
Furiousss collected $1.70 from pot
Furiousss: doesn't show hand 
*** SUMMARY ***
Total pot $1.75 | Rake $0.05 
Board [8c 5s Tc]
Seat 1: Spanklin (button) folded before Flop (didn't bet)
Seat 2: omar_braves (small blind) folded on the Flop
Seat 3: BestHand17 (big blind) folded before Flop
Seat 4: PokyDon folded before Flop (didn't bet)
Seat 5: Furiousss collected ($1.70)
Seat 6: rafachevere folded before Flop (didn't bet)
Seat 8: Alameda22 folded before Flop (didn't bet)
Seat 9: boyblue79 folded before Flop (didn't bet)



PokerStars Game #19953273995:  Hold'em No Limit ($0.10/$0.25) - 2008/08/27 - 23:06:32 (ET)
Table 'Renauxa' 9-max Seat #2 is the button
Seat 1: Spanklin ($23.15 in chips) 
Seat 2: omar_braves ($24.35 in chips) 
Seat 3: BestHand17 ($26.25 in chips) 
Seat 5: Furiousss ($20.05 in chips) 
Seat 6: rafachevere ($34.55 in chips) 
Seat 8: Alameda22 ($24.40 in chips) 
Seat 9: boyblue79 ($12 in chips) 
BestHand17: posts small blind $0.10
PokyDon: is sitting out 
Furiousss: posts big blind $0.25
flashroyal83: sits out 
*** HOLE CARDS ***
Dealt to Alameda22 [4d 2d]
PokyDon leaves the table
rafachevere: folds 
Alameda22: folds 
boyblue79: folds 
Spanklin: calls $0.25
omar_braves: calls $0.25
BestHand17: folds 
Furiousss: raises $1.25 to $1.50
Spanklin: folds 
omar_braves: folds 
Uncalled bet ($1.25) returned to Furiousss
Furiousss collected $0.85 from pot
Furiousss: doesn't show hand 
*** SUMMARY ***
Total pot $0.85 | Rake $0 
Seat 1: Spanklin folded before Flop
Seat 2: omar_braves (button) folded before Flop
Seat 3: BestHand17 (small blind) folded before Flop
Seat 5: Furiousss (big blind) collected ($0.85)
Seat 6: rafachevere folded before Flop (didn't bet)
Seat 8: Alameda22 folded before Flop (didn't bet)
Seat 9: boyblue79 folded before Flop (didn't bet)



PokerStars Game #19953305592:  Hold'em No Limit ($0.10/$0.25) - 2008/08/27 - 23:07:52 (ET)
Table 'Renauxa' 9-max Seat #3 is the button
Seat 1: Spanklin ($25 in chips) 
Seat 2: omar_braves ($24.10 in chips) 
Seat 3: BestHand17 ($26.15 in chips) 
Seat 5: Furiousss ($20.65 in chips) 
Seat 6: rafachevere ($34.55 in chips) 
Seat 8: Alameda22 ($24.40 in chips) 
Seat 9: boyblue79 ($12 in chips) 
Furiousss: posts small blind $0.10
rafachevere: posts big blind $0.25
flashroyal83: sits out 
*** HOLE CARDS ***
Dealt to Alameda22 [Js 8d]
Alameda22: folds 
boyblue79: folds 
Spanklin: folds 
omar_braves: folds 
BestHand17: raises $0.75 to $1
Furiousss: folds 
rafachevere: folds 
Uncalled bet ($0.75) returned to BestHand17
BestHand17 collected $0.60 from pot
BestHand17: doesn't show hand 
*** SUMMARY ***
Total pot $0.60 | Rake $0 
Seat 1: Spanklin folded before Flop (didn't bet)
Seat 2: omar_braves folded before Flop (didn't bet)
Seat 3: BestHand17 (button) collected ($0.60)
Seat 5: Furiousss (small blind) folded before Flop
Seat 6: rafachevere (big blind) folded before Flop
Seat 8: Alameda22 folded before Flop (didn't bet)
Seat 9: boyblue79 folded before Flop (didn't bet)



PokerStars Game #19953324314:  Hold'em No Limit ($0.10/$0.25) - 2008/08/27 - 23:08:40 (ET)
Table 'Renauxa' 9-max Seat #5 is the button
Seat 1: Spanklin ($25 in chips) 
Seat 2: omar_braves ($24.10 in chips) 
Seat 3: BestHand17 ($26.50 in chips) 
Seat 5: Furiousss ($20.55 in chips) 
Seat 6: rafachevere ($34.30 in chips) 
Seat 7: flashroyal83 ($15 in chips) 
Seat 8: Alameda22 ($24.40 in chips) 
Seat 9: boyblue79 ($12 in chips) 
rafachevere: posts small blind $0.10
flashroyal83: posts big blind $0.25
*** HOLE CARDS ***
Dealt to Alameda22 [Td 3c]
Alameda22: folds 
boyblue79: folds 
Spanklin: folds 
omar_braves: folds 
BestHand17: folds 
Furiousss: raises $0.50 to $0.75
rafachevere: folds 
flashroyal83: folds 
Uncalled bet ($0.50) returned to Furiousss
Furiousss collected $0.60 from pot
*** SUMMARY ***
Total pot $0.60 | Rake $0 
Seat 1: Spanklin folded before Flop (didn't bet)
Seat 2: omar_braves folded before Flop (didn't bet)
Seat 3: BestHand17 folded before Flop (didn't bet)
Seat 5: Furiousss (button) collected ($0.60)
Seat 6: rafachevere (small blind) folded before Flop
Seat 7: flashroyal83 (big blind) folded before Flop
Seat 8: Alameda22 folded before Flop (didn't bet)
Seat 9: boyblue79 folded before Flop (didn't bet)



PokerStars Game #19953338763:  Hold'em No Limit ($0.10/$0.25) - 2008/08/27 - 23:09:17 (ET)
Table 'Renauxa' 9-max Seat #6 is the button
Seat 1: Spanklin ($25 in chips) 
Seat 2: omar_braves ($24.10 in chips) 
Seat 3: BestHand17 ($26.50 in chips) 
Seat 5: Furiousss ($20.90 in chips) 
Seat 6: rafachevere ($34.20 in chips) 
Seat 7: flashroyal83 ($14.75 in chips) 
Seat 8: Alameda22 ($24.40 in chips) 
Seat 9: boyblue79 ($12 in chips) 
flashroyal83: posts small blind $0.10
Alameda22: posts big blind $0.25
*** HOLE CARDS ***
Dealt to Alameda22 [7s Td]
boyblue79: folds 
Spanklin: calls $0.25
omar_braves: folds 
boyblue79 leaves the table
BestHand17: raises $1 to $1.25
Furiousss: folds 
rafachevere: folds 
Sick M joins the table at seat #4 
flashroyal83: folds 
Alameda22: folds 
Spanklin: folds 
Uncalled bet ($1) returned to BestHand17
BestHand17 collected $0.85 from pot
BestHand17: doesn't show hand 
*** SUMMARY ***
Total pot $0.85 | Rake $0 
Seat 1: Spanklin folded before Flop
Seat 2: omar_braves folded before Flop (didn't bet)
Seat 3: BestHand17 collected ($0.85)
Seat 5: Furiousss folded before Flop (didn't bet)
Seat 6: rafachevere (button) folded before Flop (didn't bet)
Seat 7: flashroyal83 (small blind) folded before Flop
Seat 8: Alameda22 (big blind) folded before Flop
Seat 9: boyblue79 folded before Flop (didn't bet)



PokerStars Game #19953365081:  Hold'em No Limit ($0.10/$0.25) - 2008/08/27 - 23:10:26 (ET)
Table 'Renauxa' 9-max Seat #7 is the button
Seat 1: Spanklin ($24.75 in chips) 
Seat 2: omar_braves ($24.10 in chips) 
Seat 3: BestHand17 ($27.10 in chips) 
Seat 5: Furiousss ($20.90 in chips) 
Seat 6: rafachevere ($34.20 in chips) 
Seat 7: flashroyal83 ($14.65 in chips) 
Seat 8: Alameda22 ($24.15 in chips) 
Alameda22: posts small blind $0.10
Spanklin: posts big blind $0.25
Sick M: sits out 
*** HOLE CARDS ***
Dealt to Alameda22 [3c Jh]
omar_braves: folds 
BestHand17: folds 
Furiousss: folds 
rafachevere: folds 
flashroyal83: calls $0.25
Alameda22: folds 
Spanklin: checks 
*** FLOP *** [Th 7s 8h]
Spanklin: checks 
flashroyal83: bets $0.50
Spanklin: calls $0.50
*** TURN *** [Th 7s 8h] [Ks]
Spanklin: checks 
flashroyal83: bets $1
Spanklin: calls $1
*** RIVER *** [Th 7s 8h Ks] [Kc]
Spanklin: checks 
flashroyal83: bets $2.25
Spanklin: calls $2.25
*** SHOW DOWN ***
flashroyal83: shows [8d 8s] (a full house, Eights full of Kings)
Spanklin: mucks hand 
flashroyal83 collected $7.75 from pot
*** SUMMARY ***
Total pot $8.10 | Rake $0.35 
Board [Th 7s 8h Ks Kc]
Seat 1: Spanklin (big blind) mucked [Ah Ts]
Seat 2: omar_braves folded before Flop (didn't bet)
Seat 3: BestHand17 folded before Flop (didn't bet)
Seat 5: Furiousss folded before Flop (didn't bet)
Seat 6: rafachevere folded before Flop (didn't bet)
Seat 7: flashroyal83 (button) showed [8d 8s] and won ($7.75) with a full house, Eights full of Kings
Seat 8: Alameda22 (small blind) folded before Flop



PokerStars Game #19953391082:  Hold'em No Limit ($0.10/$0.25) - 2008/08/27 - 23:11:34 (ET)
Table 'Renauxa' 9-max Seat #8 is the button
Seat 1: Spanklin ($20.75 in chips) 
Seat 2: omar_braves ($24.10 in chips) 
Seat 3: BestHand17 ($27.10 in chips) 
Seat 5: Furiousss ($20.90 in chips) 
Seat 6: rafachevere ($34.20 in chips) 
Seat 7: flashroyal83 ($18.40 in chips) 
Seat 8: Alameda22 ($24.05 in chips) 
Spanklin: posts small blind $0.10
omar_braves: posts big blind $0.25
Sick M: sits out 
*** HOLE CARDS ***
Dealt to Alameda22 [Kc 9h]
Spanklin said, "lmao"
Spanklin said, "look what i found"
yjqian23 joins the table at seat #9 
BestHand17: raises $0.75 to $1
Furiousss: folds 
rafachevere: folds 
flashroyal83: folds 
Alameda22: folds 
Spanklin: folds 
omar_braves: folds 
Uncalled bet ($0.75) returned to BestHand17
BestHand17 collected $0.60 from pot
BestHand17: doesn't show hand 
*** SUMMARY ***
Total pot $0.60 | Rake $0 
Seat 1: Spanklin (small blind) folded before Flop
Seat 2: omar_braves (big blind) folded before Flop
Seat 3: BestHand17 collected ($0.60)
Seat 5: Furiousss folded before Flop (didn't bet)
Seat 6: rafachevere folded before Flop (didn't bet)
Seat 7: flashroyal83 folded before Flop (didn't bet)
Seat 8: Alameda22 (button) folded before Flop (didn't bet)



PokerStars Game #19953406281:  Hold'em No Limit ($0.10/$0.25) - 2008/08/27 - 23:12:14 (ET)
Table 'Renauxa' 9-max Seat #1 is the button
Seat 1: Spanklin ($20.65 in chips) 
Seat 2: omar_braves ($23.85 in chips) 
Seat 3: BestHand17 ($27.45 in chips) 
Seat 5: Furiousss ($20.90 in chips) 
Seat 6: rafachevere ($34.20 in chips) 
Seat 7: flashroyal83 ($18.40 in chips) 
Seat 8: Alameda22 ($24.05 in chips) 
omar_braves: posts small blind $0.10
BestHand17: posts big blind $0.25
Sick M: sits out 
yjqian23: sits out 
*** HOLE CARDS ***
Dealt to Alameda22 [5s Jc]
Furiousss: folds 
rafachevere: folds 
flashroyal83: calls $0.25
Alameda22: folds 
Spanklin: folds 
omar_braves: folds 
BestHand17: checks 
*** FLOP *** [9h 9s 2s]
BestHand17: checks 
flashroyal83: checks 
*** TURN *** [9h 9s 2s] [4c]
BestHand17: checks 
flashroyal83: checks 
*** RIVER *** [9h 9s 2s 4c] [9c]
BestHand17: checks 
flashroyal83: checks 
*** SHOW DOWN ***
BestHand17: shows [6h 2d] (a full house, Nines full of Deuces)
flashroyal83: mucks hand 
BestHand17 collected $0.60 from pot
*** SUMMARY ***
Total pot $0.60 | Rake $0 
Board [9h 9s 2s 4c 9c]
Seat 1: Spanklin (button) folded before Flop (didn't bet)
Seat 2: omar_braves (small blind) folded before Flop
Seat 3: BestHand17 (big blind) showed [6h 2d] and won ($0.60) with a full house, Nines full of Deuces
Seat 5: Furiousss folded before Flop (didn't bet)
Seat 6: rafachevere folded before Flop (didn't bet)
Seat 7: flashroyal83 mucked [Js Qs]
Seat 8: Alameda22 folded before Flop (didn't bet)



PokerStars Game #19953426226:  Hold'em No Limit ($0.10/$0.25) - 2008/08/27 - 23:13:06 (ET)
Table 'Renauxa' 9-max Seat #2 is the button
Seat 1: Spanklin ($20.65 in chips) 
Seat 2: omar_braves ($23.75 in chips) 
Seat 3: BestHand17 ($27.80 in chips) 
Seat 4: Sick M ($25 in chips) 
Seat 5: Furiousss ($20.90 in chips) 
Seat 6: rafachevere ($34.20 in chips) 
Seat 7: flashroyal83 ($18.15 in chips) 
Seat 8: Alameda22 ($24.05 in chips) 
BestHand17: posts small blind $0.10
Sick M: posts big blind $0.25
yjqian23: sits out 
*** HOLE CARDS ***
Dealt to Alameda22 [9s 4h]
Furiousss: folds 
rafachevere: folds 
flashroyal83: folds 
Alameda22: folds 
Spanklin: raises $0.50 to $0.75
omar_braves: calls $0.75
BestHand17: folds 
Sick M: folds 
*** FLOP *** [3d 4s Qd]
Spanklin: bets $1
omar_braves: calls $1
*** TURN *** [3d 4s Qd] [5s]
Spanklin: bets $1.50
omar_braves: calls $1.50
*** RIVER *** [3d 4s Qd 5s] [Ah]
BestHand17 is sitting out
Spanklin: bets $1.75
omar_braves: folds 
Uncalled bet ($1.75) returned to Spanklin
Spanklin collected $6.55 from pot
Spanklin: doesn't show hand 
*** SUMMARY ***
Total pot $6.85 | Rake $0.30 
Board [3d 4s Qd 5s Ah]
Seat 1: Spanklin collected ($6.55)
Seat 2: omar_braves (button) folded on the River
Seat 3: BestHand17 (small blind) folded before Flop
Seat 4: Sick M (big blind) folded before Flop
Seat 5: Furiousss folded before Flop (didn't bet)
Seat 6: rafachevere folded before Flop (didn't bet)
Seat 7: flashroyal83 folded before Flop (didn't bet)
Seat 8: Alameda22 folded before Flop (didn't bet)



PokerStars Game #19953462548:  Hold'em No Limit ($0.10/$0.25) - 2008/08/27 - 23:14:38 (ET)
Table 'Renauxa' 9-max Seat #4 is the button
Seat 1: Spanklin ($23.95 in chips) 
Seat 2: omar_braves ($25 in chips) 
Seat 4: Sick M ($24.75 in chips) 
Seat 5: Furiousss ($20.90 in chips) 
Seat 6: rafachevere ($34.20 in chips) 
Seat 7: flashroyal83 ($18.15 in chips) 
Seat 8: Alameda22 ($24.05 in chips) 
Furiousss: posts small blind $0.10
rafachevere: posts big blind $0.25
yjqian23: sits out 
*** HOLE CARDS ***
Dealt to Alameda22 [5c 8c]
flashroyal83: folds 
Alameda22: folds 
Spanklin: folds 
omar_braves: folds 
Sick M: folds 
Furiousss: calls $0.15
rafachevere: checks 
*** FLOP *** [Jc 8s Ah]
Furiousss: checks 
rafachevere: checks 
*** TURN *** [Jc 8s Ah] [Th]
Furiousss: checks 
rafachevere: bets $0.70
Furiousss: calls $0.70
*** RIVER *** [Jc 8s Ah Th] [Qc]
Furiousss: bets $0.75
rafachevere: calls $0.75
*** SHOW DOWN ***
Furiousss: shows [Kh 5h] (a straight, Ten to Ace)
rafachevere: mucks hand 
Furiousss collected $3.25 from pot
*** SUMMARY ***
Total pot $3.40 | Rake $0.15 
Board [Jc 8s Ah Th Qc]
Seat 1: Spanklin folded before Flop (didn't bet)
Seat 2: omar_braves folded before Flop (didn't bet)
Seat 4: Sick M (button) folded before Flop (didn't bet)
Seat 5: Furiousss (small blind) showed [Kh 5h] and won ($3.25) with a straight, Ten to Ace
Seat 6: rafachevere (big blind) mucked [7s 9s]
Seat 7: flashroyal83 folded before Flop (didn't bet)
Seat 8: Alameda22 folded before Flop (didn't bet)



PokerStars Game #19953507955:  Hold'em No Limit ($0.10/$0.25) - 2008/08/27 - 23:16:24 (ET)
Table 'Renauxa' 9-max Seat #5 is the button
Seat 1: Spanklin ($23.95 in chips) 
Seat 2: omar_braves ($25 in chips) 
Seat 4: Sick M ($24.75 in chips) 
Seat 5: Furiousss ($22.45 in chips) 
Seat 6: rafachevere ($32.50 in chips) 
Seat 7: flashroyal83 ($18.15 in chips) 
Seat 8: Alameda22 ($24.05 in chips) 
rafachevere: posts small blind $0.10
flashroyal83: posts big blind $0.25
yjqian23: sits out 
*** HOLE CARDS ***
Dealt to Alameda22 [9s 8h]
BestHand17 leaves the table
Alameda22: folds 
Spanklin: calls $0.25
omar_braves: folds 
Sick M has timed out
Sick M: folds 
Sick M is sitting out
Furiousss: folds 
rafachevere: calls $0.15
flashroyal83: checks 
*** FLOP *** [Jc 2d Tc]
rafachevere: checks 
flashroyal83: checks 
Spanklin: bets $0.50
rafachevere: folds 
flashroyal83: calls $0.50
*** TURN *** [Jc 2d Tc] [4c]
flashroyal83: checks 
Spanklin: checks 
*** RIVER *** [Jc 2d Tc 4c] [7h]
flashroyal83: bets $0.75
Spanklin: calls $0.75
*** SHOW DOWN ***
flashroyal83: shows [Qc 6c] (a flush, Queen high)
Spanklin: mucks hand 
flashroyal83 collected $3.10 from pot
*** SUMMARY ***
Total pot $3.25 | Rake $0.15 
Board [Jc 2d Tc 4c 7h]
Seat 1: Spanklin mucked [Ac Jd]
Seat 2: omar_braves folded before Flop (didn't bet)
Seat 4: Sick M folded before Flop (didn't bet)
Seat 5: Furiousss (button) folded before Flop (didn't bet)
Seat 6: rafachevere (small blind) folded on the Flop
Seat 7: flashroyal83 (big blind) showed [Qc 6c] and won ($3.10) with a flush, Queen high
Seat 8: Alameda22 folded before Flop (didn't bet)



PokerStars Game #19953558801:  Hold'em No Limit ($0.10/$0.25) - 2008/08/27 - 23:18:23 (ET)
Table 'Renauxa' 9-max Seat #6 is the button
Seat 1: Spanklin ($22.45 in chips) 
Seat 2: omar_braves ($25 in chips) 
Seat 5: Furiousss ($22.45 in chips) 
Seat 6: rafachevere ($32.25 in chips) 
Seat 7: flashroyal83 ($19.75 in chips) 
Seat 8: Alameda22 ($24.05 in chips) 
flashroyal83: posts small blind $0.10
Alameda22: posts big blind $0.25
yjqian23: sits out 
*** HOLE CARDS ***
Dealt to Alameda22 [Qs 3c]
Spanklin said, "lol....u s u c k"
Spanklin: folds 
omar_braves: folds 
Furiousss: folds 
rafachevere: calls $0.25
flashroyal83: calls $0.15
Alameda22: checks 
*** FLOP *** [Jc 6c 9h]
flashroyal83: checks 
Alameda22: checks 
rafachevere: bets $0.85
flashroyal83: folds 
Alameda22: folds 
Uncalled bet ($0.85) returned to rafachevere
rafachevere collected $0.75 from pot
rafachevere: doesn't show hand 
*** SUMMARY ***
Total pot $0.75 | Rake $0 
Board [Jc 6c 9h]
Seat 1: Spanklin folded before Flop (didn't bet)
Seat 2: omar_braves folded before Flop (didn't bet)
Seat 5: Furiousss folded before Flop (didn't bet)
Seat 6: rafachevere (button) collected ($0.75)
Seat 7: flashroyal83 (small blind) folded on the Flop
Seat 8: Alameda22 (big blind) folded on the Flop



PokerStars Game #19953588266:  Hold'em No Limit ($0.10/$0.25) - 2008/08/27 - 23:19:34 (ET)
Table 'Renauxa' 9-max Seat #7 is the button
Seat 1: Spanklin ($22.45 in chips) 
Seat 2: omar_braves ($25 in chips) 
Seat 5: Furiousss ($22.45 in chips) 
Seat 6: rafachevere ($32.75 in chips) 
Seat 7: flashroyal83 ($19.50 in chips) 
Seat 8: Alameda22 ($23.80 in chips) 
Seat 9: yjqian23 ($25 in chips) 
Alameda22: posts small blind $0.10
yjqian23: posts big blind $0.25
*** HOLE CARDS ***
Dealt to Alameda22 [4c Qs]
Spanklin: folds 
omar_braves: calls $0.25
Furiousss: folds 
rafachevere: folds 
flashroyal83: folds 
Alameda22: folds 
yjqian23: checks 
*** FLOP *** [9c Th 5d]
yjqian23: bets $0.50
omar_braves: calls $0.50
*** TURN *** [9c Th 5d] [7c]
yjqian23: checks 
omar_braves: checks 
*** RIVER *** [9c Th 5d 7c] [7d]
yjqian23: checks 
omar_braves: checks 
*** SHOW DOWN ***
yjqian23: shows [2h 9d] (two pair, Nines and Sevens)
omar_braves: shows [8s 9s] (two pair, Nines and Sevens)
yjqian23 collected $0.80 from pot
omar_braves collected $0.75 from pot
weepeel joins the table at seat #3 
*** SUMMARY ***
Total pot $1.60 | Rake $0.05 
Board [9c Th 5d 7c 7d]
Seat 1: Spanklin folded before Flop (didn't bet)
Seat 2: omar_braves showed [8s 9s] and won ($0.75) with two pair, Nines and Sevens
Seat 5: Furiousss folded before Flop (didn't bet)
Seat 6: rafachevere folded before Flop (didn't bet)
Seat 7: flashroyal83 (button) folded before Flop (didn't bet)
Seat 8: Alameda22 (small blind) folded before Flop
Seat 9: yjqian23 (big blind) showed [2h 9d] and won ($0.80) with two pair, Nines and Sevens



PokerStars Game #19953631609:  Hold'em No Limit ($0.10/$0.25) - 2008/08/27 - 23:21:19 (ET)
Table 'Renauxa' 9-max Seat #8 is the button
Seat 1: Spanklin ($22.45 in chips) 
Seat 2: omar_braves ($25 in chips) 
Seat 5: Furiousss ($22.45 in chips) 
Seat 6: rafachevere ($32.75 in chips) 
Seat 7: flashroyal83 ($19.50 in chips) 
Seat 8: Alameda22 ($23.70 in chips) 
Seat 9: yjqian23 ($25.05 in chips) 
yjqian23: posts small blind $0.10
Spanklin: posts big blind $0.25
weepeel: sits out 
*** HOLE CARDS ***
Dealt to Alameda22 [5h 8d]
omar_braves: folds 
Furiousss: folds 
rafachevere: folds 
flashroyal83: raises $0.50 to $0.75
Alameda22: folds 
yjqian23: folds 
Spanklin: folds 
Uncalled bet ($0.50) returned to flashroyal83
flashroyal83 collected $0.60 from pot
*** SUMMARY ***
Total pot $0.60 | Rake $0 
Seat 1: Spanklin (big blind) folded before Flop
Seat 2: omar_braves folded before Flop (didn't bet)
Seat 5: Furiousss folded before Flop (didn't bet)
Seat 6: rafachevere folded before Flop (didn't bet)
Seat 7: flashroyal83 collected ($0.60)
Seat 8: Alameda22 (button) folded before Flop (didn't bet)
Seat 9: yjqian23 (small blind) folded before Flop



PokerStars Game #19953652515:  Hold'em No Limit ($0.10/$0.25) - 2008/08/27 - 23:22:09 (ET)
Table 'Renauxa' 9-max Seat #9 is the button
Seat 1: Spanklin ($22.20 in chips) 
Seat 2: omar_braves ($25 in chips) 
Seat 5: Furiousss ($22.45 in chips) 
Seat 6: rafachevere ($32.75 in chips) 
Seat 7: flashroyal83 ($19.85 in chips) 
Seat 8: Alameda22 ($23.70 in chips) 
Seat 9: yjqian23 ($24.95 in chips) 
Spanklin: posts small blind $0.10
omar_braves: posts big blind $0.25
weepeel: sits out 
*** HOLE CARDS ***
Dealt to Alameda22 [7h Td]
Furiousss: raises $0.75 to $1
rafachevere: folds 
flashroyal83: folds 
Alameda22: folds 
yjqian23: folds 
Spanklin: folds 
omar_braves: folds 
Uncalled bet ($0.75) returned to Furiousss
Furiousss collected $0.60 from pot
Furiousss: doesn't show hand 
*** SUMMARY ***
Total pot $0.60 | Rake $0 
Seat 1: Spanklin (small blind) folded before Flop
Seat 2: omar_braves (big blind) folded before Flop
Seat 5: Furiousss collected ($0.60)
Seat 6: rafachevere folded before Flop (didn't bet)
Seat 7: flashroyal83 folded before Flop (didn't bet)
Seat 8: Alameda22 folded before Flop (didn't bet)
Seat 9: yjqian23 (button) folded before Flop (didn't bet)



PokerStars Game #19953669831:  Hold'em No Limit ($0.10/$0.25) - 2008/08/27 - 23:22:52 (ET)
Table 'Renauxa' 9-max Seat #1 is the button
Seat 1: Spanklin ($22.10 in chips) 
Seat 2: omar_braves ($24.75 in chips) 
Seat 3: weepeel ($25 in chips) 
Seat 5: Furiousss ($22.80 in chips) 
Seat 6: rafachevere ($32.75 in chips) 
Seat 7: flashroyal83 ($19.85 in chips) 
Seat 8: Alameda22 ($23.70 in chips) 
Seat 9: yjqian23 ($24.95 in chips) 
omar_braves: posts small blind $0.10
weepeel: posts big blind $0.25
*** HOLE CARDS ***
Dealt to Alameda22 [4c 6d]
Furiousss: folds 
rafachevere: folds 
flashroyal83: folds 
Alameda22: folds 
yjqian23: folds 
Spanklin: folds 
omar_braves: calls $0.15
weepeel: raises $0.75 to $1
omar_braves: folds 
Uncalled bet ($0.75) returned to weepeel
weepeel collected $0.50 from pot
weepeel: doesn't show hand 
*** SUMMARY ***
Total pot $0.50 | Rake $0 
Seat 1: Spanklin (button) folded before Flop (didn't bet)
Seat 2: omar_braves (small blind) folded before Flop
Seat 3: weepeel (big blind) collected ($0.50)
Seat 5: Furiousss folded before Flop (didn't bet)
Seat 6: rafachevere folded before Flop (didn't bet)
Seat 7: flashroyal83 folded before Flop (didn't bet)
Seat 8: Alameda22 folded before Flop (didn't bet)
Seat 9: yjqian23 folded before Flop (didn't bet)



PokerStars Game #19953689465:  Hold'em No Limit ($0.10/$0.25) - 2008/08/27 - 23:23:40 (ET)
Table 'Renauxa' 9-max Seat #2 is the button
Seat 1: Spanklin ($22.10 in chips) 
Seat 2: omar_braves ($24.50 in chips) 
Seat 3: weepeel ($25.25 in chips) 
Seat 5: Furiousss ($22.80 in chips) 
Seat 6: rafachevere ($32.75 in chips) 
Seat 7: flashroyal83 ($19.85 in chips) 
Seat 8: Alameda22 ($23.70 in chips) 
Seat 9: yjqian23 ($24.95 in chips) 
weepeel: posts small blind $0.10
Furiousss: posts big blind $0.25
*** HOLE CARDS ***
Dealt to Alameda22 [2d Ts]
rafachevere: folds 
flashroyal83: folds 
Alameda22: folds 
yjqian23: folds 
Spanklin: folds 
omar_braves: folds 
weepeel: calls $0.15
Furiousss: checks 
*** FLOP *** [Th Ad Ac]
weepeel: checks 
Furiousss: checks 
*** TURN *** [Th Ad Ac] [Qh]
weepeel: checks 
Furiousss: checks 
*** RIVER *** [Th Ad Ac Qh] [9s]
weepeel: checks 
Furiousss: bets $0.25
weepeel: calls $0.25
*** SHOW DOWN ***
Furiousss: shows [As 7h] (three of a kind, Aces)
weepeel: mucks hand 
Furiousss collected $0.95 from pot
*** SUMMARY ***
Total pot $1 | Rake $0.05 
Board [Th Ad Ac Qh 9s]
Seat 1: Spanklin folded before Flop (didn't bet)
Seat 2: omar_braves (button) folded before Flop (didn't bet)
Seat 3: weepeel (small blind) mucked [9c Jh]
Seat 5: Furiousss (big blind) showed [As 7h] and won ($0.95) with three of a kind, Aces
Seat 6: rafachevere folded before Flop (didn't bet)
Seat 7: flashroyal83 folded before Flop (didn't bet)
Seat 8: Alameda22 folded before Flop (didn't bet)
Seat 9: yjqian23 folded before Flop (didn't bet)



PokerStars Game #19953714911:  Hold'em No Limit ($0.10/$0.25) - 2008/08/27 - 23:24:43 (ET)
Table 'Renauxa' 9-max Seat #3 is the button
Seat 1: Spanklin ($22.10 in chips) 
Seat 2: omar_braves ($24.50 in chips) 
Seat 3: weepeel ($24.75 in chips) 
Seat 5: Furiousss ($23.25 in chips) 
Seat 6: rafachevere ($32.75 in chips) 
Seat 7: flashroyal83 ($19.85 in chips) 
Seat 8: Alameda22 ($23.70 in chips) 
Seat 9: yjqian23 ($24.95 in chips) 
Furiousss: posts small blind $0.10
rafachevere: posts big blind $0.25
*** HOLE CARDS ***
Dealt to Alameda22 [8d Ah]
flashroyal83: folds 
Alameda22: folds 
yjqian23: folds 
Spanklin: folds 
Spanklin leaves the table
omar_braves: folds 
weepeel: raises $0.75 to $1
Furiousss: folds 
rafachevere: folds 
Uncalled bet ($0.75) returned to weepeel
weepeel collected $0.60 from pot
weepeel: doesn't show hand 
*** SUMMARY ***
Total pot $0.60 | Rake $0 
Seat 1: Spanklin folded before Flop (didn't bet)
Seat 2: omar_braves folded before Flop (didn't bet)
Seat 3: weepeel (button) collected ($0.60)
Seat 5: Furiousss (small blind) folded before Flop
Seat 6: rafachevere (big blind) folded before Flop
Seat 7: flashroyal83 folded before Flop (didn't bet)
Seat 8: Alameda22 folded before Flop (didn't bet)
Seat 9: yjqian23 folded before Flop (didn't bet)



PokerStars Game #19953727312:  Hold'em No Limit ($0.10/$0.25) - 2008/08/27 - 23:25:15 (ET)
Table 'Renauxa' 9-max Seat #5 is the button
Seat 2: omar_braves ($24.50 in chips) 
Seat 3: weepeel ($25.10 in chips) 
Seat 5: Furiousss ($23.15 in chips) 
Seat 6: rafachevere ($32.50 in chips) 
Seat 7: flashroyal83 ($19.85 in chips) 
Seat 8: Alameda22 ($23.70 in chips) 
Seat 9: yjqian23 ($24.95 in chips) 
rafachevere: posts small blind $0.10
flashroyal83: posts big blind $0.25
*** HOLE CARDS ***
Dealt to Alameda22 [Jd 2c]
Alameda22: folds 
yjqian23: folds 
omar_braves: folds 
weepeel: folds 
Furiousss: folds 
rafachevere: raises $0.75 to $1
flashroyal83: folds 
Uncalled bet ($0.75) returned to rafachevere
rafachevere collected $0.50 from pot
rafachevere: doesn't show hand 
*** SUMMARY ***
Total pot $0.50 | Rake $0 
Seat 2: omar_braves folded before Flop (didn't bet)
Seat 3: weepeel folded before Flop (didn't bet)
Seat 5: Furiousss (button) folded before Flop (didn't bet)
Seat 6: rafachevere (small blind) collected ($0.50)
Seat 7: flashroyal83 (big blind) folded before Flop
Seat 8: Alameda22 folded before Flop (didn't bet)
Seat 9: yjqian23 folded before Flop (didn't bet)



PokerStars Game #19953749719:  Hold'em No Limit ($0.10/$0.25) - 2008/08/27 - 23:26:11 (ET)
Table 'Renauxa' 9-max Seat #6 is the button
Seat 2: omar_braves ($24.50 in chips) 
Seat 3: weepeel ($25.10 in chips) 
Seat 5: Furiousss ($23.15 in chips) 
Seat 6: rafachevere ($32.75 in chips) 
Seat 7: flashroyal83 ($19.60 in chips) 
Seat 8: Alameda22 ($23.70 in chips) 
Seat 9: yjqian23 ($24.95 in chips) 
flashroyal83: posts small blind $0.10
Alameda22: posts big blind $0.25
*** HOLE CARDS ***
Dealt to Alameda22 [6s Ac]
yjqian23: calls $0.25
omar_braves: folds 
weepeel: folds 
Furiousss: folds 
rafachevere: folds 
flashroyal83: calls $0.15
Alameda22: checks 
*** FLOP *** [9c 2d Jd]
flashroyal83: checks 
Alameda22: checks 
yjqian23: bets $0.50
flashroyal83: folds 
Alameda22: folds 
Uncalled bet ($0.50) returned to yjqian23
yjqian23 collected $0.75 from pot
yjqian23: doesn't show hand 
*** SUMMARY ***
Total pot $0.75 | Rake $0 
Board [9c 2d Jd]
Seat 2: omar_braves folded before Flop (didn't bet)
Seat 3: weepeel folded before Flop (didn't bet)
Seat 5: Furiousss folded before Flop (didn't bet)
Seat 6: rafachevere (button) folded before Flop (didn't bet)
Seat 7: flashroyal83 (small blind) folded on the Flop
Seat 8: Alameda22 (big blind) folded on the Flop
Seat 9: yjqian23 collected ($0.75)



PokerStars Game #19953785074:  Hold'em No Limit ($0.10/$0.25) - 2008/08/27 - 23:27:40 (ET)
Table 'Renauxa' 9-max Seat #7 is the button
Seat 2: omar_braves ($24.50 in chips) 
Seat 3: weepeel ($25.10 in chips) 
Seat 5: Furiousss ($23.15 in chips) 
Seat 6: rafachevere ($32.75 in chips) 
Seat 7: flashroyal83 ($19.35 in chips) 
Seat 8: Alameda22 ($23.45 in chips) 
Alameda22: posts small blind $0.10
yjqian23: is sitting out 
yjqian23 leaves the table
omar_braves: posts big blind $0.25
*** HOLE CARDS ***
Dealt to Alameda22 [2d Js]
weepeel: folds 
Furiousss: folds 
rafachevere: calls $0.25
flashroyal83: folds 
Alameda22: folds 
omar_braves: checks 
*** FLOP *** [4c 4d 6d]
omar_braves: checks 
rafachevere: checks 
*** TURN *** [4c 4d 6d] [Td]
omar_braves: checks 
rafachevere: bets $0.80
omar_braves: folds 
Uncalled bet ($0.80) returned to rafachevere
rafachevere collected $0.60 from pot
rafachevere: doesn't show hand 
*** SUMMARY ***
Total pot $0.60 | Rake $0 
Board [4c 4d 6d Td]
Seat 2: omar_braves (big blind) folded on the Turn
Seat 3: weepeel folded before Flop (didn't bet)
Seat 5: Furiousss folded before Flop (didn't bet)
Seat 6: rafachevere collected ($0.60)
Seat 7: flashroyal83 (button) folded before Flop (didn't bet)
Seat 8: Alameda22 (small blind) folded before Flop



PokerStars Game #19953817042:  Hold'em No Limit ($0.10/$0.25) - 2008/08/27 - 23:29:01 (ET)
Table 'Renauxa' 9-max Seat #8 is the button
Seat 2: omar_braves ($24.25 in chips) 
Seat 3: weepeel ($25.10 in chips) 
Seat 5: Furiousss ($23.15 in chips) 
Seat 6: rafachevere ($33.10 in chips) 
Seat 7: flashroyal83 ($19.35 in chips) 
Seat 8: Alameda22 ($23.35 in chips) 
omar_braves: posts small blind $0.10
weepeel: posts big blind $0.25
*** HOLE CARDS ***
Dealt to Alameda22 [2h 7d]
Furiousss: folds 
rafachevere: calls $0.25
flashroyal83: raises $0.50 to $0.75
Alameda22: folds 
omar_braves: folds 
weepeel: folds 
rafachevere: folds 
Uncalled bet ($0.50) returned to flashroyal83
flashroyal83 collected $0.85 from pot
flashroyal83: doesn't show hand 
*** SUMMARY ***
Total pot $0.85 | Rake $0 
Seat 2: omar_braves (small blind) folded before Flop
Seat 3: weepeel (big blind) folded before Flop
Seat 5: Furiousss folded before Flop (didn't bet)
Seat 6: rafachevere folded before Flop
Seat 7: flashroyal83 collected ($0.85)
Seat 8: Alameda22 (button) folded before Flop (didn't bet)



PokerStars Game #19953834023:  Hold'em No Limit ($0.10/$0.25) - 2008/08/27 - 23:29:45 (ET)
Table 'Renauxa' 9-max Seat #2 is the button
Seat 2: omar_braves ($24.15 in chips) 
Seat 3: weepeel ($24.85 in chips) 
Seat 5: Furiousss ($23.15 in chips) 
Seat 6: rafachevere ($32.85 in chips) 
Seat 7: flashroyal83 ($19.95 in chips) 
Seat 8: Alameda22 ($23.35 in chips) 
weepeel: posts small blind $0.10
Furiousss: posts big blind $0.25
*** HOLE CARDS ***
Dealt to Alameda22 [Td 8c]
rafachevere: folds 
flashroyal83: folds 
Alameda22: folds 
omar_braves: folds 
weepeel: calls $0.15
Furiousss: checks 
*** FLOP *** [7s 9c 5c]
weepeel: bets $0.50
Furiousss: folds 
Uncalled bet ($0.50) returned to weepeel
weepeel collected $0.50 from pot
weepeel: doesn't show hand 
*** SUMMARY ***
Total pot $0.50 | Rake $0 
Board [7s 9c 5c]
Seat 2: omar_braves (button) folded before Flop (didn't bet)
Seat 3: weepeel (small blind) collected ($0.50)
Seat 5: Furiousss (big blind) folded on the Flop
Seat 6: rafachevere folded before Flop (didn't bet)
Seat 7: flashroyal83 folded before Flop (didn't bet)
Seat 8: Alameda22 folded before Flop (didn't bet)



PokerStars Game #19953849221:  Hold'em No Limit ($0.10/$0.25) - 2008/08/27 - 23:30:24 (ET)
Table 'Renauxa' 9-max Seat #3 is the button
Seat 2: omar_braves ($24.15 in chips) 
Seat 3: weepeel ($25.10 in chips) 
Seat 5: Furiousss ($22.90 in chips) 
Seat 6: rafachevere ($32.85 in chips) 
Seat 7: flashroyal83 ($19.95 in chips) 
Seat 8: Alameda22 ($23.35 in chips) 
Furiousss: posts small blind $0.10
rafachevere: posts big blind $0.25
*** HOLE CARDS ***
Dealt to Alameda22 [9c Jd]
flashroyal83: folds 
Alameda22: folds 
omar_braves: raises $0.75 to $1
weepeel: folds 
Furiousss: folds 
rafachevere: folds 
Uncalled bet ($0.75) returned to omar_braves
omar_braves collected $0.60 from pot
omar_braves: doesn't show hand 
*** SUMMARY ***
Total pot $0.60 | Rake $0 
Seat 2: omar_braves collected ($0.60)
Seat 3: weepeel (button) folded before Flop (didn't bet)
Seat 5: Furiousss (small blind) folded before Flop
Seat 6: rafachevere (big blind) folded before Flop
Seat 7: flashroyal83 folded before Flop (didn't bet)
Seat 8: Alameda22 folded before Flop (didn't bet)



PokerStars Game #19953862305:  Hold'em No Limit ($0.10/$0.25) - 2008/08/27 - 23:30:58 (ET)
Table 'Renauxa' 9-max Seat #5 is the button
Seat 2: omar_braves ($24.50 in chips) 
Seat 3: weepeel ($25.10 in chips) 
Seat 5: Furiousss ($22.80 in chips) 
Seat 6: rafachevere ($32.60 in chips) 
Seat 7: flashroyal83 ($19.95 in chips) 
Seat 8: Alameda22 ($23.35 in chips) 
rafachevere: posts small blind $0.10
flashroyal83: posts big blind $0.25
*** HOLE CARDS ***
Dealt to Alameda22 [5s 6s]
Alameda22: folds 
omar_braves: folds 
weepeel: folds 
Furiousss: raises $0.50 to $0.75
rafachevere: folds 
flashroyal83: folds 
Uncalled bet ($0.50) returned to Furiousss
Furiousss collected $0.60 from pot
Furiousss: doesn't show hand 
*** SUMMARY ***
Total pot $0.60 | Rake $0 
Seat 2: omar_braves folded before Flop (didn't bet)
Seat 3: weepeel folded before Flop (didn't bet)
Seat 5: Furiousss (button) collected ($0.60)
Seat 6: rafachevere (small blind) folded before Flop
Seat 7: flashroyal83 (big blind) folded before Flop
Seat 8: Alameda22 folded before Flop (didn't bet)



PokerStars Game #19953878973:  Hold'em No Limit ($0.10/$0.25) - 2008/08/27 - 23:31:40 (ET)
Table 'Renauxa' 9-max Seat #6 is the button
Seat 2: omar_braves ($24.50 in chips) 
Seat 3: weepeel ($25.10 in chips) 
Seat 5: Furiousss ($23.15 in chips) 
Seat 6: rafachevere ($32.50 in chips) 
Seat 7: flashroyal83 ($19.70 in chips) 
Seat 8: Alameda22 ($23.35 in chips) 
flashroyal83: posts small blind $0.10
Alameda22: posts big blind $0.25
*** HOLE CARDS ***
Dealt to Alameda22 [7c Qs]
omar_braves: folds 
weepeel: folds 
rafachevere is disconnected 
rafachevere is connected 
Furiousss: folds 
rafachevere: folds 
flashroyal83: calls $0.15
Alameda22: checks 
*** FLOP *** [Kc 9s 5s]
flashroyal83: bets $0.50
Alameda22: folds 
Uncalled bet ($0.50) returned to flashroyal83
flashroyal83 collected $0.50 from pot
flashroyal83: doesn't show hand 
*** SUMMARY ***
Total pot $0.50 | Rake $0 
Board [Kc 9s 5s]
Seat 2: omar_braves folded before Flop (didn't bet)
Seat 3: weepeel folded before Flop (didn't bet)
Seat 5: Furiousss folded before Flop (didn't bet)
Seat 6: rafachevere (button) folded before Flop (didn't bet)
Seat 7: flashroyal83 (small blind) collected ($0.50)
Seat 8: Alameda22 (big blind) folded on the Flop



PokerStars Game #19953902871:  Hold'em No Limit ($0.10/$0.25) - 2008/08/27 - 23:32:40 (ET)
Table 'Renauxa' 9-max Seat #7 is the button
Seat 2: omar_braves ($24.50 in chips) 
Seat 3: weepeel ($25.10 in chips) 
Seat 5: Furiousss ($23.15 in chips) 
Seat 6: rafachevere ($32.50 in chips) 
Seat 7: flashroyal83 ($19.95 in chips) 
Seat 8: Alameda22 ($23.10 in chips) 
Alameda22: posts small blind $0.10
omar_braves: posts big blind $0.25
*** HOLE CARDS ***
Dealt to Alameda22 [Ks Ad]
weepeel: folds 
Furiousss: folds 
rafachevere: folds 
flashroyal83: raises $0.50 to $0.75
Alameda22: raises $1.50 to $2.25
omar_braves: folds 
flashroyal83: folds 
Uncalled bet ($1.50) returned to Alameda22
flashroyal83 leaves the table
Alameda22 collected $1.75 from pot
Alameda22: doesn't show hand 
*** SUMMARY ***
Total pot $1.75 | Rake $0 
Seat 2: omar_braves (big blind) folded before Flop
Seat 3: weepeel folded before Flop (didn't bet)
Seat 5: Furiousss folded before Flop (didn't bet)
Seat 6: rafachevere folded before Flop (didn't bet)
Seat 7: flashroyal83 (button) folded before Flop
Seat 8: Alameda22 (small blind) collected ($1.75)



PokerStars Game #19953915120:  Hold'em No Limit ($0.10/$0.25) - 2008/08/27 - 23:33:11 (ET)
Table 'Renauxa' 9-max Seat #8 is the button
Seat 2: omar_braves ($24.25 in chips) 
Seat 3: weepeel ($25.10 in chips) 
Seat 5: Furiousss ($23.15 in chips) 
Seat 6: rafachevere ($32.50 in chips) 
Seat 8: Alameda22 ($24.10 in chips) 
omar_braves: posts small blind $0.10
weepeel: posts big blind $0.25
*** HOLE CARDS ***
Dealt to Alameda22 [9d Jh]
Furiousss: calls $0.25
rafachevere: calls $0.25
Alameda22: folds 
omar_braves: folds 
weepeel: checks 
*** FLOP *** [Qs Tc Kc]
weepeel: bets $0.50
Furiousss: folds 
rafachevere: folds 
Uncalled bet ($0.50) returned to weepeel
weepeel collected $0.85 from pot
weepeel: doesn't show hand 
*** SUMMARY ***
Total pot $0.85 | Rake $0 
Board [Qs Tc Kc]
Seat 2: omar_braves (small blind) folded before Flop
Seat 3: weepeel (big blind) collected ($0.85)
Seat 5: Furiousss folded on the Flop
Seat 6: rafachevere folded on the Flop
Seat 8: Alameda22 (button) folded before Flop (didn't bet)



PokerStars Game #19953936097:  Hold'em No Limit ($0.10/$0.25) - 2008/08/27 - 23:34:04 (ET)
Table 'Renauxa' 9-max Seat #2 is the button
Seat 2: omar_braves ($24.15 in chips) 
Seat 3: weepeel ($25.70 in chips) 
Seat 5: Furiousss ($22.90 in chips) 
Seat 6: rafachevere ($32.25 in chips) 
Seat 8: Alameda22 ($24.10 in chips) 
weepeel: posts small blind $0.10
Furiousss: posts big blind $0.25
*** HOLE CARDS ***
Dealt to Alameda22 [Qd 3s]
rafachevere: folds 
Alameda22: folds 
omar_braves: calls $0.25
weepeel: folds 
Furiousss: checks 
*** FLOP *** [7c 9c 4s]
Furiousss: checks 
omar_braves: checks 
*** TURN *** [7c 9c 4s] [Ts]
Furiousss: bets $0.25
omar_braves: folds 
Uncalled bet ($0.25) returned to Furiousss
omar_braves leaves the table
Sick M leaves the table
Furiousss collected $0.60 from pot
Furiousss: doesn't show hand 
*** SUMMARY ***
Total pot $0.60 | Rake $0 
Board [7c 9c 4s Ts]
Seat 2: omar_braves (button) folded on the Turn
Seat 3: weepeel (small blind) folded before Flop
Seat 5: Furiousss (big blind) collected ($0.60)
Seat 6: rafachevere folded before Flop (didn't bet)
Seat 8: Alameda22 folded before Flop (didn't bet)



