PokerStars Game #20102523614:  Hold'em No Limit ($0.10/$0.25) - 2008/09/02 20:14:39 ET
Table 'Geometria II' 9-max Seat #3 is the button
Seat 1: Ronbolicous ($13.55 in chips) 
Seat 2: odi385 ($25 in chips) 
Seat 3: Zockerqlb ($4.65 in chips) 
Seat 4: yipyapsap ($25 in chips) 
Seat 5: Alameda22 ($25 in chips) 
Seat 6: mawerik72 ($19 in chips) 
Seat 7: Odilla ($15.40 in chips) 
Seat 8: ROFOLD ($24.75 in chips) 
Seat 9: J Burrow ($23.85 in chips) 
yipyapsap: posts small blind $0.10
Alameda22: posts big blind $0.25
*** HOLE CARDS ***
Dealt to Alameda22 [Kc 8h]
mawerik72: folds 
Odilla: folds 
ROFOLD: folds 
J Burrow: folds 
Ronbolicous: raises $0.75 to $1
odi385: folds 
Zockerqlb: folds 
yipyapsap: folds 
Alameda22: folds 
Uncalled bet ($0.75) returned to Ronbolicous
Ronbolicous collected $0.60 from pot
*** SUMMARY ***
Total pot $0.60 | Rake $0 
Seat 1: Ronbolicous collected ($0.60)
Seat 2: odi385 folded before Flop (didn't bet)
Seat 3: Zockerqlb (button) folded before Flop (didn't bet)
Seat 4: yipyapsap (small blind) folded before Flop
Seat 5: Alameda22 (big blind) folded before Flop
Seat 6: mawerik72 folded before Flop (didn't bet)
Seat 7: Odilla folded before Flop (didn't bet)
Seat 8: ROFOLD folded before Flop (didn't bet)
Seat 9: J Burrow folded before Flop (didn't bet)



PokerStars Game #20102538342:  Hold'em No Limit ($0.10/$0.25) - 2008/09/02 20:15:18 ET
Table 'Geometria II' 9-max Seat #4 is the button
Seat 1: Ronbolicous ($13.90 in chips) 
Seat 2: odi385 ($25 in chips) 
Seat 3: Zockerqlb ($4.65 in chips) 
Seat 4: yipyapsap ($24.90 in chips) 
Seat 5: Alameda22 ($24.75 in chips) 
Seat 6: mawerik72 ($19 in chips) 
Seat 7: Odilla ($15.40 in chips) 
Seat 8: ROFOLD ($24.75 in chips) 
Seat 9: J Burrow ($23.85 in chips) 
Alameda22: posts small blind $0.10
mawerik72: posts big blind $0.25
*** HOLE CARDS ***
Dealt to Alameda22 [Ts Ks]
Odilla: folds 
ROFOLD: folds 
J Burrow: folds 
Ronbolicous: folds 
odi385: folds 
Zockerqlb: raises $0.75 to $1
yipyapsap: folds 
Alameda22: folds 
mawerik72: folds 
Uncalled bet ($0.75) returned to Zockerqlb
Zockerqlb collected $0.60 from pot
Zockerqlb: doesn't show hand 
*** SUMMARY ***
Total pot $0.60 | Rake $0 
Seat 1: Ronbolicous folded before Flop (didn't bet)
Seat 2: odi385 folded before Flop (didn't bet)
Seat 3: Zockerqlb collected ($0.60)
Seat 4: yipyapsap (button) folded before Flop (didn't bet)
Seat 5: Alameda22 (small blind) folded before Flop
Seat 6: mawerik72 (big blind) folded before Flop
Seat 7: Odilla folded before Flop (didn't bet)
Seat 8: ROFOLD folded before Flop (didn't bet)
Seat 9: J Burrow folded before Flop (didn't bet)



PokerStars Game #20102550160:  Hold'em No Limit ($0.10/$0.25) - 2008/09/02 20:15:50 ET
Table 'Geometria II' 9-max Seat #5 is the button
Seat 1: Ronbolicous ($13.90 in chips) 
Seat 2: odi385 ($25 in chips) 
Seat 3: Zockerqlb ($5 in chips) 
Seat 4: yipyapsap ($24.90 in chips) 
Seat 5: Alameda22 ($24.65 in chips) 
Seat 6: mawerik72 ($18.75 in chips) 
Seat 7: Odilla ($15.40 in chips) 
Seat 8: ROFOLD ($24.75 in chips) 
Seat 9: J Burrow ($23.85 in chips) 
mawerik72: posts small blind $0.10
Odilla: posts big blind $0.25
*** HOLE CARDS ***
Dealt to Alameda22 [Td 3s]
ROFOLD: folds 
J Burrow: raises $0.50 to $0.75
Ronbolicous: folds 
odi385: folds 
Zockerqlb: folds 
yipyapsap: folds 
Alameda22: folds 
mawerik72: folds 
Odilla: folds 
Uncalled bet ($0.50) returned to J Burrow
J Burrow collected $0.60 from pot
J Burrow: doesn't show hand 
*** SUMMARY ***
Total pot $0.60 | Rake $0 
Seat 1: Ronbolicous folded before Flop (didn't bet)
Seat 2: odi385 folded before Flop (didn't bet)
Seat 3: Zockerqlb folded before Flop (didn't bet)
Seat 4: yipyapsap folded before Flop (didn't bet)
Seat 5: Alameda22 (button) folded before Flop (didn't bet)
Seat 6: mawerik72 (small blind) folded before Flop
Seat 7: Odilla (big blind) folded before Flop
Seat 8: ROFOLD folded before Flop (didn't bet)
Seat 9: J Burrow collected ($0.60)



PokerStars Game #20102573153:  Hold'em No Limit ($0.10/$0.25) - 2008/09/02 20:16:51 ET
Table 'Geometria II' 9-max Seat #6 is the button
Seat 1: Ronbolicous ($13.90 in chips) 
Seat 2: odi385 ($25 in chips) 
Seat 3: Zockerqlb ($5 in chips) 
Seat 4: yipyapsap ($24.90 in chips) 
Seat 5: Alameda22 ($24.65 in chips) 
Seat 6: mawerik72 ($18.65 in chips) 
Seat 7: Odilla ($15.15 in chips) 
Seat 8: ROFOLD ($24.75 in chips) 
Seat 9: J Burrow ($24.20 in chips) 
Odilla: posts small blind $0.10
ROFOLD: posts big blind $0.25
*** HOLE CARDS ***
Dealt to Alameda22 [Qs Ts]
J Burrow: folds 
Ronbolicous: folds 
odi385: folds 
Zockerqlb: folds 
yipyapsap: folds 
Alameda22: folds 
mawerik72: calls $0.25
Odilla: calls $0.15
ROFOLD: checks 
*** FLOP *** [8c 9d Th]
Odilla: checks 
ROFOLD: checks 
mawerik72: checks 
*** TURN *** [8c 9d Th] [9s]
Odilla: checks 
ROFOLD: checks 
mawerik72: bets $1.75
Odilla: calls $1.75
ROFOLD: folds 
*** RIVER *** [8c 9d Th 9s] [7d]
Odilla: checks 
mawerik72: bets $16.65 and is all-in
Odilla: folds 
Uncalled bet ($16.65) returned to mawerik72
mawerik72 collected $4.05 from pot
mawerik72: doesn't show hand 
*** SUMMARY ***
Total pot $4.25 | Rake $0.20 
Board [8c 9d Th 9s 7d]
Seat 1: Ronbolicous folded before Flop (didn't bet)
Seat 2: odi385 folded before Flop (didn't bet)
Seat 3: Zockerqlb folded before Flop (didn't bet)
Seat 4: yipyapsap folded before Flop (didn't bet)
Seat 5: Alameda22 folded before Flop (didn't bet)
Seat 6: mawerik72 (button) collected ($4.05)
Seat 7: Odilla (small blind) folded on the River
Seat 8: ROFOLD (big blind) folded on the Turn
Seat 9: J Burrow folded before Flop (didn't bet)



PokerStars Game #20102599105:  Hold'em No Limit ($0.10/$0.25) - 2008/09/02 20:18:01 ET
Table 'Geometria II' 9-max Seat #7 is the button
Seat 1: Ronbolicous ($13.90 in chips) 
Seat 2: odi385 ($25 in chips) 
Seat 3: Zockerqlb ($5 in chips) 
Seat 4: yipyapsap ($24.90 in chips) 
Seat 5: Alameda22 ($24.65 in chips) 
Seat 6: mawerik72 ($20.70 in chips) 
Seat 7: Odilla ($13.15 in chips) 
Seat 8: ROFOLD ($24.50 in chips) 
Seat 9: J Burrow ($24.20 in chips) 
ROFOLD: posts small blind $0.10
J Burrow: posts big blind $0.25
*** HOLE CARDS ***
Dealt to Alameda22 [Jc Ks]
Ronbolicous: folds 
odi385: folds 
Zockerqlb: folds 
yipyapsap: folds 
Alameda22: folds 
mawerik72: folds 
Odilla: folds 
Odilla leaves the table
ROFOLD: folds 
Uncalled bet ($0.15) returned to J Burrow
J Burrow collected $0.20 from pot
J Burrow: doesn't show hand 
Robshev joins the table at seat #7 
*** SUMMARY ***
Total pot $0.20 | Rake $0 
Seat 1: Ronbolicous folded before Flop (didn't bet)
Seat 2: odi385 folded before Flop (didn't bet)
Seat 3: Zockerqlb folded before Flop (didn't bet)
Seat 4: yipyapsap folded before Flop (didn't bet)
Seat 5: Alameda22 folded before Flop (didn't bet)
Seat 6: mawerik72 folded before Flop (didn't bet)
Seat 7: Odilla (button) folded before Flop (didn't bet)
Seat 8: ROFOLD (small blind) folded before Flop
Seat 9: J Burrow (big blind) collected ($0.20)



PokerStars Game #20102616921:  Hold'em No Limit ($0.10/$0.25) - 2008/09/02 20:18:49 ET
Table 'Geometria II' 9-max Seat #8 is the button
Seat 1: Ronbolicous ($13.90 in chips) 
Seat 2: odi385 ($25 in chips) 
Seat 3: Zockerqlb ($5 in chips) 
Seat 4: yipyapsap ($24.90 in chips) 
Seat 5: Alameda22 ($24.65 in chips) 
Seat 6: mawerik72 ($20.70 in chips) 
Seat 7: Robshev ($15 in chips) 
Seat 8: ROFOLD ($24.40 in chips) 
Seat 9: J Burrow ($24.30 in chips) 
J Burrow: posts small blind $0.10
Ronbolicous: posts big blind $0.25
Robshev: posts big blind $0.25
*** HOLE CARDS ***
Dealt to Alameda22 [9d Qc]
odi385: folds 
Zockerqlb: folds 
yipyapsap: folds 
Alameda22: folds 
mawerik72: calls $0.25
Robshev: checks 
ROFOLD: folds 
J Burrow: calls $0.15
Ronbolicous: checks 
*** FLOP *** [5h Tc 8s]
J Burrow: bets $0.75
Ronbolicous: folds 
mawerik72: calls $0.75
Robshev: folds 
*** TURN *** [5h Tc 8s] [5s]
J Burrow: bets $2
mawerik72: folds 
Uncalled bet ($2) returned to J Burrow
J Burrow collected $2.40 from pot
J Burrow: doesn't show hand 
*** SUMMARY ***
Total pot $2.50 | Rake $0.10 
Board [5h Tc 8s 5s]
Seat 1: Ronbolicous (big blind) folded on the Flop
Seat 2: odi385 folded before Flop (didn't bet)
Seat 3: Zockerqlb folded before Flop (didn't bet)
Seat 4: yipyapsap folded before Flop (didn't bet)
Seat 5: Alameda22 folded before Flop (didn't bet)
Seat 6: mawerik72 folded on the Turn
Seat 7: Robshev folded on the Flop
Seat 8: ROFOLD (button) folded before Flop (didn't bet)
Seat 9: J Burrow (small blind) collected ($2.40)



PokerStars Game #20102641981:  Hold'em No Limit ($0.10/$0.25) - 2008/09/02 20:19:57 ET
Table 'Geometria II' 9-max Seat #9 is the button
Seat 1: Ronbolicous ($13.65 in chips) 
Seat 2: odi385 ($25 in chips) 
Seat 3: Zockerqlb ($5 in chips) 
Seat 4: yipyapsap ($24.90 in chips) 
Seat 5: Alameda22 ($24.65 in chips) 
Seat 6: mawerik72 ($19.70 in chips) 
Seat 7: Robshev ($14.75 in chips) 
Seat 8: ROFOLD ($24.40 in chips) 
Seat 9: J Burrow ($25.70 in chips) 
Ronbolicous: posts small blind $0.10
odi385: posts big blind $0.25
*** HOLE CARDS ***
Dealt to Alameda22 [9d Js]
Zockerqlb: folds 
yipyapsap: folds 
Alameda22: folds 
mawerik72: raises $0.75 to $1
Robshev: folds 
ROFOLD: folds 
J Burrow: folds 
Ronbolicous: folds 
odi385: folds 
Uncalled bet ($0.75) returned to mawerik72
mawerik72 collected $0.60 from pot
mawerik72: doesn't show hand 
*** SUMMARY ***
Total pot $0.60 | Rake $0 
Seat 1: Ronbolicous (small blind) folded before Flop
Seat 2: odi385 (big blind) folded before Flop
Seat 3: Zockerqlb folded before Flop (didn't bet)
Seat 4: yipyapsap folded before Flop (didn't bet)
Seat 5: Alameda22 folded before Flop (didn't bet)
Seat 6: mawerik72 collected ($0.60)
Seat 7: Robshev folded before Flop (didn't bet)
Seat 8: ROFOLD folded before Flop (didn't bet)
Seat 9: J Burrow (button) folded before Flop (didn't bet)



PokerStars Game #20102652968:  Hold'em No Limit ($0.10/$0.25) - 2008/09/02 20:20:26 ET
Table 'Geometria II' 9-max Seat #1 is the button
Seat 1: Ronbolicous ($13.55 in chips) 
Seat 2: odi385 ($24.75 in chips) 
Seat 3: Zockerqlb ($5 in chips) 
Seat 4: yipyapsap ($24.90 in chips) 
Seat 5: Alameda22 ($24.65 in chips) 
Seat 6: mawerik72 ($20.05 in chips) 
Seat 7: Robshev ($14.75 in chips) 
Seat 8: ROFOLD ($24.40 in chips) 
Seat 9: J Burrow ($25.70 in chips) 
odi385: posts small blind $0.10
Zockerqlb: posts big blind $0.25
*** HOLE CARDS ***
Dealt to Alameda22 [Ac 9c]
yipyapsap: calls $0.25
Alameda22: folds 
mawerik72: calls $0.25
Robshev: folds 
ROFOLD: folds 
J Burrow: folds 
Ronbolicous: calls $0.25
odi385: calls $0.15
Zockerqlb: checks 
*** FLOP *** [5h 4s Ah]
odi385: bets $0.50
Zockerqlb: folds 
yipyapsap: folds 
mawerik72: calls $0.50
Ronbolicous: calls $0.50
*** TURN *** [5h 4s Ah] [Td]
odi385: bets $0.75
mawerik72: calls $0.75
Ronbolicous: calls $0.75
*** RIVER *** [5h 4s Ah Td] [Jc]
odi385: checks 
mawerik72: bets $0.75
Ronbolicous: folds 
odi385: calls $0.75
*** SHOW DOWN ***
mawerik72: shows [As 7d] (a pair of Aces)
odi385: shows [7h Ad] (a pair of Aces)
odi385 collected $3.10 from pot
mawerik72 collected $3.10 from pot
*** SUMMARY ***
Total pot $6.50 | Rake $0.30 
Board [5h 4s Ah Td Jc]
Seat 1: Ronbolicous (button) folded on the River
Seat 2: odi385 (small blind) showed [7h Ad] and won ($3.10) with a pair of Aces
Seat 3: Zockerqlb (big blind) folded on the Flop
Seat 4: yipyapsap folded on the Flop
Seat 5: Alameda22 folded before Flop (didn't bet)
Seat 6: mawerik72 showed [As 7d] and won ($3.10) with a pair of Aces
Seat 7: Robshev folded before Flop (didn't bet)
Seat 8: ROFOLD folded before Flop (didn't bet)
Seat 9: J Burrow folded before Flop (didn't bet)



PokerStars Game #20102677694:  Hold'em No Limit ($0.10/$0.25) - 2008/09/02 20:21:32 ET
Table 'Geometria II' 9-max Seat #2 is the button
Seat 1: Ronbolicous ($12.05 in chips) 
Seat 2: odi385 ($25.60 in chips) 
Seat 3: Zockerqlb ($4.75 in chips) 
Seat 4: yipyapsap ($24.65 in chips) 
Seat 5: Alameda22 ($24.65 in chips) 
Seat 6: mawerik72 ($20.90 in chips) 
Seat 7: Robshev ($14.75 in chips) 
Seat 8: ROFOLD ($24.40 in chips) 
Seat 9: J Burrow ($25.70 in chips) 
Zockerqlb: posts small blind $0.10
yipyapsap: posts big blind $0.25
*** HOLE CARDS ***
Dealt to Alameda22 [5h 3c]
Alameda22: folds 
mawerik72: calls $0.25
Robshev: folds 
ROFOLD: folds 
J Burrow: calls $0.25
Ronbolicous: folds 
odi385: folds 
Zockerqlb: raises $1.25 to $1.50
yipyapsap: folds 
mawerik72: folds 
J Burrow: calls $1.25
*** FLOP *** [Jh 4c Td]
Zockerqlb: bets $3.25 and is all-in
J Burrow: calls $3.25
*** TURN *** [Jh 4c Td] [2c]
*** RIVER *** [Jh 4c Td 2c] [Kd]
*** SHOW DOWN ***
Zockerqlb: shows [As Ad] (a pair of Aces)
J Burrow: mucks hand 
Zockerqlb collected $9.55 from pot
*** SUMMARY ***
Total pot $10 | Rake $0.45 
Board [Jh 4c Td 2c Kd]
Seat 1: Ronbolicous folded before Flop (didn't bet)
Seat 2: odi385 (button) folded before Flop (didn't bet)
Seat 3: Zockerqlb (small blind) showed [As Ad] and won ($9.55) with a pair of Aces
Seat 4: yipyapsap (big blind) folded before Flop
Seat 5: Alameda22 folded before Flop (didn't bet)
Seat 6: mawerik72 folded before Flop
Seat 7: Robshev folded before Flop (didn't bet)
Seat 8: ROFOLD folded before Flop (didn't bet)
Seat 9: J Burrow mucked [Kh Qc]



PokerStars Game #20102707585:  Hold'em No Limit ($0.10/$0.25) - 2008/09/02 20:22:53 ET
Table 'Geometria II' 9-max Seat #3 is the button
Seat 1: Ronbolicous ($12.05 in chips) 
Seat 2: odi385 ($25.60 in chips) 
Seat 3: Zockerqlb ($9.55 in chips) 
Seat 4: yipyapsap ($24.40 in chips) 
Seat 5: Alameda22 ($24.65 in chips) 
Seat 6: mawerik72 ($20.65 in chips) 
Seat 7: Robshev ($14.75 in chips) 
Seat 8: ROFOLD ($24.40 in chips) 
Seat 9: J Burrow ($20.95 in chips) 
yipyapsap: posts small blind $0.10
Alameda22: posts big blind $0.25
*** HOLE CARDS ***
Dealt to Alameda22 [2c 9d]
mawerik72: calls $0.25
Robshev: raises $1 to $1.25
ROFOLD: folds 
J Burrow: calls $1.25
Ronbolicous: folds 
odi385: folds 
Zockerqlb: folds 
yipyapsap: folds 
Alameda22: folds 
mawerik72: calls $1
*** FLOP *** [Jh Kc Js]
mawerik72: checks 
Robshev: bets $1.50
J Burrow: folds 
mawerik72: calls $1.50
*** TURN *** [Jh Kc Js] [2h]
mawerik72: checks 
Robshev: bets $1.50
mawerik72: calls $1.50
*** RIVER *** [Jh Kc Js 2h] [9c]
mawerik72: bets $16.40 and is all-in
Robshev: folds 
Uncalled bet ($16.40) returned to mawerik72
mawerik72 collected $9.65 from pot
mawerik72: doesn't show hand 
*** SUMMARY ***
Total pot $10.10 | Rake $0.45 
Board [Jh Kc Js 2h 9c]
Seat 1: Ronbolicous folded before Flop (didn't bet)
Seat 2: odi385 folded before Flop (didn't bet)
Seat 3: Zockerqlb (button) folded before Flop (didn't bet)
Seat 4: yipyapsap (small blind) folded before Flop
Seat 5: Alameda22 (big blind) folded before Flop
Seat 6: mawerik72 collected ($9.65)
Seat 7: Robshev folded on the River
Seat 8: ROFOLD folded before Flop (didn't bet)
Seat 9: J Burrow folded on the Flop



PokerStars Game #20102734397:  Hold'em No Limit ($0.10/$0.25) - 2008/09/02 20:24:05 ET
Table 'Geometria II' 9-max Seat #4 is the button
Seat 1: Ronbolicous ($12.05 in chips) 
Seat 2: odi385 ($25.60 in chips) 
Seat 3: Zockerqlb ($9.55 in chips) 
Seat 4: yipyapsap ($25 in chips) 
Seat 5: Alameda22 ($24.40 in chips) 
Seat 6: mawerik72 ($26.05 in chips) 
Seat 7: Robshev ($10.50 in chips) 
Seat 8: ROFOLD ($24.40 in chips) 
Seat 9: J Burrow ($19.70 in chips) 
Alameda22: posts small blind $0.10
mawerik72: posts big blind $0.25
*** HOLE CARDS ***
Dealt to Alameda22 [Ts 5d]
Robshev: folds 
ROFOLD: folds 
J Burrow: folds 
Ronbolicous: calls $0.25
odi385: folds 
Zockerqlb: folds 
yipyapsap: calls $0.25
Alameda22: folds 
mawerik72: raises $0.75 to $1
Ronbolicous: folds 
yipyapsap: calls $0.75
*** FLOP *** [6d 5c 6h]
mawerik72: bets $0.50
yipyapsap: folds 
Uncalled bet ($0.50) returned to mawerik72
mawerik72 collected $2.25 from pot
mawerik72: doesn't show hand 
*** SUMMARY ***
Total pot $2.35 | Rake $0.10 
Board [6d 5c 6h]
Seat 1: Ronbolicous folded before Flop
Seat 2: odi385 folded before Flop (didn't bet)
Seat 3: Zockerqlb folded before Flop (didn't bet)
Seat 4: yipyapsap (button) folded on the Flop
Seat 5: Alameda22 (small blind) folded before Flop
Seat 6: mawerik72 (big blind) collected ($2.25)
Seat 7: Robshev folded before Flop (didn't bet)
Seat 8: ROFOLD folded before Flop (didn't bet)
Seat 9: J Burrow folded before Flop (didn't bet)



PokerStars Game #20102749233:  Hold'em No Limit ($0.10/$0.25) - 2008/09/02 20:24:45 ET
Table 'Geometria II' 9-max Seat #5 is the button
Seat 1: Ronbolicous ($11.80 in chips) 
Seat 2: odi385 ($25.60 in chips) 
Seat 3: Zockerqlb ($9.55 in chips) 
Seat 4: yipyapsap ($24 in chips) 
Seat 5: Alameda22 ($24.30 in chips) 
Seat 6: mawerik72 ($27.30 in chips) 
Seat 7: Robshev ($10.50 in chips) 
Seat 8: ROFOLD ($24.40 in chips) 
Seat 9: J Burrow ($19.70 in chips) 
mawerik72: posts small blind $0.10
Robshev: posts big blind $0.25
*** HOLE CARDS ***
Dealt to Alameda22 [Jd 4s]
ROFOLD: raises $0.25 to $0.50
J Burrow: calls $0.50
Ronbolicous: folds 
odi385: folds 
Zockerqlb: folds 
yipyapsap: folds 
Alameda22: folds 
mawerik72: folds 
Robshev: folds 
*** FLOP *** [Jh 4d Ac]
ROFOLD: checks 
J Burrow: bets $0.75
ROFOLD: folds 
Uncalled bet ($0.75) returned to J Burrow
J Burrow collected $1.30 from pot
J Burrow: doesn't show hand 
*** SUMMARY ***
Total pot $1.35 | Rake $0.05 
Board [Jh 4d Ac]
Seat 1: Ronbolicous folded before Flop (didn't bet)
Seat 2: odi385 folded before Flop (didn't bet)
Seat 3: Zockerqlb folded before Flop (didn't bet)
Seat 4: yipyapsap folded before Flop (didn't bet)
Seat 5: Alameda22 (button) folded before Flop (didn't bet)
Seat 6: mawerik72 (small blind) folded before Flop
Seat 7: Robshev (big blind) folded before Flop
Seat 8: ROFOLD folded on the Flop
Seat 9: J Burrow collected ($1.30)



PokerStars Game #20102768536:  Hold'em No Limit ($0.10/$0.25) - 2008/09/02 20:25:37 ET
Table 'Geometria II' 9-max Seat #6 is the button
Seat 1: Ronbolicous ($11.80 in chips) 
Seat 2: odi385 ($25.60 in chips) 
Seat 3: Zockerqlb ($9.55 in chips) 
Seat 4: yipyapsap ($25 in chips) 
Seat 5: Alameda22 ($24.30 in chips) 
Seat 6: mawerik72 ($27.20 in chips) 
Seat 7: Robshev ($10.25 in chips) 
Seat 8: ROFOLD ($23.90 in chips) 
Seat 9: J Burrow ($20.50 in chips) 
Robshev: posts small blind $0.10
ROFOLD: posts big blind $0.25
*** HOLE CARDS ***
Dealt to Alameda22 [3s 7s]
J Burrow: folds 
Ronbolicous: folds 
odi385: folds 
Zockerqlb: folds 
yipyapsap: folds 
Alameda22: folds 
mawerik72: calls $0.25
Robshev: calls $0.15
ROFOLD: checks 
*** FLOP *** [Ks Ah 8c]
Robshev: bets $0.50
ROFOLD: folds 
mawerik72: folds 
Uncalled bet ($0.50) returned to Robshev
Robshev collected $0.75 from pot
Robshev: doesn't show hand 
*** SUMMARY ***
Total pot $0.75 | Rake $0 
Board [Ks Ah 8c]
Seat 1: Ronbolicous folded before Flop (didn't bet)
Seat 2: odi385 folded before Flop (didn't bet)
Seat 3: Zockerqlb folded before Flop (didn't bet)
Seat 4: yipyapsap folded before Flop (didn't bet)
Seat 5: Alameda22 folded before Flop (didn't bet)
Seat 6: mawerik72 (button) folded on the Flop
Seat 7: Robshev (small blind) collected ($0.75)
Seat 8: ROFOLD (big blind) folded on the Flop
Seat 9: J Burrow folded before Flop (didn't bet)



PokerStars Game #20102787069:  Hold'em No Limit ($0.10/$0.25) - 2008/09/02 20:26:28 ET
Table 'Geometria II' 9-max Seat #7 is the button
Seat 1: Ronbolicous ($11.80 in chips) 
Seat 2: odi385 ($25.60 in chips) 
Seat 3: Zockerqlb ($9.55 in chips) 
Seat 4: yipyapsap ($25 in chips) 
Seat 5: Alameda22 ($24.30 in chips) 
Seat 6: mawerik72 ($26.95 in chips) 
Seat 7: Robshev ($10.75 in chips) 
Seat 8: ROFOLD ($23.65 in chips) 
Seat 9: J Burrow ($20.50 in chips) 
ROFOLD: posts small blind $0.10
J Burrow: posts big blind $0.25
*** HOLE CARDS ***
Dealt to Alameda22 [8h 4c]
Ronbolicous: folds 
odi385: folds 
Zockerqlb: folds 
yipyapsap: folds 
Alameda22: folds 
mawerik72: folds 
Robshev: folds 
ROFOLD: folds 
Uncalled bet ($0.15) returned to J Burrow
J Burrow collected $0.20 from pot
J Burrow: doesn't show hand 
*** SUMMARY ***
Total pot $0.20 | Rake $0 
Seat 1: Ronbolicous folded before Flop (didn't bet)
Seat 2: odi385 folded before Flop (didn't bet)
Seat 3: Zockerqlb folded before Flop (didn't bet)
Seat 4: yipyapsap folded before Flop (didn't bet)
Seat 5: Alameda22 folded before Flop (didn't bet)
Seat 6: mawerik72 folded before Flop (didn't bet)
Seat 7: Robshev (button) folded before Flop (didn't bet)
Seat 8: ROFOLD (small blind) folded before Flop
Seat 9: J Burrow (big blind) collected ($0.20)



PokerStars Game #20102800243:  Hold'em No Limit ($0.10/$0.25) - 2008/09/02 20:27:03 ET
Table 'Geometria II' 9-max Seat #8 is the button
Seat 1: Ronbolicous ($11.80 in chips) 
Seat 2: odi385 ($25.60 in chips) 
Seat 3: Zockerqlb ($9.55 in chips) 
Seat 4: yipyapsap ($25 in chips) 
Seat 5: Alameda22 ($24.30 in chips) 
Seat 6: mawerik72 ($26.95 in chips) 
Seat 7: Robshev ($15.75 in chips) 
Seat 8: ROFOLD ($23.55 in chips) 
Seat 9: J Burrow ($20.60 in chips) 
J Burrow: posts small blind $0.10
Ronbolicous: posts big blind $0.25
*** HOLE CARDS ***
Dealt to Alameda22 [4s 7c]
odi385: calls $0.25
Zockerqlb: folds 
yipyapsap: folds 
Alameda22: folds 
mawerik72: calls $0.25
Robshev: folds 
ROFOLD: folds 
J Burrow: folds 
Ronbolicous: checks 
*** FLOP *** [9s Qs 7s]
Ronbolicous: bets $0.50
odi385: folds 
mawerik72: calls $0.50
*** TURN *** [9s Qs 7s] [9d]
Ronbolicous: bets $0.50
mawerik72: calls $0.50
*** RIVER *** [9s Qs 7s 9d] [Th]
Ronbolicous: bets $0.75
mawerik72: calls $0.75
*** SHOW DOWN ***
Ronbolicous: shows [Ah Qc] (two pair, Queens and Nines)
mawerik72: mucks hand 
Ronbolicous collected $4.15 from pot
*** SUMMARY ***
Total pot $4.35 | Rake $0.20 
Board [9s Qs 7s 9d Th]
Seat 1: Ronbolicous (big blind) showed [Ah Qc] and won ($4.15) with two pair, Queens and Nines
Seat 2: odi385 folded on the Flop
Seat 3: Zockerqlb folded before Flop (didn't bet)
Seat 4: yipyapsap folded before Flop (didn't bet)
Seat 5: Alameda22 folded before Flop (didn't bet)
Seat 6: mawerik72 mucked [6s Qd]
Seat 7: Robshev folded before Flop (didn't bet)
Seat 8: ROFOLD (button) folded before Flop (didn't bet)
Seat 9: J Burrow (small blind) folded before Flop



PokerStars Game #20102826964:  Hold'em No Limit ($0.10/$0.25) - 2008/09/02 20:28:16 ET
Table 'Geometria II' 9-max Seat #9 is the button
Seat 1: Ronbolicous ($13.95 in chips) 
Seat 2: odi385 ($25.35 in chips) 
Seat 3: Zockerqlb ($9.55 in chips) 
Seat 4: yipyapsap ($25 in chips) 
Seat 5: Alameda22 ($24.30 in chips) 
Seat 6: mawerik72 ($24.95 in chips) 
Seat 7: Robshev ($15.75 in chips) 
Seat 8: ROFOLD ($23.55 in chips) 
Seat 9: J Burrow ($20.50 in chips) 
Ronbolicous: posts small blind $0.10
odi385: posts big blind $0.25
*** HOLE CARDS ***
Dealt to Alameda22 [Ah 2s]
Zockerqlb: folds 
yipyapsap: folds 
Alameda22: folds 
mawerik72: calls $0.25
Robshev: folds 
ROFOLD: folds 
J Burrow: folds 
Ronbolicous: calls $0.15
odi385: checks 
*** FLOP *** [Kd Ad Tc]
Ronbolicous: checks 
odi385: checks 
mawerik72: checks 
*** TURN *** [Kd Ad Tc] [2c]
Ronbolicous: checks 
odi385: bets $0.50
mawerik72: calls $0.50
Ronbolicous: folds 
*** RIVER *** [Kd Ad Tc 2c] [Kc]
odi385: bets $1.25
mawerik72: calls $1.25
*** SHOW DOWN ***
odi385: shows [Ks Qs] (three of a kind, Kings)
mawerik72: mucks hand 
odi385 collected $4.05 from pot
*** SUMMARY ***
Total pot $4.25 | Rake $0.20 
Board [Kd Ad Tc 2c Kc]
Seat 1: Ronbolicous (small blind) folded on the Turn
Seat 2: odi385 (big blind) showed [Ks Qs] and won ($4.05) with three of a kind, Kings
Seat 3: Zockerqlb folded before Flop (didn't bet)
Seat 4: yipyapsap folded before Flop (didn't bet)
Seat 5: Alameda22 folded before Flop (didn't bet)
Seat 6: mawerik72 mucked [Th 4h]
Seat 7: Robshev folded before Flop (didn't bet)
Seat 8: ROFOLD folded before Flop (didn't bet)
Seat 9: J Burrow (button) folded before Flop (didn't bet)



PokerStars Game #20102852002:  Hold'em No Limit ($0.10/$0.25) - 2008/09/02 20:29:24 ET
Table 'Geometria II' 9-max Seat #1 is the button
Seat 1: Ronbolicous ($13.70 in chips) 
Seat 2: odi385 ($27.40 in chips) 
Seat 3: Zockerqlb ($9.55 in chips) 
Seat 4: yipyapsap ($25 in chips) 
Seat 5: Alameda22 ($24.30 in chips) 
Seat 6: mawerik72 ($22.95 in chips) 
Seat 7: Robshev ($15.75 in chips) 
Seat 8: ROFOLD ($23.55 in chips) 
Seat 9: J Burrow ($20.50 in chips) 
odi385: posts small blind $0.10
Zockerqlb: posts big blind $0.25
*** HOLE CARDS ***
Dealt to Alameda22 [3c Kd]
yipyapsap: folds 
Alameda22: folds 
mawerik72: calls $0.25
Robshev: folds 
ROFOLD: folds 
J Burrow: calls $0.25
Ronbolicous: folds 
odi385: folds 
Zockerqlb: checks 
*** FLOP *** [Ts 4s 6c]
Zockerqlb: checks 
mawerik72: bets $0.50
J Burrow: calls $0.50
Zockerqlb: folds 
*** TURN *** [Ts 4s 6c] [Ad]
mawerik72: bets $0.50
J Burrow: calls $0.50
*** RIVER *** [Ts 4s 6c Ad] [3d]
mawerik72: bets $18
J Burrow: folds 
Uncalled bet ($18) returned to mawerik72
mawerik72 collected $2.75 from pot
mawerik72: doesn't show hand 
*** SUMMARY ***
Total pot $2.85 | Rake $0.10 
Board [Ts 4s 6c Ad 3d]
Seat 1: Ronbolicous (button) folded before Flop (didn't bet)
Seat 2: odi385 (small blind) folded before Flop
Seat 3: Zockerqlb (big blind) folded on the Flop
Seat 4: yipyapsap folded before Flop (didn't bet)
Seat 5: Alameda22 folded before Flop (didn't bet)
Seat 6: mawerik72 collected ($2.75)
Seat 7: Robshev folded before Flop (didn't bet)
Seat 8: ROFOLD folded before Flop (didn't bet)
Seat 9: J Burrow folded on the River



PokerStars Game #20102879607:  Hold'em No Limit ($0.10/$0.25) - 2008/09/02 20:30:39 ET
Table 'Geometria II' 9-max Seat #2 is the button
Seat 1: Ronbolicous ($13.70 in chips) 
Seat 2: odi385 ($27.30 in chips) 
Seat 3: Zockerqlb ($9.30 in chips) 
Seat 4: yipyapsap ($25 in chips) 
Seat 5: Alameda22 ($24.30 in chips) 
Seat 6: mawerik72 ($24.45 in chips) 
Seat 7: Robshev ($15.75 in chips) 
Seat 8: ROFOLD ($23.55 in chips) 
Seat 9: J Burrow ($19.25 in chips) 
Zockerqlb: posts small blind $0.10
yipyapsap: posts big blind $0.25
*** HOLE CARDS ***
Dealt to Alameda22 [Qh 4h]
Alameda22: folds 
mawerik72: calls $0.25
Robshev: folds 
ROFOLD: folds 
J Burrow: folds 
Ronbolicous: folds 
odi385: raises $0.85 to $1.10
Zockerqlb: calls $1
yipyapsap: folds 
mawerik72: calls $0.85
*** FLOP *** [4d Ks Kd]
Zockerqlb: checks 
mawerik72: checks 
odi385: bets $1.50
Zockerqlb: calls $1.50
mawerik72: folds 
*** TURN *** [4d Ks Kd] [Ac]
Zockerqlb: checks 
odi385: checks 
*** RIVER *** [4d Ks Kd Ac] [Qc]
Zockerqlb: bets $4
odi385: raises $4 to $8
Zockerqlb: calls $2.70 and is all-in
Uncalled bet ($1.30) returned to odi385
*** SHOW DOWN ***
odi385: shows [As Ad] (a full house, Aces full of Kings)
Zockerqlb: mucks hand 
odi385 collected $19 from pot
*** SUMMARY ***
Total pot $19.95 | Rake $0.95 
Board [4d Ks Kd Ac Qc]
Seat 1: Ronbolicous folded before Flop (didn't bet)
Seat 2: odi385 (button) showed [As Ad] and won ($19) with a full house, Aces full of Kings
Seat 3: Zockerqlb (small blind) mucked [Kh Qd]
Seat 4: yipyapsap (big blind) folded before Flop
Seat 5: Alameda22 folded before Flop (didn't bet)
Seat 6: mawerik72 folded on the Flop
Seat 7: Robshev folded before Flop (didn't bet)
Seat 8: ROFOLD folded before Flop (didn't bet)
Seat 9: J Burrow folded before Flop (didn't bet)



PokerStars Game #20102907915:  Hold'em No Limit ($0.10/$0.25) - 2008/09/02 20:31:52 ET
Table 'Geometria II' 9-max Seat #3 is the button
Seat 1: Ronbolicous ($13.70 in chips) 
Seat 2: odi385 ($37 in chips) 
Seat 3: Zockerqlb ($5 in chips) 
Seat 4: yipyapsap ($24.75 in chips) 
Seat 5: Alameda22 ($24.30 in chips) 
Seat 6: mawerik72 ($23.35 in chips) 
Seat 7: Robshev ($15.75 in chips) 
Seat 8: ROFOLD ($23.55 in chips) 
Seat 9: J Burrow ($19.25 in chips) 
yipyapsap: posts small blind $0.10
Alameda22: posts big blind $0.25
*** HOLE CARDS ***
Dealt to Alameda22 [Qh Kd]
mawerik72: calls $0.25
Robshev: folds 
ROFOLD: folds 
J Burrow: folds 
Ronbolicous: folds 
odi385: folds 
Zockerqlb: folds 
yipyapsap: calls $0.15
Alameda22: checks 
*** FLOP *** [Jd 4s As]
yipyapsap: checks 
Alameda22: checks 
mawerik72: bets $0.25
yipyapsap: calls $0.25
Alameda22: folds 
*** TURN *** [Jd 4s As] [5d]
yipyapsap: checks 
mawerik72: bets $0.75
yipyapsap: folds 
Uncalled bet ($0.75) returned to mawerik72
mawerik72 collected $1.20 from pot
mawerik72: doesn't show hand 
*** SUMMARY ***
Total pot $1.25 | Rake $0.05 
Board [Jd 4s As 5d]
Seat 1: Ronbolicous folded before Flop (didn't bet)
Seat 2: odi385 folded before Flop (didn't bet)
Seat 3: Zockerqlb (button) folded before Flop (didn't bet)
Seat 4: yipyapsap (small blind) folded on the Turn
Seat 5: Alameda22 (big blind) folded on the Flop
Seat 6: mawerik72 collected ($1.20)
Seat 7: Robshev folded before Flop (didn't bet)
Seat 8: ROFOLD folded before Flop (didn't bet)
Seat 9: J Burrow folded before Flop (didn't bet)



PokerStars Game #20102934468:  Hold'em No Limit ($0.10/$0.25) - 2008/09/02 20:33:01 ET
Table 'Geometria II' 9-max Seat #4 is the button
Seat 1: Ronbolicous ($13.70 in chips) 
Seat 2: odi385 ($37 in chips) 
Seat 3: Zockerqlb ($5 in chips) 
Seat 4: yipyapsap ($24.25 in chips) 
Seat 5: Alameda22 ($24.05 in chips) 
Seat 6: mawerik72 ($24.05 in chips) 
Seat 7: Robshev ($15.75 in chips) 
Seat 8: ROFOLD ($23.55 in chips) 
Seat 9: J Burrow ($19.25 in chips) 
Alameda22: posts small blind $0.10
mawerik72: posts big blind $0.25
*** HOLE CARDS ***
Dealt to Alameda22 [Kc 2d]
Robshev: folds 
ROFOLD: folds 
J Burrow: folds 
Ronbolicous: folds 
odi385: folds 
Zockerqlb: folds 
yipyapsap: folds 
Alameda22: folds 
Uncalled bet ($0.15) returned to mawerik72
mawerik72 collected $0.20 from pot
mawerik72: doesn't show hand 
*** SUMMARY ***
Total pot $0.20 | Rake $0 
Seat 1: Ronbolicous folded before Flop (didn't bet)
Seat 2: odi385 folded before Flop (didn't bet)
Seat 3: Zockerqlb folded before Flop (didn't bet)
Seat 4: yipyapsap (button) folded before Flop (didn't bet)
Seat 5: Alameda22 (small blind) folded before Flop
Seat 6: mawerik72 (big blind) collected ($0.20)
Seat 7: Robshev folded before Flop (didn't bet)
Seat 8: ROFOLD folded before Flop (didn't bet)
Seat 9: J Burrow folded before Flop (didn't bet)



PokerStars Game #20102952105:  Hold'em No Limit ($0.10/$0.25) - 2008/09/02 20:33:47 ET
Table 'Geometria II' 9-max Seat #5 is the button
Seat 1: Ronbolicous ($13.70 in chips) 
Seat 2: odi385 ($37 in chips) 
Seat 3: Zockerqlb ($5 in chips) 
Seat 4: yipyapsap ($25 in chips) 
Seat 5: Alameda22 ($23.95 in chips) 
Seat 6: mawerik72 ($24.15 in chips) 
Seat 7: Robshev ($15.75 in chips) 
Seat 8: ROFOLD ($23.55 in chips) 
Seat 9: J Burrow ($19.25 in chips) 
mawerik72: posts small blind $0.10
Robshev: posts big blind $0.25
*** HOLE CARDS ***
Dealt to Alameda22 [9s Jc]
ROFOLD: folds 
J Burrow: calls $0.25
Ronbolicous: folds 
odi385: folds 
Zockerqlb: folds 
yipyapsap: folds 
Alameda22: folds 
mawerik72: calls $0.15
Robshev: checks 
*** FLOP *** [Kh 7c Qd]
mawerik72: bets $0.25
Robshev: folds 
J Burrow: calls $0.25
*** TURN *** [Kh 7c Qd] [3s]
mawerik72: bets $0.25
J Burrow: calls $0.25
*** RIVER *** [Kh 7c Qd 3s] [Qh]
mawerik72: bets $1
J Burrow: folds 
Uncalled bet ($1) returned to mawerik72
mawerik72 collected $1.70 from pot
mawerik72: doesn't show hand 
*** SUMMARY ***
Total pot $1.75 | Rake $0.05 
Board [Kh 7c Qd 3s Qh]
Seat 1: Ronbolicous folded before Flop (didn't bet)
Seat 2: odi385 folded before Flop (didn't bet)
Seat 3: Zockerqlb folded before Flop (didn't bet)
Seat 4: yipyapsap folded before Flop (didn't bet)
Seat 5: Alameda22 (button) folded before Flop (didn't bet)
Seat 6: mawerik72 (small blind) collected ($1.70)
Seat 7: Robshev (big blind) folded on the Flop
Seat 8: ROFOLD folded before Flop (didn't bet)
Seat 9: J Burrow folded on the River



PokerStars Game #20102976929:  Hold'em No Limit ($0.10/$0.25) - 2008/09/02 20:34:52 ET
Table 'Geometria II' 9-max Seat #6 is the button
Seat 1: Ronbolicous ($13.70 in chips) 
Seat 2: odi385 ($37 in chips) 
Seat 3: Zockerqlb ($5 in chips) 
Seat 4: yipyapsap ($25 in chips) 
Seat 5: Alameda22 ($23.95 in chips) 
Seat 6: mawerik72 ($25.10 in chips) 
Seat 7: Robshev ($15.50 in chips) 
Seat 8: ROFOLD ($23.55 in chips) 
Seat 9: J Burrow ($18.50 in chips) 
Robshev: posts small blind $0.10
ROFOLD: posts big blind $0.25
*** HOLE CARDS ***
Dealt to Alameda22 [Tc Qs]
J Burrow: folds 
Ronbolicous: calls $0.25
odi385: folds 
Zockerqlb: folds 
yipyapsap: folds 
Alameda22: folds 
mawerik72: raises $0.25 to $0.50
Robshev: folds 
ROFOLD: folds 
Ronbolicous: calls $0.25
*** FLOP *** [8c Qd 9c]
Ronbolicous: bets $0.75
mawerik72: calls $0.75
*** TURN *** [8c Qd 9c] [3d]
Ronbolicous: bets $0.75
mawerik72: calls $0.75
*** RIVER *** [8c Qd 9c 3d] [Jd]
Ronbolicous: bets $1
mawerik72: calls $1
*** SHOW DOWN ***
Ronbolicous: shows [Qc Jh] (two pair, Queens and Jacks)
mawerik72: mucks hand 
Ronbolicous collected $6.05 from pot
*** SUMMARY ***
Total pot $6.35 | Rake $0.30 
Board [8c Qd 9c 3d Jd]
Seat 1: Ronbolicous showed [Qc Jh] and won ($6.05) with two pair, Queens and Jacks
Seat 2: odi385 folded before Flop (didn't bet)
Seat 3: Zockerqlb folded before Flop (didn't bet)
Seat 4: yipyapsap folded before Flop (didn't bet)
Seat 5: Alameda22 folded before Flop (didn't bet)
Seat 6: mawerik72 (button) mucked [As 9d]
Seat 7: Robshev (small blind) folded before Flop
Seat 8: ROFOLD (big blind) folded before Flop
Seat 9: J Burrow folded before Flop (didn't bet)



PokerStars Game #20103001498:  Hold'em No Limit ($0.10/$0.25) - 2008/09/02 20:35:57 ET
Table 'Geometria II' 9-max Seat #7 is the button
Seat 1: Ronbolicous ($16.75 in chips) 
Seat 2: odi385 ($37 in chips) 
Seat 3: Zockerqlb ($5 in chips) 
Seat 4: yipyapsap ($25 in chips) 
Seat 5: Alameda22 ($23.95 in chips) 
Seat 6: mawerik72 ($22.10 in chips) 
Seat 7: Robshev ($15.40 in chips) 
Seat 8: ROFOLD ($23.30 in chips) 
Seat 9: J Burrow ($18.50 in chips) 
ROFOLD: posts small blind $0.10
J Burrow: posts big blind $0.25
*** HOLE CARDS ***
Dealt to Alameda22 [5d Jd]
Ronbolicous: folds 
odi385: folds 
Zockerqlb: raises $0.75 to $1
yipyapsap: folds 
Alameda22: folds 
mawerik72: folds 
mawerik72 leaves the table
Robshev: folds 
ROFOLD: calls $0.90
J Burrow: folds 
*** FLOP *** [2d 9c 9d]
ROFOLD: checks 
Zockerqlb: checks 
*** TURN *** [2d 9c 9d] [Kh]
ROFOLD: checks 
Zockerqlb: bets $1.50
ROFOLD: raises $2.50 to $4
extrachill joins the table at seat #6 
Zockerqlb: folds 
Uncalled bet ($2.50) returned to ROFOLD
ROFOLD collected $5 from pot
ROFOLD: doesn't show hand 
*** SUMMARY ***
Total pot $5.25 | Rake $0.25 
Board [2d 9c 9d Kh]
Seat 1: Ronbolicous folded before Flop (didn't bet)
Seat 2: odi385 folded before Flop (didn't bet)
Seat 3: Zockerqlb folded on the Turn
Seat 4: yipyapsap folded before Flop (didn't bet)
Seat 5: Alameda22 folded before Flop (didn't bet)
Seat 6: mawerik72 folded before Flop (didn't bet)
Seat 7: Robshev (button) folded before Flop (didn't bet)
Seat 8: ROFOLD (small blind) collected ($5)
Seat 9: J Burrow (big blind) folded before Flop



PokerStars Game #20103026814:  Hold'em No Limit ($0.10/$0.25) - 2008/09/02 20:37:04 ET
Table 'Geometria II' 9-max Seat #8 is the button
Seat 1: Ronbolicous ($16.75 in chips) 
Seat 2: odi385 ($37 in chips) 
Seat 3: Zockerqlb ($5 in chips) 
Seat 4: yipyapsap ($25 in chips) 
Seat 5: Alameda22 ($23.95 in chips) 
Seat 7: Robshev ($15.40 in chips) 
Seat 8: ROFOLD ($25.80 in chips) 
Seat 9: J Burrow ($18.25 in chips) 
J Burrow: posts small blind $0.10
Ronbolicous: posts big blind $0.25
extrachill: sits out 
*** HOLE CARDS ***
Dealt to Alameda22 [Qd Th]
odi385: folds 
Zockerqlb: folds 
yipyapsap: folds 
Alameda22: folds 
Robshev: folds 
ROFOLD: raises $1.25 to $1.50
J Burrow: folds 
Ronbolicous: folds 
Uncalled bet ($1.25) returned to ROFOLD
ROFOLD collected $0.60 from pot
ROFOLD: doesn't show hand 
*** SUMMARY ***
Total pot $0.60 | Rake $0 
Seat 1: Ronbolicous (big blind) folded before Flop
Seat 2: odi385 folded before Flop (didn't bet)
Seat 3: Zockerqlb folded before Flop (didn't bet)
Seat 4: yipyapsap folded before Flop (didn't bet)
Seat 5: Alameda22 folded before Flop (didn't bet)
Seat 7: Robshev folded before Flop (didn't bet)
Seat 8: ROFOLD (button) collected ($0.60)
Seat 9: J Burrow (small blind) folded before Flop



PokerStars Game #20103045873:  Hold'em No Limit ($0.10/$0.25) - 2008/09/02 20:37:54 ET
Table 'Geometria II' 9-max Seat #9 is the button
Seat 1: Ronbolicous ($16.50 in chips) 
Seat 2: odi385 ($37 in chips) 
Seat 3: Zockerqlb ($5 in chips) 
Seat 4: yipyapsap ($25 in chips) 
Seat 5: Alameda22 ($23.95 in chips) 
Seat 7: Robshev ($15.40 in chips) 
Seat 8: ROFOLD ($26.15 in chips) 
Seat 9: J Burrow ($18.15 in chips) 
Ronbolicous: posts small blind $0.10
odi385: posts big blind $0.25
extrachill: sits out 
*** HOLE CARDS ***
Dealt to Alameda22 [3d As]
Zockerqlb: folds 
yipyapsap: folds 
Alameda22: folds 
Robshev: folds 
ROFOLD: folds 
J Burrow: raises $0.75 to $1
Ronbolicous: folds 
odi385: folds 
Uncalled bet ($0.75) returned to J Burrow
J Burrow collected $0.60 from pot
J Burrow: doesn't show hand 
*** SUMMARY ***
Total pot $0.60 | Rake $0 
Seat 1: Ronbolicous (small blind) folded before Flop
Seat 2: odi385 (big blind) folded before Flop
Seat 3: Zockerqlb folded before Flop (didn't bet)
Seat 4: yipyapsap folded before Flop (didn't bet)
Seat 5: Alameda22 folded before Flop (didn't bet)
Seat 7: Robshev folded before Flop (didn't bet)
Seat 8: ROFOLD folded before Flop (didn't bet)
Seat 9: J Burrow (button) collected ($0.60)



PokerStars Game #20103067536:  Hold'em No Limit ($0.10/$0.25) - 2008/09/02 20:38:49 ET
Table 'Geometria II' 9-max Seat #1 is the button
Seat 1: Ronbolicous ($16.40 in chips) 
Seat 2: odi385 ($36.75 in chips) 
Seat 3: Zockerqlb ($5 in chips) 
Seat 4: yipyapsap ($25 in chips) 
Seat 5: Alameda22 ($23.95 in chips) 
Seat 7: Robshev ($15.40 in chips) 
Seat 8: ROFOLD ($26.15 in chips) 
Seat 9: J Burrow ($18.50 in chips) 
odi385: posts small blind $0.10
Zockerqlb: posts big blind $0.25
extrachill: sits out 
*** HOLE CARDS ***
Dealt to Alameda22 [3c 5s]
yipyapsap: folds 
Alameda22: folds 
Robshev: folds 
ROFOLD: folds 
J Burrow: calls $0.25
Ronbolicous: folds 
odi385: folds 
Zockerqlb: checks 
*** FLOP *** [9h 8s 3d]
Zockerqlb: bets $0.75
J Burrow: calls $0.75
*** TURN *** [9h 8s 3d] [2s]
Zockerqlb: bets $1.50
J Burrow: calls $1.50
*** RIVER *** [9h 8s 3d 2s] [6h]
Zockerqlb: checks 
J Burrow: checks 
*** SHOW DOWN ***
Zockerqlb: shows [8c Ad] (a pair of Eights)
J Burrow: mucks hand 
Zockerqlb collected $4.85 from pot
*** SUMMARY ***
Total pot $5.10 | Rake $0.25 
Board [9h 8s 3d 2s 6h]
Seat 1: Ronbolicous (button) folded before Flop (didn't bet)
Seat 2: odi385 (small blind) folded before Flop
Seat 3: Zockerqlb (big blind) showed [8c Ad] and won ($4.85) with a pair of Eights
Seat 4: yipyapsap folded before Flop (didn't bet)
Seat 5: Alameda22 folded before Flop (didn't bet)
Seat 7: Robshev folded before Flop (didn't bet)
Seat 8: ROFOLD folded before Flop (didn't bet)
Seat 9: J Burrow mucked [Qd Js]



PokerStars Game #20103096878:  Hold'em No Limit ($0.10/$0.25) - 2008/09/02 20:40:05 ET
Table 'Geometria II' 9-max Seat #2 is the button
Seat 1: Ronbolicous ($16.40 in chips) 
Seat 2: odi385 ($36.65 in chips) 
Seat 3: Zockerqlb ($7.35 in chips) 
Seat 4: yipyapsap ($25 in chips) 
Seat 5: Alameda22 ($23.95 in chips) 
Seat 7: Robshev ($15.40 in chips) 
Seat 8: ROFOLD ($26.15 in chips) 
Seat 9: J Burrow ($16 in chips) 
Zockerqlb: posts small blind $0.10
yipyapsap: posts big blind $0.25
extrachill: sits out 
*** HOLE CARDS ***
Dealt to Alameda22 [7s 8d]
Alameda22: folds 
Robshev: folds 
ROFOLD: folds 
J Burrow: folds 
Ronbolicous: folds 
odi385: raises $0.55 to $0.80
Zockerqlb: folds 
yipyapsap: folds 
Uncalled bet ($0.55) returned to odi385
odi385 collected $0.60 from pot
odi385: doesn't show hand 
*** SUMMARY ***
Total pot $0.60 | Rake $0 
Seat 1: Ronbolicous folded before Flop (didn't bet)
Seat 2: odi385 (button) collected ($0.60)
Seat 3: Zockerqlb (small blind) folded before Flop
Seat 4: yipyapsap (big blind) folded before Flop
Seat 5: Alameda22 folded before Flop (didn't bet)
Seat 7: Robshev folded before Flop (didn't bet)
Seat 8: ROFOLD folded before Flop (didn't bet)
Seat 9: J Burrow folded before Flop (didn't bet)



PokerStars Game #20103104605:  Hold'em No Limit ($0.10/$0.25) - 2008/09/02 20:40:25 ET
Table 'Geometria II' 9-max Seat #3 is the button
Seat 1: Ronbolicous ($16.40 in chips) 
Seat 2: odi385 ($37 in chips) 
Seat 3: Zockerqlb ($7.25 in chips) 
Seat 4: yipyapsap ($24.75 in chips) 
Seat 5: Alameda22 ($23.95 in chips) 
Seat 7: Robshev ($15.40 in chips) 
Seat 8: ROFOLD ($26.15 in chips) 
Seat 9: J Burrow ($16 in chips) 
yipyapsap: posts small blind $0.10
Alameda22: posts big blind $0.25
extrachill: sits out 
*** HOLE CARDS ***
Dealt to Alameda22 [7h Ks]
Robshev: folds 
ROFOLD: folds 
J Burrow: raises $0.75 to $1
Ronbolicous: folds 
odi385: folds 
Zockerqlb: folds 
yipyapsap: folds 
Alameda22: folds 
Uncalled bet ($0.75) returned to J Burrow
J Burrow collected $0.60 from pot
J Burrow: doesn't show hand 
*** SUMMARY ***
Total pot $0.60 | Rake $0 
Seat 1: Ronbolicous folded before Flop (didn't bet)
Seat 2: odi385 folded before Flop (didn't bet)
Seat 3: Zockerqlb (button) folded before Flop (didn't bet)
Seat 4: yipyapsap (small blind) folded before Flop
Seat 5: Alameda22 (big blind) folded before Flop
Seat 7: Robshev folded before Flop (didn't bet)
Seat 8: ROFOLD folded before Flop (didn't bet)
Seat 9: J Burrow collected ($0.60)



PokerStars Game #20103118170:  Hold'em No Limit ($0.10/$0.25) - 2008/09/02 20:41:01 ET
Table 'Geometria II' 9-max Seat #4 is the button
Seat 1: Ronbolicous ($16.40 in chips) 
Seat 2: odi385 ($37 in chips) 
Seat 3: Zockerqlb ($7.25 in chips) 
Seat 4: yipyapsap ($24.65 in chips) 
Seat 5: Alameda22 ($23.70 in chips) 
Seat 6: extrachill ($25 in chips) 
Seat 7: Robshev ($15.40 in chips) 
Seat 8: ROFOLD ($26.15 in chips) 
Seat 9: J Burrow ($16.35 in chips) 
Alameda22: posts small blind $0.10
extrachill: posts big blind $0.25
*** HOLE CARDS ***
Dealt to Alameda22 [2h 3h]
Robshev: folds 
ROFOLD: folds 
J Burrow: folds 
Ronbolicous: folds 
odi385: folds 
Zockerqlb: folds 
yipyapsap: raises $1.25 to $1.50
Alameda22: folds 
extrachill: folds 
Uncalled bet ($1.25) returned to yipyapsap
yipyapsap collected $0.60 from pot
yipyapsap: doesn't show hand 
*** SUMMARY ***
Total pot $0.60 | Rake $0 
Seat 1: Ronbolicous folded before Flop (didn't bet)
Seat 2: odi385 folded before Flop (didn't bet)
Seat 3: Zockerqlb folded before Flop (didn't bet)
Seat 4: yipyapsap (button) collected ($0.60)
Seat 5: Alameda22 (small blind) folded before Flop
Seat 6: extrachill (big blind) folded before Flop
Seat 7: Robshev folded before Flop (didn't bet)
Seat 8: ROFOLD folded before Flop (didn't bet)
Seat 9: J Burrow folded before Flop (didn't bet)



PokerStars Game #20103137681:  Hold'em No Limit ($0.10/$0.25) - 2008/09/02 20:41:52 ET
Table 'Geometria II' 9-max Seat #5 is the button
Seat 1: Ronbolicous ($16.40 in chips) 
Seat 2: odi385 ($37 in chips) 
Seat 3: Zockerqlb ($7.25 in chips) 
Seat 4: yipyapsap ($25 in chips) 
Seat 5: Alameda22 ($23.60 in chips) 
Seat 6: extrachill ($24.75 in chips) 
Seat 8: ROFOLD ($26.15 in chips) 
Seat 9: J Burrow ($16.35 in chips) 
extrachill: posts small blind $0.10
Robshev: is sitting out 
ROFOLD: posts big blind $0.25
*** HOLE CARDS ***
Dealt to Alameda22 [8c 5h]
J Burrow: folds 
Ronbolicous: raises $0.25 to $0.50
odi385: folds 
Zockerqlb: folds 
yipyapsap: folds 
Alameda22: folds 
extrachill: folds 
Robshev leaves the table
ROFOLD: calls $0.25
*** FLOP *** [9c Tc 4h]
ROFOLD: checks 
Ronbolicous: checks 
*** TURN *** [9c Tc 4h] [7h]
ROFOLD: checks 
Ronbolicous: checks 
*** RIVER *** [9c Tc 4h 7h] [Th]
ROFOLD: checks 
Ronbolicous: checks 
*** SHOW DOWN ***
ROFOLD: shows [Ah Qc] (a pair of Tens)
Ronbolicous: mucks hand 
ROFOLD collected $1.05 from pot
*** SUMMARY ***
Total pot $1.10 | Rake $0.05 
Board [9c Tc 4h 7h Th]
Seat 1: Ronbolicous mucked [Qs Kh]
Seat 2: odi385 folded before Flop (didn't bet)
Seat 3: Zockerqlb folded before Flop (didn't bet)
Seat 4: yipyapsap folded before Flop (didn't bet)
Seat 5: Alameda22 (button) folded before Flop (didn't bet)
Seat 6: extrachill (small blind) folded before Flop
Seat 8: ROFOLD (big blind) showed [Ah Qc] and won ($1.05) with a pair of Tens
Seat 9: J Burrow folded before Flop (didn't bet)



PokerStars Game #20103157615:  Hold'em No Limit ($0.10/$0.25) - 2008/09/02 20:42:44 ET
Table 'Geometria II' 9-max Seat #6 is the button
Seat 1: Ronbolicous ($15.90 in chips) 
Seat 2: odi385 ($37 in chips) 
Seat 3: Zockerqlb ($7.25 in chips) 
Seat 4: yipyapsap ($25 in chips) 
Seat 5: Alameda22 ($23.60 in chips) 
Seat 6: extrachill ($24.65 in chips) 
Seat 8: ROFOLD ($26.70 in chips) 
Seat 9: J Burrow ($16.35 in chips) 
ROFOLD: posts small blind $0.10
J Burrow: posts big blind $0.25
*** HOLE CARDS ***
Dealt to Alameda22 [4d Jd]
Ronbolicous: folds 
odi385: calls $0.25
Zockerqlb: folds 
yipyapsap: folds 
Alameda22: folds 
extrachill: folds 
ROFOLD: folds 
J Burrow: checks 
*** FLOP *** [Kc Th Qd]
J Burrow: checks 
odi385: checks 
*** TURN *** [Kc Th Qd] [Ah]
J Burrow: checks 
odi385: checks 
*** RIVER *** [Kc Th Qd Ah] [Ac]
J Burrow: checks 
odi385: checks 
*** SHOW DOWN ***
J Burrow: shows [Kd 2d] (two pair, Aces and Kings)
odi385: mucks hand 
J Burrow collected $0.60 from pot
*** SUMMARY ***
Total pot $0.60 | Rake $0 
Board [Kc Th Qd Ah Ac]
Seat 1: Ronbolicous folded before Flop (didn't bet)
Seat 2: odi385 mucked [7c 7h]
Seat 3: Zockerqlb folded before Flop (didn't bet)
Seat 4: yipyapsap folded before Flop (didn't bet)
Seat 5: Alameda22 folded before Flop (didn't bet)
Seat 6: extrachill (button) folded before Flop (didn't bet)
Seat 8: ROFOLD (small blind) folded before Flop
Seat 9: J Burrow (big blind) showed [Kd 2d] and won ($0.60) with two pair, Aces and Kings



PokerStars Game #20103181859:  Hold'em No Limit ($0.10/$0.25) - 2008/09/02 20:43:50 ET
Table 'Geometria II' 9-max Seat #8 is the button
Seat 1: Ronbolicous ($15.90 in chips) 
Seat 2: odi385 ($36.75 in chips) 
Seat 3: Zockerqlb ($7.25 in chips) 
Seat 4: yipyapsap ($25 in chips) 
Seat 5: Alameda22 ($23.60 in chips) 
Seat 6: extrachill ($24.65 in chips) 
Seat 8: ROFOLD ($26.60 in chips) 
Seat 9: J Burrow ($16.70 in chips) 
J Burrow: posts small blind $0.10
Ronbolicous: posts big blind $0.25
*** HOLE CARDS ***
Dealt to Alameda22 [3h 6c]
odi385: folds 
Zockerqlb: folds 
yipyapsap: folds 
Alameda22: folds 
extrachill: folds 
ROFOLD: folds 
J Burrow: calls $0.15
Ronbolicous: checks 
*** FLOP *** [Ac 3c Ah]
J Burrow: checks 
Ronbolicous: checks 
*** TURN *** [Ac 3c Ah] [Qd]
J Burrow: bets $0.50
Ronbolicous: folds 
Uncalled bet ($0.50) returned to J Burrow
J Burrow collected $0.50 from pot
J Burrow: doesn't show hand 
*** SUMMARY ***
Total pot $0.50 | Rake $0 
Board [Ac 3c Ah Qd]
Seat 1: Ronbolicous (big blind) folded on the Turn
Seat 2: odi385 folded before Flop (didn't bet)
Seat 3: Zockerqlb folded before Flop (didn't bet)
Seat 4: yipyapsap folded before Flop (didn't bet)
Seat 5: Alameda22 folded before Flop (didn't bet)
Seat 6: extrachill folded before Flop (didn't bet)
Seat 8: ROFOLD (button) folded before Flop (didn't bet)
Seat 9: J Burrow (small blind) collected ($0.50)



PokerStars Game #20103197735:  Hold'em No Limit ($0.10/$0.25) - 2008/09/02 20:44:32 ET
Table 'Geometria II' 9-max Seat #9 is the button
Seat 1: Ronbolicous ($15.65 in chips) 
Seat 2: odi385 ($36.75 in chips) 
Seat 3: Zockerqlb ($7.25 in chips) 
Seat 4: yipyapsap ($25 in chips) 
Seat 5: Alameda22 ($23.60 in chips) 
Seat 6: extrachill ($24.65 in chips) 
Seat 8: ROFOLD ($26.60 in chips) 
Seat 9: J Burrow ($16.95 in chips) 
Ronbolicous: posts small blind $0.10
odi385: posts big blind $0.25
*** HOLE CARDS ***
Dealt to Alameda22 [Js 3h]
Zockerqlb: folds 
yipyapsap: raises $0.75 to $1
Alameda22: folds 
extrachill: folds 
ROFOLD: folds 
J Burrow: folds 
Ronbolicous: folds 
odi385: folds 
Uncalled bet ($0.75) returned to yipyapsap
yipyapsap collected $0.60 from pot
yipyapsap: doesn't show hand 
*** SUMMARY ***
Total pot $0.60 | Rake $0 
Seat 1: Ronbolicous (small blind) folded before Flop
Seat 2: odi385 (big blind) folded before Flop
Seat 3: Zockerqlb folded before Flop (didn't bet)
Seat 4: yipyapsap collected ($0.60)
Seat 5: Alameda22 folded before Flop (didn't bet)
Seat 6: extrachill folded before Flop (didn't bet)
Seat 8: ROFOLD folded before Flop (didn't bet)
Seat 9: J Burrow (button) folded before Flop (didn't bet)



PokerStars Game #20103209734:  Hold'em No Limit ($0.10/$0.25) - 2008/09/02 20:45:03 ET
Table 'Geometria II' 9-max Seat #1 is the button
Seat 1: Ronbolicous ($15.55 in chips) 
Seat 2: odi385 ($36.50 in chips) 
Seat 4: yipyapsap ($25.35 in chips) 
Seat 5: Alameda22 ($23.60 in chips) 
Seat 6: extrachill ($24.65 in chips) 
Seat 8: ROFOLD ($26.60 in chips) 
Seat 9: J Burrow ($16.95 in chips) 
odi385: posts small blind $0.10
Zockerqlb: is sitting out 
yipyapsap: posts big blind $0.25
*** HOLE CARDS ***
Dealt to Alameda22 [Ts 3c]
Zockerqlb leaves the table
AcesG13 joins the table at seat #7 
Alameda22: folds 
extrachill: folds 
ROFOLD: folds 
J Burrow: calls $0.25
Ronbolicous: folds 
odi385: folds 
yipyapsap: checks 
*** FLOP *** [3s 7s 9d]
yipyapsap: bets $0.75
J Burrow: calls $0.75
*** TURN *** [3s 7s 9d] [6d]
yipyapsap: checks 
J Burrow: bets $1
yipyapsap: calls $1
*** RIVER *** [3s 7s 9d 6d] [Jc]
yipyapsap: checks 
J Burrow: checks 
*** SHOW DOWN ***
yipyapsap: shows [Qs As] (high card Ace)
J Burrow: shows [9c Qc] (a pair of Nines)
J Burrow collected $3.90 from pot
*** SUMMARY ***
Total pot $4.10 | Rake $0.20 
Board [3s 7s 9d 6d Jc]
Seat 1: Ronbolicous (button) folded before Flop (didn't bet)
Seat 2: odi385 (small blind) folded before Flop
Seat 4: yipyapsap (big blind) showed [Qs As] and lost with high card Ace
Seat 5: Alameda22 folded before Flop (didn't bet)
Seat 6: extrachill folded before Flop (didn't bet)
Seat 8: ROFOLD folded before Flop (didn't bet)
Seat 9: J Burrow showed [9c Qc] and won ($3.90) with a pair of Nines



PokerStars Game #20103240156:  Hold'em No Limit ($0.10/$0.25) - 2008/09/02 20:46:23 ET
Table 'Geometria II' 9-max Seat #2 is the button
Seat 1: Ronbolicous ($15.55 in chips) 
Seat 2: odi385 ($36.40 in chips) 
Seat 4: yipyapsap ($25 in chips) 
Seat 5: Alameda22 ($23.60 in chips) 
Seat 6: extrachill ($24.65 in chips) 
Seat 8: ROFOLD ($26.60 in chips) 
Seat 9: J Burrow ($18.85 in chips) 
yipyapsap: posts small blind $0.10
Alameda22: posts big blind $0.25
dukitup joins the table at seat #3 
AcesG13: sits out 
*** HOLE CARDS ***
Dealt to Alameda22 [6s Ks]
extrachill: folds 
ROFOLD: folds 
J Burrow: folds 
Ronbolicous: folds 
odi385: folds 
yipyapsap: folds 
Uncalled bet ($0.15) returned to Alameda22
Alameda22 collected $0.20 from pot
Alameda22: doesn't show hand 
*** SUMMARY ***
Total pot $0.20 | Rake $0 
Seat 1: Ronbolicous folded before Flop (didn't bet)
Seat 2: odi385 (button) folded before Flop (didn't bet)
Seat 4: yipyapsap (small blind) folded before Flop
Seat 5: Alameda22 (big blind) collected ($0.20)
Seat 6: extrachill folded before Flop (didn't bet)
Seat 8: ROFOLD folded before Flop (didn't bet)
Seat 9: J Burrow folded before Flop (didn't bet)



PokerStars Game #20103255691:  Hold'em No Limit ($0.10/$0.25) - 2008/09/02 20:47:04 ET
Table 'Geometria II' 9-max Seat #4 is the button
Seat 1: Ronbolicous ($15.55 in chips) 
Seat 2: odi385 ($36.40 in chips) 
Seat 3: dukitup ($5 in chips) 
Seat 4: yipyapsap ($24.90 in chips) 
Seat 5: Alameda22 ($23.70 in chips) 
Seat 6: extrachill ($24.65 in chips) 
Seat 8: ROFOLD ($26.60 in chips) 
Seat 9: J Burrow ($18.85 in chips) 
Alameda22: posts small blind $0.10
extrachill: posts big blind $0.25
AcesG13: sits out 
dukitup: posts big blind $0.25
*** HOLE CARDS ***
Dealt to Alameda22 [4h 7s]
ROFOLD: folds 
J Burrow: folds 
Ronbolicous: folds 
odi385: folds 
dukitup: checks 
yipyapsap: folds 
Alameda22: folds 
extrachill: checks 
*** FLOP *** [Jh As 9h]
extrachill: checks 
dukitup: checks 
*** TURN *** [Jh As 9h] [9c]
extrachill: checks 
dukitup: bets $0.25
extrachill: folds 
Uncalled bet ($0.25) returned to dukitup
dukitup collected $0.60 from pot
dukitup: doesn't show hand 
*** SUMMARY ***
Total pot $0.60 | Rake $0 
Board [Jh As 9h 9c]
Seat 1: Ronbolicous folded before Flop (didn't bet)
Seat 2: odi385 folded before Flop (didn't bet)
Seat 3: dukitup collected ($0.60)
Seat 4: yipyapsap (button) folded before Flop (didn't bet)
Seat 5: Alameda22 (small blind) folded before Flop
Seat 6: extrachill (big blind) folded on the Turn
Seat 8: ROFOLD folded before Flop (didn't bet)
Seat 9: J Burrow folded before Flop (didn't bet)



PokerStars Game #20103295069:  Hold'em No Limit ($0.10/$0.25) - 2008/09/02 20:48:50 ET
Table 'Geometria II' 9-max Seat #5 is the button
Seat 1: Ronbolicous ($15.55 in chips) 
Seat 2: odi385 ($36.40 in chips) 
Seat 3: dukitup ($5.35 in chips) 
Seat 4: yipyapsap ($24.90 in chips) 
Seat 5: Alameda22 ($23.60 in chips) 
Seat 6: extrachill ($24.40 in chips) 
Seat 7: AcesG13 ($13 in chips) 
Seat 8: ROFOLD ($26.60 in chips) 
Seat 9: J Burrow ($18.85 in chips) 
extrachill: posts small blind $0.10
AcesG13: posts big blind $0.25
*** HOLE CARDS ***
Dealt to Alameda22 [7s As]
ROFOLD: folds 
J Burrow: calls $0.25
Ronbolicous: folds 
odi385: folds 
dukitup: folds 
yipyapsap: folds 
Alameda22: folds 
extrachill: folds 
AcesG13: checks 
*** FLOP *** [2c Qc Th]
AcesG13: checks 
J Burrow: checks 
*** TURN *** [2c Qc Th] [6s]
AcesG13: checks 
J Burrow: checks 
*** RIVER *** [2c Qc Th 6s] [3d]
AcesG13: bets $0.60
J Burrow: folds 
Uncalled bet ($0.60) returned to AcesG13
AcesG13 collected $0.60 from pot
AcesG13: doesn't show hand 
*** SUMMARY ***
Total pot $0.60 | Rake $0 
Board [2c Qc Th 6s 3d]
Seat 1: Ronbolicous folded before Flop (didn't bet)
Seat 2: odi385 folded before Flop (didn't bet)
Seat 3: dukitup folded before Flop (didn't bet)
Seat 4: yipyapsap folded before Flop (didn't bet)
Seat 5: Alameda22 (button) folded before Flop (didn't bet)
Seat 6: extrachill (small blind) folded before Flop
Seat 7: AcesG13 (big blind) collected ($0.60)
Seat 8: ROFOLD folded before Flop (didn't bet)
Seat 9: J Burrow folded on the River



PokerStars Game #20103318795:  Hold'em No Limit ($0.10/$0.25) - 2008/09/02 20:49:53 ET
Table 'Geometria II' 9-max Seat #6 is the button
Seat 1: Ronbolicous ($15.55 in chips) 
Seat 2: odi385 ($36.40 in chips) 
Seat 3: dukitup ($5.35 in chips) 
Seat 4: yipyapsap ($24.90 in chips) 
Seat 5: Alameda22 ($23.60 in chips) 
Seat 6: extrachill ($24.30 in chips) 
Seat 7: AcesG13 ($13.35 in chips) 
Seat 8: ROFOLD ($26.60 in chips) 
Seat 9: J Burrow ($18.60 in chips) 
AcesG13: posts small blind $0.10
ROFOLD: posts big blind $0.25
*** HOLE CARDS ***
Dealt to Alameda22 [Jc 2h]
J Burrow: calls $0.25
Ronbolicous: folds 
odi385: folds 
dukitup: folds 
yipyapsap: folds 
Alameda22: folds 
extrachill: raises $1 to $1.25
AcesG13 is disconnected 
AcesG13 has timed out while disconnected
AcesG13: folds 
AcesG13 is sitting out
ROFOLD: folds 
J Burrow: calls $1
*** FLOP *** [As 8d 5c]
J Burrow: checks 
extrachill: checks 
*** TURN *** [As 8d 5c] [6h]
J Burrow: checks 
extrachill: checks 
*** RIVER *** [As 8d 5c 6h] [9d]
J Burrow: checks 
extrachill: checks 
*** SHOW DOWN ***
J Burrow: shows [Kc Jd] (high card Ace)
extrachill: shows [Kd Kh] (a pair of Kings)
extrachill collected $2.75 from pot
*** SUMMARY ***
Total pot $2.85 | Rake $0.10 
Board [As 8d 5c 6h 9d]
Seat 1: Ronbolicous folded before Flop (didn't bet)
Seat 2: odi385 folded before Flop (didn't bet)
Seat 3: dukitup folded before Flop (didn't bet)
Seat 4: yipyapsap folded before Flop (didn't bet)
Seat 5: Alameda22 folded before Flop (didn't bet)
Seat 6: extrachill (button) showed [Kd Kh] and won ($2.75) with a pair of Kings
Seat 7: AcesG13 (small blind) folded before Flop
Seat 8: ROFOLD (big blind) folded before Flop
Seat 9: J Burrow showed [Kc Jd] and lost with high card Ace



PokerStars Game #20103358520:  Hold'em No Limit ($0.10/$0.25) - 2008/09/02 20:51:38 ET
Table 'Geometria II' 9-max Seat #8 is the button
Seat 1: Ronbolicous ($15.55 in chips) 
Seat 2: odi385 ($36.40 in chips) 
Seat 3: dukitup ($5.35 in chips) 
Seat 4: yipyapsap ($24.90 in chips) 
Seat 5: Alameda22 ($23.60 in chips) 
Seat 6: extrachill ($25.80 in chips) 
Seat 8: ROFOLD ($26.35 in chips) 
Seat 9: J Burrow ($17.35 in chips) 
J Burrow: posts small blind $0.10
Ronbolicous: posts big blind $0.25
*** HOLE CARDS ***
Dealt to Alameda22 [3c Td]
odi385: folds 
dukitup: raises $0.50 to $0.75
yipyapsap: folds 
Alameda22: folds 
extrachill: calls $0.75
ROFOLD: folds 
J Burrow: calls $0.65
Ronbolicous: folds 
*** FLOP *** [Ac 3h 8c]
J Burrow: checks 
dukitup: checks 
extrachill: checks 
*** TURN *** [Ac 3h 8c] [7s]
J Burrow: checks 
dukitup: bets $0.75
extrachill: folds 
J Burrow: folds 
Uncalled bet ($0.75) returned to dukitup
dukitup collected $2.40 from pot
dukitup: doesn't show hand 
*** SUMMARY ***
Total pot $2.50 | Rake $0.10 
Board [Ac 3h 8c 7s]
Seat 1: Ronbolicous (big blind) folded before Flop
Seat 2: odi385 folded before Flop (didn't bet)
Seat 3: dukitup collected ($2.40)
Seat 4: yipyapsap folded before Flop (didn't bet)
Seat 5: Alameda22 folded before Flop (didn't bet)
Seat 6: extrachill folded on the Turn
Seat 8: ROFOLD (button) folded before Flop (didn't bet)
Seat 9: J Burrow (small blind) folded on the Turn



PokerStars Game #20103382935:  Hold'em No Limit ($0.10/$0.25) - 2008/09/02 20:52:43 ET
Table 'Geometria II' 9-max Seat #9 is the button
Seat 1: Ronbolicous ($15.30 in chips) 
Seat 2: odi385 ($36.40 in chips) 
Seat 3: dukitup ($7 in chips) 
Seat 4: yipyapsap ($24.90 in chips) 
Seat 5: Alameda22 ($23.60 in chips) 
Seat 6: extrachill ($25.05 in chips) 
Seat 8: ROFOLD ($26.35 in chips) 
Seat 9: J Burrow ($16.60 in chips) 
Ronbolicous: posts small blind $0.10
odi385: posts big blind $0.25
*** HOLE CARDS ***
Dealt to Alameda22 [7d Ad]
dukitup: folds 
yipyapsap: folds 
Alameda22: folds 
extrachill: folds 
ROFOLD: folds 
J Burrow: calls $0.25
Ronbolicous: calls $0.15
odi385: checks 
*** FLOP *** [7h Qs Jd]
Ronbolicous: bets $0.50
odi385: folds 
J Burrow: folds 
Uncalled bet ($0.50) returned to Ronbolicous
Ronbolicous collected $0.75 from pot
Ronbolicous: doesn't show hand 
*** SUMMARY ***
Total pot $0.75 | Rake $0 
Board [7h Qs Jd]
Seat 1: Ronbolicous (small blind) collected ($0.75)
Seat 2: odi385 (big blind) folded on the Flop
Seat 3: dukitup folded before Flop (didn't bet)
Seat 4: yipyapsap folded before Flop (didn't bet)
Seat 5: Alameda22 folded before Flop (didn't bet)
Seat 6: extrachill folded before Flop (didn't bet)
Seat 8: ROFOLD folded before Flop (didn't bet)
Seat 9: J Burrow (button) folded on the Flop



PokerStars Game #20103401367:  Hold'em No Limit ($0.10/$0.25) - 2008/09/02 20:53:33 ET
Table 'Geometria II' 9-max Seat #1 is the button
Seat 1: Ronbolicous ($15.80 in chips) 
Seat 2: odi385 ($36.15 in chips) 
Seat 3: dukitup ($7 in chips) 
Seat 4: yipyapsap ($25 in chips) 
Seat 5: Alameda22 ($23.60 in chips) 
Seat 6: extrachill ($25.05 in chips) 
Seat 8: ROFOLD ($26.35 in chips) 
Seat 9: J Burrow ($16.35 in chips) 
odi385: posts small blind $0.10
dukitup: posts big blind $0.25
*** HOLE CARDS ***
Dealt to Alameda22 [9c 4h]
yipyapsap: folds 
Alameda22: folds 
extrachill: raises $0.75 to $1
ROFOLD: folds 
J Burrow: folds 
Ronbolicous: folds 
odi385: folds 
dukitup: calls $0.75
*** FLOP *** [Jc 9s 9d]
dukitup: checks 
extrachill: bets $1.50
dukitup: folds 
Uncalled bet ($1.50) returned to extrachill
extrachill collected $2 from pot
extrachill: doesn't show hand 
*** SUMMARY ***
Total pot $2.10 | Rake $0.10 
Board [Jc 9s 9d]
Seat 1: Ronbolicous (button) folded before Flop (didn't bet)
Seat 2: odi385 (small blind) folded before Flop
Seat 3: dukitup (big blind) folded on the Flop
Seat 4: yipyapsap folded before Flop (didn't bet)
Seat 5: Alameda22 folded before Flop (didn't bet)
Seat 6: extrachill collected ($2)
Seat 8: ROFOLD folded before Flop (didn't bet)
Seat 9: J Burrow folded before Flop (didn't bet)



PokerStars Game #20103418594:  Hold'em No Limit ($0.10/$0.25) - 2008/09/02 20:54:20 ET
Table 'Geometria II' 9-max Seat #2 is the button
Seat 1: Ronbolicous ($15.80 in chips) 
Seat 2: odi385 ($36.05 in chips) 
Seat 3: dukitup ($6 in chips) 
Seat 4: yipyapsap ($25 in chips) 
Seat 5: Alameda22 ($23.60 in chips) 
Seat 6: extrachill ($26.05 in chips) 
Seat 8: ROFOLD ($26.35 in chips) 
Seat 9: J Burrow ($16.35 in chips) 
dukitup: posts small blind $0.10
yipyapsap: posts big blind $0.25
*** HOLE CARDS ***
Dealt to Alameda22 [4s Jc]
Alameda22: folds 
extrachill: folds 
ROFOLD: folds 
J Burrow: calls $0.25
Ronbolicous: calls $0.25
odi385: raises $0.50 to $0.75
dukitup: folds 
yipyapsap: folds 
J Burrow: calls $0.50
Ronbolicous: folds 
*** FLOP *** [5c 3d 6d]
J Burrow: checks 
odi385: checks 
*** TURN *** [5c 3d 6d] [8c]
J Burrow: bets $1
odi385: folds 
Uncalled bet ($1) returned to J Burrow
J Burrow collected $2 from pot
J Burrow: doesn't show hand 
*** SUMMARY ***
Total pot $2.10 | Rake $0.10 
Board [5c 3d 6d 8c]
Seat 1: Ronbolicous folded before Flop
Seat 2: odi385 (button) folded on the Turn
Seat 3: dukitup (small blind) folded before Flop
Seat 4: yipyapsap (big blind) folded before Flop
Seat 5: Alameda22 folded before Flop (didn't bet)
Seat 6: extrachill folded before Flop (didn't bet)
Seat 8: ROFOLD folded before Flop (didn't bet)
Seat 9: J Burrow collected ($2)



PokerStars Game #20103435921:  Hold'em No Limit ($0.10/$0.25) - 2008/09/02 20:55:07 ET
Table 'Geometria II' 9-max Seat #3 is the button
Seat 1: Ronbolicous ($15.55 in chips) 
Seat 2: odi385 ($35.30 in chips) 
Seat 3: dukitup ($5.90 in chips) 
Seat 4: yipyapsap ($24.75 in chips) 
Seat 5: Alameda22 ($23.60 in chips) 
Seat 6: extrachill ($26.05 in chips) 
Seat 8: ROFOLD ($26.35 in chips) 
Seat 9: J Burrow ($17.60 in chips) 
yipyapsap: posts small blind $0.10
Alameda22: posts big blind $0.25
*** HOLE CARDS ***
Dealt to Alameda22 [3c Ks]
extrachill: raises $0.75 to $1
ROFOLD: folds 
J Burrow: folds 
Ronbolicous: folds 
odi385: folds 
dukitup: folds 
yipyapsap: calls $0.90
dukitup is sitting out
dukitup has returned
Alameda22: folds 
*** FLOP *** [5d 2d 9c]
yipyapsap: checks 
extrachill: bets $1.60
yipyapsap: raises $2.40 to $4
extrachill: folds 
Uncalled bet ($2.40) returned to yipyapsap
yipyapsap collected $5.20 from pot
*** SUMMARY ***
Total pot $5.45 | Rake $0.25 
Board [5d 2d 9c]
Seat 1: Ronbolicous folded before Flop (didn't bet)
Seat 2: odi385 folded before Flop (didn't bet)
Seat 3: dukitup (button) folded before Flop (didn't bet)
Seat 4: yipyapsap (small blind) collected ($5.20)
Seat 5: Alameda22 (big blind) folded before Flop
Seat 6: extrachill folded on the Flop
Seat 8: ROFOLD folded before Flop (didn't bet)
Seat 9: J Burrow folded before Flop (didn't bet)



PokerStars Game #20103457663:  Hold'em No Limit ($0.10/$0.25) - 2008/09/02 20:56:05 ET
Table 'Geometria II' 9-max Seat #4 is the button
Seat 1: Ronbolicous ($15.55 in chips) 
Seat 2: odi385 ($35.30 in chips) 
Seat 3: dukitup ($5.90 in chips) 
Seat 4: yipyapsap ($27.35 in chips) 
Seat 5: Alameda22 ($23.35 in chips) 
Seat 6: extrachill ($25 in chips) 
Seat 8: ROFOLD ($26.35 in chips) 
Seat 9: J Burrow ($17.60 in chips) 
Alameda22: posts small blind $0.10
extrachill: posts big blind $0.25
*** HOLE CARDS ***
Dealt to Alameda22 [5h Qd]
ROFOLD: folds 
J Burrow: calls $0.25
Ronbolicous: folds 
odi385: calls $0.25
dukitup: calls $0.25
yipyapsap: folds 
Alameda22: folds 
extrachill: checks 
*** FLOP *** [2c Ac Ad]
extrachill: checks 
J Burrow: checks 
odi385: checks 
dukitup: checks 
*** TURN *** [2c Ac Ad] [Qs]
extrachill: checks 
J Burrow: checks 
odi385: checks 
dukitup: checks 
*** RIVER *** [2c Ac Ad Qs] [4s]
extrachill: checks 
J Burrow: checks 
odi385: checks 
dukitup: checks 
*** SHOW DOWN ***
extrachill: shows [7h 8h] (a pair of Aces)
J Burrow: shows [Kd 9d] (a pair of Aces - King kicker)
odi385: mucks hand 
dukitup: mucks hand 
J Burrow collected $1.05 from pot
*** SUMMARY ***
Total pot $1.10 | Rake $0.05 
Board [2c Ac Ad Qs 4s]
Seat 1: Ronbolicous folded before Flop (didn't bet)
Seat 2: odi385 mucked [6d 7d]
Seat 3: dukitup mucked [Ts 9s]
Seat 4: yipyapsap (button) folded before Flop (didn't bet)
Seat 5: Alameda22 (small blind) folded before Flop
Seat 6: extrachill (big blind) showed [7h 8h] and lost with a pair of Aces
Seat 8: ROFOLD folded before Flop (didn't bet)
Seat 9: J Burrow showed [Kd 9d] and won ($1.05) with a pair of Aces



PokerStars Game #20103507311:  Hold'em No Limit ($0.10/$0.25) - 2008/09/02 20:58:20 ET
Table 'Geometria II' 9-max Seat #5 is the button
Seat 1: Ronbolicous ($15.55 in chips) 
Seat 2: odi385 ($35.05 in chips) 
Seat 3: dukitup ($5.65 in chips) 
Seat 4: yipyapsap ($27.35 in chips) 
Seat 5: Alameda22 ($23.25 in chips) 
Seat 6: extrachill ($25 in chips) 
Seat 8: ROFOLD ($26.35 in chips) 
Seat 9: J Burrow ($18.40 in chips) 
extrachill: posts small blind $0.10
ROFOLD: posts big blind $0.25
*** HOLE CARDS ***
Dealt to Alameda22 [4c Ad]
J Burrow: calls $0.25
Ronbolicous: calls $0.25
odi385: folds 
dukitup: folds 
yipyapsap: folds 
Alameda22: folds 
extrachill: folds 
ROFOLD: checks 
*** FLOP *** [7d 7h 5c]
ROFOLD: checks 
J Burrow: bets $0.75
Ronbolicous: folds 
ROFOLD: folds 
Uncalled bet ($0.75) returned to J Burrow
J Burrow collected $0.85 from pot
J Burrow: doesn't show hand 
*** SUMMARY ***
Total pot $0.85 | Rake $0 
Board [7d 7h 5c]
Seat 1: Ronbolicous folded on the Flop
Seat 2: odi385 folded before Flop (didn't bet)
Seat 3: dukitup folded before Flop (didn't bet)
Seat 4: yipyapsap folded before Flop (didn't bet)
Seat 5: Alameda22 (button) folded before Flop (didn't bet)
Seat 6: extrachill (small blind) folded before Flop
Seat 8: ROFOLD (big blind) folded on the Flop
Seat 9: J Burrow collected ($0.85)



PokerStars Game #20103524840:  Hold'em No Limit ($0.10/$0.25) - 2008/09/02 20:59:07 ET
Table 'Geometria II' 9-max Seat #6 is the button
Seat 1: Ronbolicous ($15.30 in chips) 
Seat 2: odi385 ($35.05 in chips) 
Seat 3: dukitup ($5.65 in chips) 
Seat 4: yipyapsap ($27.35 in chips) 
Seat 5: Alameda22 ($23.25 in chips) 
Seat 6: extrachill ($24.90 in chips) 
Seat 8: ROFOLD ($26.10 in chips) 
Seat 9: J Burrow ($19 in chips) 
ROFOLD: posts small blind $0.10
J Burrow: posts big blind $0.25
*** HOLE CARDS ***
Dealt to Alameda22 [3d 7c]
Ronbolicous: folds 
odi385: folds 
dukitup: folds 
yipyapsap: folds 
Alameda22: folds 
extrachill: folds 
ROFOLD: folds 
Uncalled bet ($0.15) returned to J Burrow
J Burrow collected $0.20 from pot
*** SUMMARY ***
Total pot $0.20 | Rake $0 
Seat 1: Ronbolicous folded before Flop (didn't bet)
Seat 2: odi385 folded before Flop (didn't bet)
Seat 3: dukitup folded before Flop (didn't bet)
Seat 4: yipyapsap folded before Flop (didn't bet)
Seat 5: Alameda22 folded before Flop (didn't bet)
Seat 6: extrachill (button) folded before Flop (didn't bet)
Seat 8: ROFOLD (small blind) folded before Flop
Seat 9: J Burrow (big blind) collected ($0.20)



PokerStars Game #20103534678:  Hold'em No Limit ($0.10/$0.25) - 2008/09/02 20:59:34 ET
Table 'Geometria II' 9-max Seat #8 is the button
Seat 1: Ronbolicous ($15.30 in chips) 
Seat 2: odi385 ($35.05 in chips) 
Seat 3: dukitup ($5.65 in chips) 
Seat 4: yipyapsap ($27.35 in chips) 
Seat 5: Alameda22 ($23.25 in chips) 
Seat 6: extrachill ($24.90 in chips) 
Seat 8: ROFOLD ($26 in chips) 
J Burrow is disconnected 
J Burrow has timed out while disconnected
J Burrow: is sitting out 
Ronbolicous: posts small blind $0.10
odi385: posts big blind $0.25
*** HOLE CARDS ***
Dealt to Alameda22 [3c 4s]
dukitup: folds 
yipyapsap: folds 
Alameda22: folds 
extrachill: folds 
ROFOLD: folds 
Ronbolicous: calls $0.15
odi385: checks 
*** FLOP *** [Td Qh 9s]
Ronbolicous: bets $0.50
odi385: folds 
Uncalled bet ($0.50) returned to Ronbolicous
Ronbolicous collected $0.50 from pot
Ronbolicous: doesn't show hand 
*** SUMMARY ***
Total pot $0.50 | Rake $0 
Board [Td Qh 9s]
Seat 1: Ronbolicous (small blind) collected ($0.50)
Seat 2: odi385 (big blind) folded on the Flop
Seat 3: dukitup folded before Flop (didn't bet)
Seat 4: yipyapsap folded before Flop (didn't bet)
Seat 5: Alameda22 folded before Flop (didn't bet)
Seat 6: extrachill folded before Flop (didn't bet)
Seat 8: ROFOLD (button) folded before Flop (didn't bet)



PokerStars Game #20103563754:  Hold'em No Limit ($0.10/$0.25) - 2008/09/02 21:00:52 ET
Table 'Geometria II' 9-max Seat #1 is the button
Seat 1: Ronbolicous ($15.55 in chips) 
Seat 2: odi385 ($34.80 in chips) 
Seat 3: dukitup ($5.65 in chips) 
Seat 4: yipyapsap ($27.35 in chips) 
Seat 5: Alameda22 ($23.25 in chips) 
Seat 6: extrachill ($24.90 in chips) 
Seat 8: ROFOLD ($26 in chips) 
odi385: posts small blind $0.10
dukitup: posts big blind $0.25
*** HOLE CARDS ***
Dealt to Alameda22 [Kd Tc]
yipyapsap: folds 
Alameda22: folds 
extrachill: folds 
ROFOLD: folds 
Ronbolicous: folds 
AcesG13 was removed from the table for failing to post
odi385: folds 
Uncalled bet ($0.15) returned to dukitup
dukitup collected $0.20 from pot
dukitup: doesn't show hand 
*** SUMMARY ***
Total pot $0.20 | Rake $0 
Seat 1: Ronbolicous (button) folded before Flop (didn't bet)
Seat 2: odi385 (small blind) folded before Flop
Seat 3: dukitup (big blind) collected ($0.20)
Seat 4: yipyapsap folded before Flop (didn't bet)
Seat 5: Alameda22 folded before Flop (didn't bet)
Seat 6: extrachill folded before Flop (didn't bet)
Seat 8: ROFOLD folded before Flop (didn't bet)



PokerStars Game #20103573124:  Hold'em No Limit ($0.10/$0.25) - 2008/09/02 21:01:19 ET
Table 'Geometria II' 9-max Seat #2 is the button
Seat 1: Ronbolicous ($15.55 in chips) 
Seat 2: odi385 ($34.70 in chips) 
Seat 3: dukitup ($5.75 in chips) 
Seat 4: yipyapsap ($27.35 in chips) 
Seat 5: Alameda22 ($23.25 in chips) 
Seat 6: extrachill ($24.90 in chips) 
Seat 8: ROFOLD ($26 in chips) 
dukitup: posts small blind $0.10
yipyapsap: posts big blind $0.25
*** HOLE CARDS ***
Dealt to Alameda22 [5s Tc]
Alameda22: folds 
extrachill: folds 
ROFOLD: raises $0.75 to $1
Ronbolicous: folds 
odi385: folds 
knuttysv joins the table at seat #7 
dukitup: folds 
yipyapsap: folds 
Uncalled bet ($0.75) returned to ROFOLD
ROFOLD collected $0.60 from pot
ROFOLD: doesn't show hand 
J Burrow is connected 
*** SUMMARY ***
Total pot $0.60 | Rake $0 
Seat 1: Ronbolicous folded before Flop (didn't bet)
Seat 2: odi385 (button) folded before Flop (didn't bet)
Seat 3: dukitup (small blind) folded before Flop
Seat 4: yipyapsap (big blind) folded before Flop
Seat 5: Alameda22 folded before Flop (didn't bet)
Seat 6: extrachill folded before Flop (didn't bet)
Seat 8: ROFOLD collected ($0.60)



PokerStars Game #20103584186:  Hold'em No Limit ($0.10/$0.25) - 2008/09/02 21:01:49 ET
Table 'Geometria II' 9-max Seat #3 is the button
Seat 1: Ronbolicous ($15.55 in chips) 
Seat 2: odi385 ($34.70 in chips) 
Seat 3: dukitup ($5.65 in chips) 
Seat 4: yipyapsap ($27.10 in chips) 
Seat 5: Alameda22 ($23.25 in chips) 
Seat 6: extrachill ($24.90 in chips) 
Seat 7: knuttysv ($15 in chips) 
Seat 8: ROFOLD ($26.35 in chips) 
yipyapsap: posts small blind $0.10
Alameda22: posts big blind $0.25
knuttysv: posts big blind $0.25
*** HOLE CARDS ***
Dealt to Alameda22 [9c Qh]
extrachill: folds 
J Burrow has returned
knuttysv: checks 
ROFOLD: raises $1.50 to $1.75
J Burrow leaves the table
Ronbolicous: folds 
odi385: folds 
dukitup: folds 
yipyapsap: folds 
Alameda22: folds 
knuttysv: folds 
Uncalled bet ($1.50) returned to ROFOLD
ROFOLD collected $0.85 from pot
ROFOLD: doesn't show hand 
*** SUMMARY ***
Total pot $0.85 | Rake $0 
Seat 1: Ronbolicous folded before Flop (didn't bet)
Seat 2: odi385 folded before Flop (didn't bet)
Seat 3: dukitup (button) folded before Flop (didn't bet)
Seat 4: yipyapsap (small blind) folded before Flop
Seat 5: Alameda22 (big blind) folded before Flop
Seat 6: extrachill folded before Flop (didn't bet)
Seat 7: knuttysv folded before Flop
Seat 8: ROFOLD collected ($0.85)



PokerStars Game #20103599175:  Hold'em No Limit ($0.10/$0.25) - 2008/09/02 21:02:29 ET
Table 'Geometria II' 9-max Seat #4 is the button
Seat 1: Ronbolicous ($15.55 in chips) 
Seat 2: odi385 ($34.70 in chips) 
Seat 3: dukitup ($5.65 in chips) 
Seat 4: yipyapsap ($27 in chips) 
Seat 5: Alameda22 ($23 in chips) 
Seat 6: extrachill ($24.90 in chips) 
Seat 7: knuttysv ($14.75 in chips) 
Seat 8: ROFOLD ($26.95 in chips) 
Alameda22: posts small blind $0.10
extrachill: posts big blind $0.25
*** HOLE CARDS ***
Dealt to Alameda22 [4s Kc]
knuttysv: folds 
knuttysv leaves the table
ROFOLD: folds 
Ronbolicous: folds 
odi385: folds 
dukitup: folds 
yipyapsap: calls $0.25
Alameda22: folds 
extrachill: checks 
*** FLOP *** [3h 8s Qc]
extrachill: checks 
yipyapsap: checks 
*** TURN *** [3h 8s Qc] [7d]
extrachill: checks 
yipyapsap: checks 
*** RIVER *** [3h 8s Qc 7d] [Qs]
extrachill: checks 
yipyapsap: checks 
*** SHOW DOWN ***
extrachill: shows [Td 7c] (two pair, Queens and Sevens)
mg00321 joins the table at seat #9 
yipyapsap: mucks hand 
extrachill collected $0.60 from pot
dino531 joins the table at seat #7 
*** SUMMARY ***
Total pot $0.60 | Rake $0 
Board [3h 8s Qc 7d Qs]
Seat 1: Ronbolicous folded before Flop (didn't bet)
Seat 2: odi385 folded before Flop (didn't bet)
Seat 3: dukitup folded before Flop (didn't bet)
Seat 4: yipyapsap (button) mucked [6d 6c]
Seat 5: Alameda22 (small blind) folded before Flop
Seat 6: extrachill (big blind) showed [Td 7c] and won ($0.60) with two pair, Queens and Sevens
Seat 7: knuttysv folded before Flop (didn't bet)
Seat 8: ROFOLD folded before Flop (didn't bet)



PokerStars Game #20103625770:  Hold'em No Limit ($0.10/$0.25) - 2008/09/02 21:03:42 ET
Table 'Geometria II' 9-max Seat #5 is the button
Seat 1: Ronbolicous ($15.55 in chips) 
Seat 2: odi385 ($34.70 in chips) 
Seat 3: dukitup ($5.65 in chips) 
Seat 4: yipyapsap ($26.75 in chips) 
Seat 5: Alameda22 ($22.90 in chips) 
Seat 6: extrachill ($25.25 in chips) 
Seat 7: dino531 ($15 in chips) 
Seat 8: ROFOLD ($26.95 in chips) 
Seat 9: mg00321 ($15 in chips) 
extrachill: posts small blind $0.10
dino531: posts big blind $0.25
mg00321: posts big blind $0.25
*** HOLE CARDS ***
Dealt to Alameda22 [Ah Ks]
ROFOLD: raises $0.25 to $0.50
mg00321 is disconnected 
mg00321 is connected 
mg00321: calls $0.25
Ronbolicous: folds 
odi385: folds 
dukitup: calls $0.50
yipyapsap: folds 
Alameda22: calls $0.50
extrachill: folds 
dino531: calls $0.25
*** FLOP *** [4d 6c Ac]
dino531: checks 
ROFOLD: bets $1
mg00321: folds 
dukitup: folds 
Alameda22: raises $2 to $3
dino531: calls $3
ROFOLD: calls $2
*** TURN *** [4d 6c Ac] [Td]
dino531: checks 
ROFOLD: bets $2.25
Alameda22: calls $2.25
dino531: calls $2.25
*** RIVER *** [4d 6c Ac Td] [Qs]
dino531: checks 
ROFOLD: bets $9.75
Alameda22: calls $9.75
dino531: folds 
*** SHOW DOWN ***
ROFOLD: shows [7d 8d] (high card Ace)
Alameda22: shows [Ah Ks] (a pair of Aces)
Alameda22 collected $36 from pot
*** SUMMARY ***
Total pot $37.85 | Rake $1.85 
Board [4d 6c Ac Td Qs]
Seat 1: Ronbolicous folded before Flop (didn't bet)
Seat 2: odi385 folded before Flop (didn't bet)
Seat 3: dukitup folded on the Flop
Seat 4: yipyapsap folded before Flop (didn't bet)
Seat 5: Alameda22 (button) showed [Ah Ks] and won ($36) with a pair of Aces
Seat 6: extrachill (small blind) folded before Flop
Seat 7: dino531 (big blind) folded on the River
Seat 8: ROFOLD showed [7d 8d] and lost with high card Ace
Seat 9: mg00321 folded on the Flop



PokerStars Game #20103696117:  Hold'em No Limit ($0.10/$0.25) - 2008/09/02 21:06:54 ET
Table 'Geometria II' 9-max Seat #6 is the button
Seat 1: Ronbolicous ($15.55 in chips) 
Seat 2: odi385 ($34.70 in chips) 
Seat 3: dukitup ($5.15 in chips) 
Seat 4: yipyapsap ($26.75 in chips) 
Seat 5: Alameda22 ($43.40 in chips) 
Seat 6: extrachill ($25.15 in chips) 
Seat 7: dino531 ($9.25 in chips) 
Seat 8: ROFOLD ($11.45 in chips) 
Seat 9: mg00321 ($14.50 in chips) 
dino531: posts small blind $0.10
ROFOLD: posts big blind $0.25
*** HOLE CARDS ***
Dealt to Alameda22 [7s Qc]
mg00321 is disconnected 
mg00321 is connected 
mg00321: calls $0.25
Ronbolicous: folds 
odi385: folds 
dukitup: calls $0.25
yipyapsap: folds 
Alameda22: folds 
extrachill: raises $1.25 to $1.50
dino531: folds 
ROFOLD: folds 
mg00321: folds 
dukitup: calls $1.25
*** FLOP *** [2d Js Jh]
dukitup: checks 
extrachill: bets $2.50
dukitup: folds 
Uncalled bet ($2.50) returned to extrachill
mg00321 is disconnected 
extrachill collected $3.45 from pot
extrachill: doesn't show hand 
mg00321 is connected 
*** SUMMARY ***
Total pot $3.60 | Rake $0.15 
Board [2d Js Jh]
Seat 1: Ronbolicous folded before Flop (didn't bet)
Seat 2: odi385 folded before Flop (didn't bet)
Seat 3: dukitup folded on the Flop
Seat 4: yipyapsap folded before Flop (didn't bet)
Seat 5: Alameda22 folded before Flop (didn't bet)
Seat 6: extrachill (button) collected ($3.45)
Seat 7: dino531 (small blind) folded before Flop
Seat 8: ROFOLD (big blind) folded before Flop
Seat 9: mg00321 folded before Flop



PokerStars Game #20103725931:  Hold'em No Limit ($0.10/$0.25) - 2008/09/02 21:08:18 ET
Table 'Geometria II' 9-max Seat #7 is the button
Seat 1: Ronbolicous ($15.55 in chips) 
Seat 2: odi385 ($34.70 in chips) 
Seat 3: dukitup ($3.65 in chips) 
Seat 4: yipyapsap ($26.75 in chips) 
Seat 5: Alameda22 ($43.40 in chips) 
Seat 6: extrachill ($27.10 in chips) 
Seat 7: dino531 ($9.15 in chips) 
Seat 8: ROFOLD ($11.20 in chips) 
Seat 9: mg00321 ($14.25 in chips) 
ROFOLD: posts small blind $0.10
mg00321: posts big blind $0.25
*** HOLE CARDS ***
Dealt to Alameda22 [4h Ts]
Ronbolicous: raises $0.25 to $0.50
odi385: folds 
dukitup: calls $0.50
yipyapsap: folds 
Alameda22: folds 
extrachill: folds 
dino531: calls $0.50
ROFOLD: folds 
mg00321: calls $0.25
*** FLOP *** [7h Jd Jc]
mg00321: checks 
Ronbolicous: checks 
dukitup: checks 
dino531: checks 
*** TURN *** [7h Jd Jc] [5h]
mg00321: checks 
Ronbolicous: checks 
dukitup: checks 
dino531: checks 
*** RIVER *** [7h Jd Jc 5h] [5s]
mg00321: checks 
Ronbolicous: checks 
dukitup: bets $2
dino531: calls $2
mg00321: folds 
Ronbolicous: folds 
*** SHOW DOWN ***
dukitup: shows [Jh 6h] (a full house, Jacks full of Fives)
dino531: mucks hand 
dukitup collected $5.80 from pot
*** SUMMARY ***
Total pot $6.10 | Rake $0.30 
Board [7h Jd Jc 5h 5s]
Seat 1: Ronbolicous folded on the River
Seat 2: odi385 folded before Flop (didn't bet)
Seat 3: dukitup showed [Jh 6h] and won ($5.80) with a full house, Jacks full of Fives
Seat 4: yipyapsap folded before Flop (didn't bet)
Seat 5: Alameda22 folded before Flop (didn't bet)
Seat 6: extrachill folded before Flop (didn't bet)
Seat 7: dino531 (button) mucked [Ah 4c]
Seat 8: ROFOLD (small blind) folded before Flop
Seat 9: mg00321 (big blind) folded on the River



PokerStars Game #20103757573:  Hold'em No Limit ($0.10/$0.25) - 2008/09/02 21:09:42 ET
Table 'Geometria II' 9-max Seat #8 is the button
Seat 1: Ronbolicous ($15.05 in chips) 
Seat 2: odi385 ($34.70 in chips) 
Seat 3: dukitup ($6.95 in chips) 
Seat 4: yipyapsap ($26.75 in chips) 
Seat 5: Alameda22 ($43.40 in chips) 
Seat 6: extrachill ($27.10 in chips) 
Seat 7: dino531 ($6.65 in chips) 
Seat 8: ROFOLD ($11.10 in chips) 
Seat 9: mg00321 ($13.75 in chips) 
mg00321: posts small blind $0.10
Ronbolicous: posts big blind $0.25
*** HOLE CARDS ***
Dealt to Alameda22 [Kc 5s]
odi385: folds 
dukitup: folds 
yipyapsap: folds 
Alameda22: folds 
extrachill: folds 
dino531: folds 
ROFOLD: folds 
mg00321: calls $0.15
Ronbolicous: checks 
*** FLOP *** [Kh 6s Kd]
mg00321: bets $0.50
Ronbolicous: folds 
Uncalled bet ($0.50) returned to mg00321
mg00321 collected $0.50 from pot
*** SUMMARY ***
Total pot $0.50 | Rake $0 
Board [Kh 6s Kd]
Seat 1: Ronbolicous (big blind) folded on the Flop
Seat 2: odi385 folded before Flop (didn't bet)
Seat 3: dukitup folded before Flop (didn't bet)
Seat 4: yipyapsap folded before Flop (didn't bet)
Seat 5: Alameda22 folded before Flop (didn't bet)
Seat 6: extrachill folded before Flop (didn't bet)
Seat 7: dino531 folded before Flop (didn't bet)
Seat 8: ROFOLD (button) folded before Flop (didn't bet)
Seat 9: mg00321 (small blind) collected ($0.50)



PokerStars Game #20103774752:  Hold'em No Limit ($0.10/$0.25) - 2008/09/02 21:10:29 ET
Table 'Geometria II' 9-max Seat #9 is the button
Seat 1: Ronbolicous ($14.80 in chips) 
Seat 2: odi385 ($34.70 in chips) 
Seat 3: dukitup ($6.95 in chips) 
Seat 4: yipyapsap ($26.75 in chips) 
Seat 5: Alameda22 ($43.40 in chips) 
Seat 6: extrachill ($27.10 in chips) 
Seat 7: dino531 ($6.65 in chips) 
Seat 8: ROFOLD ($11.10 in chips) 
Seat 9: mg00321 ($14 in chips) 
Ronbolicous: posts small blind $0.10
odi385: posts big blind $0.25
*** HOLE CARDS ***
Dealt to Alameda22 [2c 3d]
dukitup: folds 
yipyapsap: folds 
Alameda22: folds 
mg00321 is disconnected 
extrachill: folds 
dino531: folds 
mg00321 is connected 
ROFOLD: folds 
mg00321: folds 
Ronbolicous: raises $0.50 to $0.75
odi385: folds 
Uncalled bet ($0.50) returned to Ronbolicous
Ronbolicous collected $0.50 from pot
Ronbolicous: doesn't show hand 
*** SUMMARY ***
Total pot $0.50 | Rake $0 
Seat 1: Ronbolicous (small blind) collected ($0.50)
Seat 2: odi385 (big blind) folded before Flop
Seat 3: dukitup folded before Flop (didn't bet)
Seat 4: yipyapsap folded before Flop (didn't bet)
Seat 5: Alameda22 folded before Flop (didn't bet)
Seat 6: extrachill folded before Flop (didn't bet)
Seat 7: dino531 folded before Flop (didn't bet)
Seat 8: ROFOLD folded before Flop (didn't bet)
Seat 9: mg00321 (button) folded before Flop (didn't bet)



PokerStars Game #20103797107:  Hold'em No Limit ($0.10/$0.25) - 2008/09/02 21:11:29 ET
Table 'Geometria II' 9-max Seat #1 is the button
Seat 1: Ronbolicous ($15.05 in chips) 
Seat 2: odi385 ($34.45 in chips) 
Seat 3: dukitup ($6.95 in chips) 
Seat 4: yipyapsap ($26.75 in chips) 
Seat 5: Alameda22 ($43.40 in chips) 
Seat 6: extrachill ($27.10 in chips) 
Seat 7: dino531 ($6.65 in chips) 
Seat 8: ROFOLD ($11.10 in chips) 
Seat 9: mg00321 ($14 in chips) 
odi385: posts small blind $0.10
dukitup: posts big blind $0.25
*** HOLE CARDS ***
Dealt to Alameda22 [9d 7s]
yipyapsap: folds 
Alameda22: folds 
extrachill: folds 
dino531: folds 
ROFOLD: folds 
mg00321 is disconnected 
mg00321 is connected 
mg00321: calls $0.25
Ronbolicous: calls $0.25
odi385: raises $1.05 to $1.30
dukitup: folds 
mg00321: calls $1.05
extrachill is disconnected 
Ronbolicous: folds 
*** FLOP *** [5s 8c 6h]
odi385: bets $2.75
mg00321: raises $9.95 to $12.70 and is all-in
odi385: calls $9.95
extrachill is connected 
*** TURN *** [5s 8c 6h] [7h]
*** RIVER *** [5s 8c 6h 7h] [Jh]
*** SHOW DOWN ***
odi385: shows [Qc Qd] (a pair of Queens)
mg00321: shows [Ks Kh] (a pair of Kings)
mg00321 collected $27.10 from pot
*** SUMMARY ***
Total pot $28.50 | Rake $1.40 
Board [5s 8c 6h 7h Jh]
Seat 1: Ronbolicous (button) folded before Flop
Seat 2: odi385 (small blind) showed [Qc Qd] and lost with a pair of Queens
Seat 3: dukitup (big blind) folded before Flop
Seat 4: yipyapsap folded before Flop (didn't bet)
Seat 5: Alameda22 folded before Flop (didn't bet)
Seat 6: extrachill folded before Flop (didn't bet)
Seat 7: dino531 folded before Flop (didn't bet)
Seat 8: ROFOLD folded before Flop (didn't bet)
Seat 9: mg00321 showed [Ks Kh] and won ($27.10) with a pair of Kings



PokerStars Game #20103832249:  Hold'em No Limit ($0.10/$0.25) - 2008/09/02 21:13:04 ET
Table 'Geometria II' 9-max Seat #2 is the button
Seat 1: Ronbolicous ($14.80 in chips) 
Seat 2: odi385 ($25 in chips) 
Seat 3: dukitup ($6.70 in chips) 
Seat 4: yipyapsap ($26.75 in chips) 
Seat 5: Alameda22 ($43.40 in chips) 
Seat 6: extrachill ($27.10 in chips) 
Seat 7: dino531 ($6.65 in chips) 
Seat 8: ROFOLD ($11.10 in chips) 
Seat 9: mg00321 ($27.10 in chips) 
dukitup: posts small blind $0.10
yipyapsap: posts big blind $0.25
*** HOLE CARDS ***
Dealt to Alameda22 [5c 7s]
Alameda22: folds 
extrachill: folds 
dino531: folds 
ROFOLD: folds 
mg00321: folds 
mg00321 leaves the table
Ronbolicous: folds 
odi385: raises $0.55 to $0.80
dukitup: calls $0.70
yipyapsap: folds 
*** FLOP *** [4d 7d Th]
dukitup: checks 
odi385: bets $1.40
dukitup: calls $1.40
*** TURN *** [4d 7d Th] [9c]
dukitup: bets $4.25
bigkawik joins the table at seat #9 
odi385: folds 
Uncalled bet ($4.25) returned to dukitup
dukitup collected $4.45 from pot
dukitup: doesn't show hand 
*** SUMMARY ***
Total pot $4.65 | Rake $0.20 
Board [4d 7d Th 9c]
Seat 1: Ronbolicous folded before Flop (didn't bet)
Seat 2: odi385 (button) folded on the Turn
Seat 3: dukitup (small blind) collected ($4.45)
Seat 4: yipyapsap (big blind) folded before Flop
Seat 5: Alameda22 folded before Flop (didn't bet)
Seat 6: extrachill folded before Flop (didn't bet)
Seat 7: dino531 folded before Flop (didn't bet)
Seat 8: ROFOLD folded before Flop (didn't bet)
Seat 9: mg00321 folded before Flop (didn't bet)



PokerStars Game #20103851771:  Hold'em No Limit ($0.10/$0.25) - 2008/09/02 21:13:57 ET
Table 'Geometria II' 9-max Seat #3 is the button
Seat 1: Ronbolicous ($14.80 in chips) 
Seat 2: odi385 ($25 in chips) 
Seat 3: dukitup ($8.95 in chips) 
Seat 4: yipyapsap ($26.50 in chips) 
Seat 5: Alameda22 ($43.40 in chips) 
Seat 6: extrachill ($27.10 in chips) 
Seat 7: dino531 ($6.65 in chips) 
Seat 8: ROFOLD ($11.10 in chips) 
yipyapsap: posts small blind $0.10
Alameda22: posts big blind $0.25
bigkawik: sits out 
*** HOLE CARDS ***
Dealt to Alameda22 [3c Js]
extrachill: folds 
dino531: calls $0.25
ROFOLD: folds 
Ronbolicous: folds 
odi385: folds 
dukitup: folds 
yipyapsap: folds 
Alameda22: checks 
*** FLOP *** [4d Qc 9c]
Alameda22: checks 
dino531: bets $1.25
Alameda22: folds 
Uncalled bet ($1.25) returned to dino531
dino531 collected $0.60 from pot
dino531: doesn't show hand 
*** SUMMARY ***
Total pot $0.60 | Rake $0 
Board [4d Qc 9c]
Seat 1: Ronbolicous folded before Flop (didn't bet)
Seat 2: odi385 folded before Flop (didn't bet)
Seat 3: dukitup (button) folded before Flop (didn't bet)
Seat 4: yipyapsap (small blind) folded before Flop
Seat 5: Alameda22 (big blind) folded on the Flop
Seat 6: extrachill folded before Flop (didn't bet)
Seat 7: dino531 collected ($0.60)
Seat 8: ROFOLD folded before Flop (didn't bet)



PokerStars Game #20103870241:  Hold'em No Limit ($0.10/$0.25) - 2008/09/02 21:14:48 ET
Table 'Geometria II' 9-max Seat #4 is the button
Seat 1: Ronbolicous ($14.80 in chips) 
Seat 2: odi385 ($25 in chips) 
Seat 3: dukitup ($8.95 in chips) 
Seat 4: yipyapsap ($26.40 in chips) 
Seat 5: Alameda22 ($43.15 in chips) 
Seat 7: dino531 ($7 in chips) 
Seat 8: ROFOLD ($11.10 in chips) 
Alameda22: posts small blind $0.10
extrachill: is sitting out 
dino531: posts big blind $0.25
bigkawik: sits out 
*** HOLE CARDS ***
Dealt to Alameda22 [Kh Kd]
extrachill leaves the table
ROFOLD: folds 
Ronbolicous: calls $0.25
odi385: calls $0.25
dukitup: folds 
yipyapsap: folds 
sleepje joins the table at seat #6 
Alameda22: raises $1.25 to $1.50
dino531: calls $1.25
Ronbolicous: folds 
odi385: folds 
*** FLOP *** [3h 4s 8s]
Alameda22: bets $2.25
dino531: raises $3.25 to $5.50 and is all-in
Alameda22: calls $3.25
*** TURN *** [3h 4s 8s] [7s]
*** RIVER *** [3h 4s 8s 7s] [3c]
*** SHOW DOWN ***
Alameda22: shows [Kh Kd] (two pair, Kings and Threes)
dino531: shows [Qc Qs] (two pair, Queens and Threes)
Alameda22 collected $13.80 from pot
*** SUMMARY ***
Total pot $14.50 | Rake $0.70 
Board [3h 4s 8s 7s 3c]
Seat 1: Ronbolicous folded before Flop
Seat 2: odi385 folded before Flop
Seat 3: dukitup folded before Flop (didn't bet)
Seat 4: yipyapsap (button) folded before Flop (didn't bet)
Seat 5: Alameda22 (small blind) showed [Kh Kd] and won ($13.80) with two pair, Kings and Threes
Seat 7: dino531 (big blind) showed [Qc Qs] and lost with two pair, Queens and Threes
Seat 8: ROFOLD folded before Flop (didn't bet)



PokerStars Game #20103905496:  Hold'em No Limit ($0.10/$0.25) - 2008/09/02 21:16:21 ET
Table 'Geometria II' 9-max Seat #5 is the button
Seat 1: Ronbolicous ($14.55 in chips) 
Seat 2: odi385 ($24.75 in chips) 
Seat 3: dukitup ($8.95 in chips) 
Seat 4: yipyapsap ($26.40 in chips) 
Seat 5: Alameda22 ($49.95 in chips) 
Seat 8: ROFOLD ($11.10 in chips) 
Seat 9: bigkawik ($5 in chips) 
sleepje will be allowed to play after the button
ROFOLD: posts small blind $0.10
dino531 leaves the table
bigkawik: posts big blind $0.25
*** HOLE CARDS ***
Dealt to Alameda22 [Jc 9s]
Ronbolicous: folds 
odi385: folds 
dukitup: folds 
yipyapsap: folds 
Alameda22: folds 
ROFOLD: folds 
Uncalled bet ($0.15) returned to bigkawik
bigkawik collected $0.20 from pot
bigkawik: doesn't show hand 
Somania joins the table at seat #7 
*** SUMMARY ***
Total pot $0.20 | Rake $0 
Seat 1: Ronbolicous folded before Flop (didn't bet)
Seat 2: odi385 folded before Flop (didn't bet)
Seat 3: dukitup folded before Flop (didn't bet)
Seat 4: yipyapsap folded before Flop (didn't bet)
Seat 5: Alameda22 (button) folded before Flop (didn't bet)
Seat 8: ROFOLD (small blind) folded before Flop
Seat 9: bigkawik (big blind) collected ($0.20)



PokerStars Game #20103921754:  Hold'em No Limit ($0.10/$0.25) - 2008/09/02 21:17:04 ET
Table 'Geometria II' 9-max Seat #8 is the button
Seat 1: Ronbolicous ($14.55 in chips) 
Seat 2: odi385 ($24.75 in chips) 
Seat 3: dukitup ($8.95 in chips) 
Seat 4: yipyapsap ($26.40 in chips) 
Seat 5: Alameda22 ($49.95 in chips) 
Seat 6: sleepje ($15 in chips) 
Seat 7: Somania ($25 in chips) 
Seat 8: ROFOLD ($11 in chips) 
Seat 9: bigkawik ($5.10 in chips) 
bigkawik: posts small blind $0.10
Ronbolicous: posts big blind $0.25
sleepje: posts big blind $0.25
Somania: posts big blind $0.25
*** HOLE CARDS ***
Dealt to Alameda22 [Js 8d]
odi385: folds 
dukitup: calls $0.25
yipyapsap: folds 
Alameda22: folds 
sleepje: raises $0.50 to $0.75
Somania: folds 
ROFOLD: folds 
bigkawik: folds 
Ronbolicous: folds 
dukitup: calls $0.50
*** FLOP *** [3d 8c Jh]
dukitup: checks 
sleepje: checks 
*** TURN *** [3d 8c Jh] [As]
dukitup: checks 
sleepje: checks 
*** RIVER *** [3d 8c Jh As] [Jd]
dukitup: checks 
sleepje: checks 
*** SHOW DOWN ***
dukitup: shows [6s 6c] (two pair, Jacks and Sixes)
sleepje: mucks hand 
dukitup collected $2 from pot
*** SUMMARY ***
Total pot $2.10 | Rake $0.10 
Board [3d 8c Jh As Jd]
Seat 1: Ronbolicous (big blind) folded before Flop
Seat 2: odi385 folded before Flop (didn't bet)
Seat 3: dukitup showed [6s 6c] and won ($2) with two pair, Jacks and Sixes
Seat 4: yipyapsap folded before Flop (didn't bet)
Seat 5: Alameda22 folded before Flop (didn't bet)
Seat 6: sleepje mucked [Qs Kc]
Seat 7: Somania folded before Flop
Seat 8: ROFOLD (button) folded before Flop (didn't bet)
Seat 9: bigkawik (small blind) folded before Flop



PokerStars Game #20103947262:  Hold'em No Limit ($0.10/$0.25) - 2008/09/02 21:18:10 ET
Table 'Geometria II' 9-max Seat #9 is the button
Seat 1: Ronbolicous ($14.30 in chips) 
Seat 2: odi385 ($24.75 in chips) 
Seat 3: dukitup ($10.20 in chips) 
Seat 4: yipyapsap ($26.40 in chips) 
Seat 5: Alameda22 ($49.95 in chips) 
Seat 6: sleepje ($14.25 in chips) 
Seat 7: Somania ($24.75 in chips) 
Seat 8: ROFOLD ($11 in chips) 
Seat 9: bigkawik ($5 in chips) 
Ronbolicous: posts small blind $0.10
odi385: posts big blind $0.25
*** HOLE CARDS ***
Dealt to Alameda22 [3h 8d]
dukitup: folds 
yipyapsap: folds 
Alameda22: folds 
sleepje: calls $0.25
Somania: folds 
ROFOLD: folds 
bigkawik: folds 
Ronbolicous: calls $0.15
odi385: checks 
*** FLOP *** [8c 3d Ts]
Ronbolicous: bets $0.50
odi385: folds 
sleepje: calls $0.50
*** TURN *** [8c 3d Ts] [Qc]
Ronbolicous: bets $0.50
sleepje: raises $0.50 to $1
Ronbolicous: calls $0.50
*** RIVER *** [8c 3d Ts Qc] [Th]
Ronbolicous: bets $0.50
sleepje: calls $0.50
*** SHOW DOWN ***
Ronbolicous: shows [Jh Tc] (three of a kind, Tens)
sleepje: mucks hand 
Ronbolicous collected $4.55 from pot
*** SUMMARY ***
Total pot $4.75 | Rake $0.20 
Board [8c 3d Ts Qc Th]
Seat 1: Ronbolicous (small blind) showed [Jh Tc] and won ($4.55) with three of a kind, Tens
Seat 2: odi385 (big blind) folded on the Flop
Seat 3: dukitup folded before Flop (didn't bet)
Seat 4: yipyapsap folded before Flop (didn't bet)
Seat 5: Alameda22 folded before Flop (didn't bet)
Seat 6: sleepje mucked [Qd Kh]
Seat 7: Somania folded before Flop (didn't bet)
Seat 8: ROFOLD folded before Flop (didn't bet)
Seat 9: bigkawik (button) folded before Flop (didn't bet)



PokerStars Game #20103967768:  Hold'em No Limit ($0.10/$0.25) - 2008/09/02 21:19:04 ET
Table 'Geometria II' 9-max Seat #1 is the button
Seat 1: Ronbolicous ($16.60 in chips) 
Seat 2: odi385 ($24.50 in chips) 
Seat 3: dukitup ($10.20 in chips) 
Seat 4: yipyapsap ($26.40 in chips) 
Seat 5: Alameda22 ($49.95 in chips) 
Seat 6: sleepje ($12 in chips) 
Seat 7: Somania ($24.75 in chips) 
Seat 8: ROFOLD ($11 in chips) 
Seat 9: bigkawik ($5 in chips) 
odi385: posts small blind $0.10
dukitup: posts big blind $0.25
*** HOLE CARDS ***
Dealt to Alameda22 [As 7h]
yipyapsap: folds 
Alameda22: folds 
sleepje: folds 
Somania: folds 
ROFOLD: folds 
bigkawik: folds 
Ronbolicous: calls $0.25
odi385: folds 
dukitup: checks 
*** FLOP *** [Ks 9h 7s]
dukitup: checks 
Ronbolicous: bets $0.25
dukitup: folds 
Uncalled bet ($0.25) returned to Ronbolicous
Ronbolicous collected $0.60 from pot
Ronbolicous: doesn't show hand 
*** SUMMARY ***
Total pot $0.60 | Rake $0 
Board [Ks 9h 7s]
Seat 1: Ronbolicous (button) collected ($0.60)
Seat 2: odi385 (small blind) folded before Flop
Seat 3: dukitup (big blind) folded on the Flop
Seat 4: yipyapsap folded before Flop (didn't bet)
Seat 5: Alameda22 folded before Flop (didn't bet)
Seat 6: sleepje folded before Flop (didn't bet)
Seat 7: Somania folded before Flop (didn't bet)
Seat 8: ROFOLD folded before Flop (didn't bet)
Seat 9: bigkawik folded before Flop (didn't bet)



PokerStars Game #20103989113:  Hold'em No Limit ($0.10/$0.25) - 2008/09/02 21:20:01 ET
Table 'Geometria II' 9-max Seat #2 is the button
Seat 1: Ronbolicous ($16.95 in chips) 
Seat 2: odi385 ($24.40 in chips) 
Seat 3: dukitup ($9.95 in chips) 
Seat 4: yipyapsap ($26.40 in chips) 
Seat 5: Alameda22 ($49.95 in chips) 
Seat 6: sleepje ($12 in chips) 
Seat 7: Somania ($24.75 in chips) 
Seat 8: ROFOLD ($11 in chips) 
Seat 9: bigkawik ($5 in chips) 
dukitup: posts small blind $0.10
yipyapsap: posts big blind $0.25
*** HOLE CARDS ***
Dealt to Alameda22 [Ks Kc]
Alameda22: raises $0.75 to $1
sleepje: folds 
Somania: folds 
ROFOLD: folds 
bigkawik: folds 
Ronbolicous: folds 
odi385: folds 
dukitup: folds 
yipyapsap: folds 
Uncalled bet ($0.75) returned to Alameda22
Alameda22 collected $0.60 from pot
Alameda22: doesn't show hand 
*** SUMMARY ***
Total pot $0.60 | Rake $0 
Seat 1: Ronbolicous folded before Flop (didn't bet)
Seat 2: odi385 (button) folded before Flop (didn't bet)
Seat 3: dukitup (small blind) folded before Flop
Seat 4: yipyapsap (big blind) folded before Flop
Seat 5: Alameda22 collected ($0.60)
Seat 6: sleepje folded before Flop (didn't bet)
Seat 7: Somania folded before Flop (didn't bet)
Seat 8: ROFOLD folded before Flop (didn't bet)
Seat 9: bigkawik folded before Flop (didn't bet)



PokerStars Game #20104005020:  Hold'em No Limit ($0.10/$0.25) - 2008/09/02 21:20:43 ET
Table 'Geometria II' 9-max Seat #3 is the button
Seat 1: Ronbolicous ($16.95 in chips) 
Seat 2: odi385 ($25 in chips) 
Seat 3: dukitup ($9.85 in chips) 
Seat 4: yipyapsap ($26.15 in chips) 
Seat 5: Alameda22 ($50.30 in chips) 
Seat 6: sleepje ($12 in chips) 
Seat 7: Somania ($24.75 in chips) 
Seat 8: ROFOLD ($11 in chips) 
Seat 9: bigkawik ($5 in chips) 
yipyapsap: posts small blind $0.10
Alameda22: posts big blind $0.25
*** HOLE CARDS ***
Dealt to Alameda22 [8s 6h]
sleepje: calls $0.25
Somania: raises $1 to $1.25
ROFOLD: folds 
bigkawik: folds 
Ronbolicous: folds 
odi385: folds 
dukitup: calls $1.25
yipyapsap: folds 
Alameda22: folds 
sleepje: calls $1
*** FLOP *** [Td 7s 4c]
sleepje: checks 
Somania: bets $2
dukitup: raises $4 to $6
sleepje: folds 
Somania: raises $6 to $12
dukitup: calls $2.60 and is all-in
Uncalled bet ($3.40) returned to Somania
*** TURN *** [Td 7s 4c] [9d]
*** RIVER *** [Td 7s 4c 9d] [2d]
*** SHOW DOWN ***
Somania: shows [Qc Tc] (a pair of Tens)
dukitup: shows [Kh Kd] (a pair of Kings)
dukitup collected $20.25 from pot
Somania said, "lol"
*** SUMMARY ***
Total pot $21.30 | Rake $1.05 
Board [Td 7s 4c 9d 2d]
Seat 1: Ronbolicous folded before Flop (didn't bet)
Seat 2: odi385 folded before Flop (didn't bet)
Seat 3: dukitup (button) showed [Kh Kd] and won ($20.25) with a pair of Kings
Seat 4: yipyapsap (small blind) folded before Flop
Seat 5: Alameda22 (big blind) folded before Flop
Seat 6: sleepje folded on the Flop
Seat 7: Somania showed [Qc Tc] and lost with a pair of Tens
Seat 8: ROFOLD folded before Flop (didn't bet)
Seat 9: bigkawik folded before Flop (didn't bet)



PokerStars Game #20104036893:  Hold'em No Limit ($0.10/$0.25) - 2008/09/02 21:22:09 ET
Table 'Geometria II' 9-max Seat #4 is the button
Seat 1: Ronbolicous ($16.95 in chips) 
Seat 2: odi385 ($25 in chips) 
Seat 3: dukitup ($20.25 in chips) 
Seat 4: yipyapsap ($26.05 in chips) 
Seat 5: Alameda22 ($50.05 in chips) 
Seat 6: sleepje ($10.75 in chips) 
Seat 7: Somania ($14.90 in chips) 
Seat 8: ROFOLD ($11 in chips) 
Seat 9: bigkawik ($5 in chips) 
Alameda22: posts small blind $0.10
sleepje: posts big blind $0.25
*** HOLE CARDS ***
Dealt to Alameda22 [4s 3c]
Somania: folds 
ROFOLD: folds 
bigkawik: folds 
Ronbolicous: folds 
Somania said, "***k  in cowboys"
odi385: raises $0.55 to $0.80
dukitup: calls $0.80
yipyapsap: folds 
sleepje said, "gehehe"
Alameda22: folds 
sleepje: folds 
*** FLOP *** [Kc Jc Ac]
odi385: checks 
dukitup: checks 
*** TURN *** [Kc Jc Ac] [Qd]
odi385: checks 
dukitup: bets $0.25
odi385: folds 
Uncalled bet ($0.25) returned to dukitup
dukitup collected $1.90 from pot
*** SUMMARY ***
Total pot $1.95 | Rake $0.05 
Board [Kc Jc Ac Qd]
Seat 1: Ronbolicous folded before Flop (didn't bet)
Seat 2: odi385 folded on the Turn
Seat 3: dukitup collected ($1.90)
Seat 4: yipyapsap (button) folded before Flop (didn't bet)
Seat 5: Alameda22 (small blind) folded before Flop
Seat 6: sleepje (big blind) folded before Flop
Seat 7: Somania folded before Flop (didn't bet)
Seat 8: ROFOLD folded before Flop (didn't bet)
Seat 9: bigkawik folded before Flop (didn't bet)



PokerStars Game #20104058577:  Hold'em No Limit ($0.10/$0.25) - 2008/09/02 21:23:08 ET
Table 'Geometria II' 9-max Seat #5 is the button
Seat 1: Ronbolicous ($16.95 in chips) 
Seat 2: odi385 ($24.20 in chips) 
Seat 3: dukitup ($21.35 in chips) 
Seat 4: yipyapsap ($26.05 in chips) 
Seat 5: Alameda22 ($49.95 in chips) 
Seat 6: sleepje ($10.50 in chips) 
Seat 7: Somania ($14.90 in chips) 
Seat 8: ROFOLD ($11 in chips) 
Seat 9: bigkawik ($5 in chips) 
sleepje: posts small blind $0.10
Somania: posts big blind $0.25
*** HOLE CARDS ***
Dealt to Alameda22 [9s 4d]
ROFOLD: folds 
bigkawik: folds 
Ronbolicous: folds 
odi385: folds 
dukitup: folds 
yipyapsap: folds 
Alameda22: folds 
sleepje: calls $0.15
Somania: checks 
*** FLOP *** [8d 2d Ts]
sleepje: checks 
Somania: bets $0.50
sleepje: folds 
Uncalled bet ($0.50) returned to Somania
Somania collected $0.50 from pot
Somania: doesn't show hand 
*** SUMMARY ***
Total pot $0.50 | Rake $0 
Board [8d 2d Ts]
Seat 1: Ronbolicous folded before Flop (didn't bet)
Seat 2: odi385 folded before Flop (didn't bet)
Seat 3: dukitup folded before Flop (didn't bet)
Seat 4: yipyapsap folded before Flop (didn't bet)
Seat 5: Alameda22 (button) folded before Flop (didn't bet)
Seat 6: sleepje (small blind) folded on the Flop
Seat 7: Somania (big blind) collected ($0.50)
Seat 8: ROFOLD folded before Flop (didn't bet)
Seat 9: bigkawik folded before Flop (didn't bet)



PokerStars Game #20104072013:  Hold'em No Limit ($0.10/$0.25) - 2008/09/02 21:23:42 ET
Table 'Geometria II' 9-max Seat #6 is the button
Seat 1: Ronbolicous ($16.95 in chips) 
Seat 2: odi385 ($24.20 in chips) 
Seat 3: dukitup ($21.35 in chips) 
Seat 4: yipyapsap ($26.05 in chips) 
Seat 5: Alameda22 ($49.95 in chips) 
Seat 6: sleepje ($10.25 in chips) 
Seat 7: Somania ($15.15 in chips) 
Seat 8: ROFOLD ($11 in chips) 
Seat 9: bigkawik ($5 in chips) 
Somania: posts small blind $0.10
ROFOLD: posts big blind $0.25
*** HOLE CARDS ***
Dealt to Alameda22 [As 7h]
bigkawik: folds 
Ronbolicous: folds 
odi385: folds 
dukitup: folds 
yipyapsap: folds 
Alameda22: folds 
sleepje: calls $0.25
Somania: folds 
ROFOLD: checks 
*** FLOP *** [7s Jh Kc]
ROFOLD: checks 
sleepje: bets $0.50
ROFOLD: calls $0.50
*** TURN *** [7s Jh Kc] [6h]
ROFOLD: checks 
sleepje: bets $0.75
ROFOLD: folds 
Uncalled bet ($0.75) returned to sleepje
sleepje collected $1.55 from pot
sleepje: doesn't show hand 
*** SUMMARY ***
Total pot $1.60 | Rake $0.05 
Board [7s Jh Kc 6h]
Seat 1: Ronbolicous folded before Flop (didn't bet)
Seat 2: odi385 folded before Flop (didn't bet)
Seat 3: dukitup folded before Flop (didn't bet)
Seat 4: yipyapsap folded before Flop (didn't bet)
Seat 5: Alameda22 folded before Flop (didn't bet)
Seat 6: sleepje (button) collected ($1.55)
Seat 7: Somania (small blind) folded before Flop
Seat 8: ROFOLD (big blind) folded on the Turn
Seat 9: bigkawik folded before Flop (didn't bet)



PokerStars Game #20104090751:  Hold'em No Limit ($0.10/$0.25) - 2008/09/02 21:24:32 ET
Table 'Geometria II' 9-max Seat #7 is the button
Seat 1: Ronbolicous ($16.95 in chips) 
Seat 2: odi385 ($24.20 in chips) 
Seat 3: dukitup ($21.35 in chips) 
Seat 4: yipyapsap ($26.05 in chips) 
Seat 5: Alameda22 ($49.95 in chips) 
Seat 6: sleepje ($11.05 in chips) 
Seat 7: Somania ($15.05 in chips) 
Seat 8: ROFOLD ($10.25 in chips) 
Seat 9: bigkawik ($5 in chips) 
ROFOLD: posts small blind $0.10
bigkawik: posts big blind $0.25
*** HOLE CARDS ***
Dealt to Alameda22 [4d 8c]
Ronbolicous: folds 
odi385: folds 
dukitup: calls $0.25
yipyapsap: folds 
Alameda22: folds 
sleepje: folds 
Somania: raises $1.75 to $2
ROFOLD: folds 
bigkawik: folds 
dukitup: folds 
Uncalled bet ($1.75) returned to Somania
Somania collected $0.85 from pot
Somania: doesn't show hand 
*** SUMMARY ***
Total pot $0.85 | Rake $0 
Seat 1: Ronbolicous folded before Flop (didn't bet)
Seat 2: odi385 folded before Flop (didn't bet)
Seat 3: dukitup folded before Flop
Seat 4: yipyapsap folded before Flop (didn't bet)
Seat 5: Alameda22 folded before Flop (didn't bet)
Seat 6: sleepje folded before Flop (didn't bet)
Seat 7: Somania (button) collected ($0.85)
Seat 8: ROFOLD (small blind) folded before Flop
Seat 9: bigkawik (big blind) folded before Flop



PokerStars Game #20104108954:  Hold'em No Limit ($0.10/$0.25) - 2008/09/02 21:25:20 ET
Table 'Geometria II' 9-max Seat #8 is the button
Seat 1: Ronbolicous ($16.95 in chips) 
Seat 2: odi385 ($24.20 in chips) 
Seat 3: dukitup ($21.10 in chips) 
Seat 4: yipyapsap ($26.05 in chips) 
Seat 5: Alameda22 ($49.95 in chips) 
Seat 6: sleepje ($11.05 in chips) 
Seat 7: Somania ($15.65 in chips) 
Seat 8: ROFOLD ($10.15 in chips) 
Seat 9: bigkawik ($4.75 in chips) 
bigkawik: posts small blind $0.10
Ronbolicous: posts big blind $0.25
*** HOLE CARDS ***
Dealt to Alameda22 [8c 2s]
odi385: folds 
dukitup: raises $0.75 to $1
yipyapsap: folds 
Alameda22: folds 
sleepje: folds 
Somania: folds 
ROFOLD: folds 
bigkawik: folds 
Ronbolicous: folds 
Uncalled bet ($0.75) returned to dukitup
dukitup collected $0.60 from pot
dukitup: doesn't show hand 
*** SUMMARY ***
Total pot $0.60 | Rake $0 
Seat 1: Ronbolicous (big blind) folded before Flop
Seat 2: odi385 folded before Flop (didn't bet)
Seat 3: dukitup collected ($0.60)
Seat 4: yipyapsap folded before Flop (didn't bet)
Seat 5: Alameda22 folded before Flop (didn't bet)
Seat 6: sleepje folded before Flop (didn't bet)
Seat 7: Somania folded before Flop (didn't bet)
Seat 8: ROFOLD (button) folded before Flop (didn't bet)
Seat 9: bigkawik (small blind) folded before Flop



PokerStars Game #20104119153:  Hold'em No Limit ($0.10/$0.25) - 2008/09/02 21:25:47 ET
Table 'Geometria II' 9-max Seat #9 is the button
Seat 1: Ronbolicous ($16.70 in chips) 
Seat 2: odi385 ($24.20 in chips) 
Seat 3: dukitup ($21.45 in chips) 
Seat 4: yipyapsap ($26.05 in chips) 
Seat 5: Alameda22 ($49.95 in chips) 
Seat 6: sleepje ($11.05 in chips) 
Seat 7: Somania ($15.65 in chips) 
Seat 8: ROFOLD ($10.15 in chips) 
Seat 9: bigkawik ($4.65 in chips) 
Ronbolicous: posts small blind $0.10
odi385: posts big blind $0.25
*** HOLE CARDS ***
Dealt to Alameda22 [9c 3d]
dukitup: folds 
yipyapsap: folds 
Alameda22: folds 
sleepje: calls $0.25
Somania: folds 
ROFOLD: folds 
bigkawik: folds 
Ronbolicous: calls $0.15
odi385: checks 
*** FLOP *** [3c Kc 5c]
Ronbolicous: checks 
odi385: checks 
sleepje: checks 
*** TURN *** [3c Kc 5c] [7d]
Ronbolicous: checks 
odi385: checks 
sleepje: bets $0.75
Ronbolicous: folds 
odi385: folds 
Uncalled bet ($0.75) returned to sleepje
sleepje collected $0.75 from pot
sleepje: doesn't show hand 
*** SUMMARY ***
Total pot $0.75 | Rake $0 
Board [3c Kc 5c 7d]
Seat 1: Ronbolicous (small blind) folded on the Turn
Seat 2: odi385 (big blind) folded on the Turn
Seat 3: dukitup folded before Flop (didn't bet)
Seat 4: yipyapsap folded before Flop (didn't bet)
Seat 5: Alameda22 folded before Flop (didn't bet)
Seat 6: sleepje collected ($0.75)
Seat 7: Somania folded before Flop (didn't bet)
Seat 8: ROFOLD folded before Flop (didn't bet)
Seat 9: bigkawik (button) folded before Flop (didn't bet)



PokerStars Game #20104140694:  Hold'em No Limit ($0.10/$0.25) - 2008/09/02 21:26:45 ET
Table 'Geometria II' 9-max Seat #1 is the button
Seat 1: Ronbolicous ($16.45 in chips) 
Seat 2: odi385 ($25 in chips) 
Seat 3: dukitup ($21.45 in chips) 
Seat 4: yipyapsap ($26.05 in chips) 
Seat 5: Alameda22 ($49.95 in chips) 
Seat 6: sleepje ($11.55 in chips) 
Seat 7: Somania ($15.65 in chips) 
Seat 8: ROFOLD ($10.15 in chips) 
Seat 9: bigkawik ($4.65 in chips) 
odi385: posts small blind $0.10
dukitup: posts big blind $0.25
*** HOLE CARDS ***
Dealt to Alameda22 [2d 3s]
yipyapsap: folds 
Alameda22: folds 
sleepje: calls $0.25
Somania: folds 
ROFOLD: raises $0.25 to $0.50
bigkawik: folds 
Ronbolicous: folds 
odi385: folds 
dukitup: folds 
sleepje: calls $0.25
*** FLOP *** [7h 6s Kd]
sleepje: checks 
ROFOLD: bets $1.50
sleepje: folds 
Uncalled bet ($1.50) returned to ROFOLD
ROFOLD collected $1.30 from pot
ROFOLD: doesn't show hand 
*** SUMMARY ***
Total pot $1.35 | Rake $0.05 
Board [7h 6s Kd]
Seat 1: Ronbolicous (button) folded before Flop (didn't bet)
Seat 2: odi385 (small blind) folded before Flop
Seat 3: dukitup (big blind) folded before Flop
Seat 4: yipyapsap folded before Flop (didn't bet)
Seat 5: Alameda22 folded before Flop (didn't bet)
Seat 6: sleepje folded on the Flop
Seat 7: Somania folded before Flop (didn't bet)
Seat 8: ROFOLD collected ($1.30)
Seat 9: bigkawik folded before Flop (didn't bet)



PokerStars Game #20104168299:  Hold'em No Limit ($0.10/$0.25) - 2008/09/02 21:27:58 ET
Table 'Geometria II' 9-max Seat #2 is the button
Seat 1: Ronbolicous ($16.45 in chips) 
Seat 2: odi385 ($24.90 in chips) 
Seat 3: dukitup ($21.20 in chips) 
Seat 4: yipyapsap ($26.05 in chips) 
Seat 5: Alameda22 ($49.95 in chips) 
Seat 6: sleepje ($11.05 in chips) 
Seat 7: Somania ($15.65 in chips) 
Seat 8: ROFOLD ($10.95 in chips) 
Seat 9: bigkawik ($4.65 in chips) 
dukitup: posts small blind $0.10
yipyapsap: posts big blind $0.25
*** HOLE CARDS ***
Dealt to Alameda22 [2d Jh]
Alameda22: folds 
sleepje: calls $0.25
Somania: folds 
ROFOLD: calls $0.25
bigkawik: folds 
Ronbolicous: calls $0.25
odi385: calls $0.25
dukitup: calls $0.15
yipyapsap: checks 
*** FLOP *** [5d 6h Js]
dukitup: checks 
yipyapsap: checks 
sleepje: checks 
ROFOLD: checks 
Ronbolicous: bets $1
odi385: calls $1
dukitup: folds 
yipyapsap: folds 
sleepje: folds 
ROFOLD: folds 
*** TURN *** [5d 6h Js] [8h]
Ronbolicous: bets $1
odi385: calls $1
*** RIVER *** [5d 6h Js 8h] [5s]
Ronbolicous: checks 
odi385: checks 
*** SHOW DOWN ***
Ronbolicous: shows [Jc Qs] (two pair, Jacks and Fives)
odi385: shows [Ac Jd] (two pair, Jacks and Fives - Ace kicker)
odi385 collected $5.25 from pot
*** SUMMARY ***
Total pot $5.50 | Rake $0.25 
Board [5d 6h Js 8h 5s]
Seat 1: Ronbolicous showed [Jc Qs] and lost with two pair, Jacks and Fives
Seat 2: odi385 (button) showed [Ac Jd] and won ($5.25) with two pair, Jacks and Fives
Seat 3: dukitup (small blind) folded on the Flop
Seat 4: yipyapsap (big blind) folded on the Flop
Seat 5: Alameda22 folded before Flop (didn't bet)
Seat 6: sleepje folded on the Flop
Seat 7: Somania folded before Flop (didn't bet)
Seat 8: ROFOLD folded on the Flop
Seat 9: bigkawik folded before Flop (didn't bet)



PokerStars Game #20104204333:  Hold'em No Limit ($0.10/$0.25) - 2008/09/02 21:29:35 ET
Table 'Geometria II' 9-max Seat #3 is the button
Seat 1: Ronbolicous ($14.20 in chips) 
Seat 2: odi385 ($27.90 in chips) 
Seat 3: dukitup ($20.95 in chips) 
Seat 4: yipyapsap ($25.80 in chips) 
Seat 5: Alameda22 ($49.95 in chips) 
Seat 6: sleepje ($10.80 in chips) 
Seat 7: Somania ($15.65 in chips) 
Seat 8: ROFOLD ($10.70 in chips) 
Seat 9: bigkawik ($4.65 in chips) 
yipyapsap: posts small blind $0.10
Alameda22: posts big blind $0.25
*** HOLE CARDS ***
Dealt to Alameda22 [6d 8s]
sleepje: folds 
Somania: folds 
ROFOLD: folds 
bigkawik: folds 
Ronbolicous: folds 
odi385: raises $0.55 to $0.80
dukitup: folds 
yipyapsap: folds 
Alameda22: folds 
Uncalled bet ($0.55) returned to odi385
odi385 collected $0.60 from pot
odi385: doesn't show hand 
*** SUMMARY ***
Total pot $0.60 | Rake $0 
Seat 1: Ronbolicous folded before Flop (didn't bet)
Seat 2: odi385 collected ($0.60)
Seat 3: dukitup (button) folded before Flop (didn't bet)
Seat 4: yipyapsap (small blind) folded before Flop
Seat 5: Alameda22 (big blind) folded before Flop
Seat 6: sleepje folded before Flop (didn't bet)
Seat 7: Somania folded before Flop (didn't bet)
Seat 8: ROFOLD folded before Flop (didn't bet)
Seat 9: bigkawik folded before Flop (didn't bet)



PokerStars Game #20104223881:  Hold'em No Limit ($0.10/$0.25) - 2008/09/02 21:30:27 ET
Table 'Geometria II' 9-max Seat #4 is the button
Seat 1: Ronbolicous ($14.20 in chips) 
Seat 2: odi385 ($28.25 in chips) 
Seat 3: dukitup ($20.95 in chips) 
Seat 4: yipyapsap ($25.70 in chips) 
Seat 5: Alameda22 ($49.70 in chips) 
Seat 6: sleepje ($10.80 in chips) 
Seat 7: Somania ($15.65 in chips) 
Seat 8: ROFOLD ($10.70 in chips) 
Seat 9: bigkawik ($4.65 in chips) 
Alameda22: posts small blind $0.10
sleepje: posts big blind $0.25
*** HOLE CARDS ***
Dealt to Alameda22 [Qh 9d]
Somania: folds 
ROFOLD: folds 
bigkawik: folds 
Ronbolicous: folds 
odi385: folds 
dukitup: folds 
yipyapsap: folds 
Alameda22: folds 
Uncalled bet ($0.15) returned to sleepje
sleepje collected $0.20 from pot
sleepje: doesn't show hand 
*** SUMMARY ***
Total pot $0.20 | Rake $0 
Seat 1: Ronbolicous folded before Flop (didn't bet)
Seat 2: odi385 folded before Flop (didn't bet)
Seat 3: dukitup folded before Flop (didn't bet)
Seat 4: yipyapsap (button) folded before Flop (didn't bet)
Seat 5: Alameda22 (small blind) folded before Flop
Seat 6: sleepje (big blind) collected ($0.20)
Seat 7: Somania folded before Flop (didn't bet)
Seat 8: ROFOLD folded before Flop (didn't bet)
Seat 9: bigkawik folded before Flop (didn't bet)



PokerStars Game #20104242539:  Hold'em No Limit ($0.10/$0.25) - 2008/09/02 21:31:17 ET
Table 'Geometria II' 9-max Seat #5 is the button
Seat 1: Ronbolicous ($14.20 in chips) 
Seat 2: odi385 ($28.25 in chips) 
Seat 3: dukitup ($20.95 in chips) 
Seat 4: yipyapsap ($25.70 in chips) 
Seat 5: Alameda22 ($49.60 in chips) 
Seat 6: sleepje ($10.90 in chips) 
Seat 7: Somania ($15.65 in chips) 
Seat 8: ROFOLD ($10.70 in chips) 
Seat 9: bigkawik ($4.65 in chips) 
sleepje: posts small blind $0.10
Somania: posts big blind $0.25
*** HOLE CARDS ***
Dealt to Alameda22 [8d 4d]
ROFOLD: folds 
bigkawik: folds 
Ronbolicous: folds 
odi385: folds 
dukitup: folds 
yipyapsap: folds 
Alameda22: folds 
sleepje: calls $0.15
Somania: raises $1 to $1.25
sleepje: calls $1
*** FLOP *** [Jd 5s 5d]
sleepje: checks 
Somania: bets $2.50
sleepje: folds 
Uncalled bet ($2.50) returned to Somania
Somania collected $2.40 from pot
Somania: doesn't show hand 
*** SUMMARY ***
Total pot $2.50 | Rake $0.10 
Board [Jd 5s 5d]
Seat 1: Ronbolicous folded before Flop (didn't bet)
Seat 2: odi385 folded before Flop (didn't bet)
Seat 3: dukitup folded before Flop (didn't bet)
Seat 4: yipyapsap folded before Flop (didn't bet)
Seat 5: Alameda22 (button) folded before Flop (didn't bet)
Seat 6: sleepje (small blind) folded on the Flop
Seat 7: Somania (big blind) collected ($2.40)
Seat 8: ROFOLD folded before Flop (didn't bet)
Seat 9: bigkawik folded before Flop (didn't bet)



PokerStars Game #20104265699:  Hold'em No Limit ($0.10/$0.25) - 2008/09/02 21:32:20 ET
Table 'Geometria II' 9-max Seat #6 is the button
Seat 1: Ronbolicous ($14.20 in chips) 
Seat 2: odi385 ($28.25 in chips) 
Seat 3: dukitup ($20.95 in chips) 
Seat 4: yipyapsap ($25.70 in chips) 
Seat 5: Alameda22 ($49.60 in chips) 
Seat 6: sleepje ($9.65 in chips) 
Seat 7: Somania ($16.80 in chips) 
Seat 8: ROFOLD ($10.70 in chips) 
Seat 9: bigkawik ($4.65 in chips) 
Somania: posts small blind $0.10
ROFOLD: posts big blind $0.25
*** HOLE CARDS ***
Dealt to Alameda22 [3h Qd]
bigkawik: folds 
Ronbolicous: calls $0.25
odi385: folds 
dukitup: folds 
yipyapsap: folds 
Alameda22: folds 
sleepje: raises $0.50 to $0.75
Somania: folds 
ROFOLD: folds 
Ronbolicous: folds 
Uncalled bet ($0.50) returned to sleepje
sleepje collected $0.85 from pot
sleepje: doesn't show hand 
*** SUMMARY ***
Total pot $0.85 | Rake $0 
Seat 1: Ronbolicous folded before Flop
Seat 2: odi385 folded before Flop (didn't bet)
Seat 3: dukitup folded before Flop (didn't bet)
Seat 4: yipyapsap folded before Flop (didn't bet)
Seat 5: Alameda22 folded before Flop (didn't bet)
Seat 6: sleepje (button) collected ($0.85)
Seat 7: Somania (small blind) folded before Flop
Seat 8: ROFOLD (big blind) folded before Flop
Seat 9: bigkawik folded before Flop (didn't bet)



PokerStars Game #20104286304:  Hold'em No Limit ($0.10/$0.25) - 2008/09/02 21:33:16 ET
Table 'Geometria II' 9-max Seat #7 is the button
Seat 1: Ronbolicous ($13.95 in chips) 
Seat 2: odi385 ($28.25 in chips) 
Seat 3: dukitup ($20.95 in chips) 
Seat 4: yipyapsap ($25.70 in chips) 
Seat 5: Alameda22 ($49.60 in chips) 
Seat 6: sleepje ($10.25 in chips) 
Seat 7: Somania ($16.70 in chips) 
Seat 8: ROFOLD ($10.45 in chips) 
Seat 9: bigkawik ($4.65 in chips) 
ROFOLD: posts small blind $0.10
bigkawik: posts big blind $0.25
*** HOLE CARDS ***
Dealt to Alameda22 [Tc Ac]
Ronbolicous: folds 
odi385: folds 
dukitup: folds 
yipyapsap: folds 
Alameda22: folds 
sleepje: calls $0.25
Somania: folds 
ROFOLD: folds 
bigkawik: checks 
*** FLOP *** [3d 3c 7s]
bigkawik: checks 
sleepje: bets $0.50
bigkawik: folds 
Uncalled bet ($0.50) returned to sleepje
sleepje collected $0.60 from pot
sleepje: doesn't show hand 
*** SUMMARY ***
Total pot $0.60 | Rake $0 
Board [3d 3c 7s]
Seat 1: Ronbolicous folded before Flop (didn't bet)
Seat 2: odi385 folded before Flop (didn't bet)
Seat 3: dukitup folded before Flop (didn't bet)
Seat 4: yipyapsap folded before Flop (didn't bet)
Seat 5: Alameda22 folded before Flop (didn't bet)
Seat 6: sleepje collected ($0.60)
Seat 7: Somania (button) folded before Flop (didn't bet)
Seat 8: ROFOLD (small blind) folded before Flop
Seat 9: bigkawik (big blind) folded on the Flop



PokerStars Game #20104310245:  Hold'em No Limit ($0.10/$0.25) - 2008/09/02 21:34:20 ET
Table 'Geometria II' 9-max Seat #8 is the button
Seat 1: Ronbolicous ($13.95 in chips) 
Seat 2: odi385 ($28.25 in chips) 
Seat 3: dukitup ($20.95 in chips) 
Seat 4: yipyapsap ($25.70 in chips) 
Seat 5: Alameda22 ($49.60 in chips) 
Seat 6: sleepje ($10.60 in chips) 
Seat 7: Somania ($16.70 in chips) 
Seat 8: ROFOLD ($10.35 in chips) 
Seat 9: bigkawik ($4.40 in chips) 
bigkawik: posts small blind $0.10
Ronbolicous: posts big blind $0.25
*** HOLE CARDS ***
Dealt to Alameda22 [Jh Jd]
odi385: folds 
dukitup: folds 
yipyapsap: folds 
Alameda22: raises $0.75 to $1
sleepje: calls $1
Somania: folds 
ROFOLD: folds 
bigkawik: folds 
Ronbolicous: folds 
*** FLOP *** [5c 2h 9s]
Alameda22: bets $1.75
sleepje: folds 
Uncalled bet ($1.75) returned to Alameda22
Alameda22 collected $2.25 from pot
Alameda22: doesn't show hand 
*** SUMMARY ***
Total pot $2.35 | Rake $0.10 
Board [5c 2h 9s]
Seat 1: Ronbolicous (big blind) folded before Flop
Seat 2: odi385 folded before Flop (didn't bet)
Seat 3: dukitup folded before Flop (didn't bet)
Seat 4: yipyapsap folded before Flop (didn't bet)
Seat 5: Alameda22 collected ($2.25)
Seat 6: sleepje folded on the Flop
Seat 7: Somania folded before Flop (didn't bet)
Seat 8: ROFOLD (button) folded before Flop (didn't bet)
Seat 9: bigkawik (small blind) folded before Flop



PokerStars Game #20104336698:  Hold'em No Limit ($0.10/$0.25) - 2008/09/02 21:35:32 ET
Table 'Geometria II' 9-max Seat #9 is the button
Seat 1: Ronbolicous ($13.70 in chips) 
Seat 2: odi385 ($28.25 in chips) 
Seat 3: dukitup ($20.95 in chips) 
Seat 4: yipyapsap ($25.70 in chips) 
Seat 5: Alameda22 ($50.85 in chips) 
Seat 6: sleepje ($9.60 in chips) 
Seat 7: Somania ($16.70 in chips) 
Seat 8: ROFOLD ($25 in chips) 
Seat 9: bigkawik ($5 in chips) 
Ronbolicous: posts small blind $0.10
odi385: posts big blind $0.25
*** HOLE CARDS ***
Dealt to Alameda22 [8h 8s]
dukitup: folds 
yipyapsap: folds 
Alameda22: folds 
sleepje: folds 
Somania: folds 
ROFOLD: folds 
bigkawik: folds 
Ronbolicous: raises $0.50 to $0.75
odi385: folds 
Uncalled bet ($0.50) returned to Ronbolicous
Ronbolicous collected $0.50 from pot
Ronbolicous: doesn't show hand 
*** SUMMARY ***
Total pot $0.50 | Rake $0 
Seat 1: Ronbolicous (small blind) collected ($0.50)
Seat 2: odi385 (big blind) folded before Flop
Seat 3: dukitup folded before Flop (didn't bet)
Seat 4: yipyapsap folded before Flop (didn't bet)
Seat 5: Alameda22 folded before Flop (didn't bet)
Seat 6: sleepje folded before Flop (didn't bet)
Seat 7: Somania folded before Flop (didn't bet)
Seat 8: ROFOLD folded before Flop (didn't bet)
Seat 9: bigkawik (button) folded before Flop (didn't bet)



PokerStars Game #20104353120:  Hold'em No Limit ($0.10/$0.25) - 2008/09/02 21:36:16 ET
Table 'Geometria II' 9-max Seat #1 is the button
Seat 1: Ronbolicous ($13.95 in chips) 
Seat 2: odi385 ($28 in chips) 
Seat 4: yipyapsap ($25.70 in chips) 
Seat 5: Alameda22 ($50.85 in chips) 
Seat 6: sleepje ($9.60 in chips) 
Seat 7: Somania ($16.70 in chips) 
Seat 8: ROFOLD ($25 in chips) 
Seat 9: bigkawik ($5 in chips) 
odi385: posts small blind $0.10
dukitup: is sitting out 
yipyapsap: posts big blind $0.25
*** HOLE CARDS ***
Dealt to Alameda22 [Qh 9c]
dukitup leaves the table
Alameda22: folds 
sleepje: folds 
Somania: folds 
ROFOLD: folds 
bigkawik: folds 
Ronbolicous: folds 
odi385: raises $0.55 to $0.80
yipyapsap: folds 
Uncalled bet ($0.55) returned to odi385
odi385 collected $0.50 from pot
odi385: doesn't show hand 
*** SUMMARY ***
Total pot $0.50 | Rake $0 
Seat 1: Ronbolicous (button) folded before Flop (didn't bet)
Seat 2: odi385 (small blind) collected ($0.50)
Seat 4: yipyapsap (big blind) folded before Flop
Seat 5: Alameda22 folded before Flop (didn't bet)
Seat 6: sleepje folded before Flop (didn't bet)
Seat 7: Somania folded before Flop (didn't bet)
Seat 8: ROFOLD folded before Flop (didn't bet)
Seat 9: bigkawik folded before Flop (didn't bet)



PokerStars Game #20104368166:  Hold'em No Limit ($0.10/$0.25) - 2008/09/02 21:36:57 ET
Table 'Geometria II' 9-max Seat #2 is the button
Seat 1: Ronbolicous ($13.95 in chips) 
Seat 2: odi385 ($28.25 in chips) 
Seat 4: yipyapsap ($25.45 in chips) 
Seat 5: Alameda22 ($50.85 in chips) 
Seat 6: sleepje ($9.60 in chips) 
Seat 7: Somania ($16.70 in chips) 
Seat 8: ROFOLD ($25 in chips) 
Seat 9: bigkawik ($5 in chips) 
yipyapsap: posts small blind $0.10
Alameda22: posts big blind $0.25
*** HOLE CARDS ***
Dealt to Alameda22 [6h 8s]
rascdog joins the table at seat #3 
sleepje: folds 
Somania: folds 
ROFOLD: folds 
bigkawik: raises $1 to $1.25
Ronbolicous: folds 
odi385: folds 
yipyapsap: folds 
Alameda22: folds 
Uncalled bet ($1) returned to bigkawik
bigkawik collected $0.60 from pot
bigkawik: doesn't show hand 
*** SUMMARY ***
Total pot $0.60 | Rake $0 
Seat 1: Ronbolicous folded before Flop (didn't bet)
Seat 2: odi385 (button) folded before Flop (didn't bet)
Seat 4: yipyapsap (small blind) folded before Flop
Seat 5: Alameda22 (big blind) folded before Flop
Seat 6: sleepje folded before Flop (didn't bet)
Seat 7: Somania folded before Flop (didn't bet)
Seat 8: ROFOLD folded before Flop (didn't bet)
Seat 9: bigkawik collected ($0.60)



PokerStars Game #20104378748:  Hold'em No Limit ($0.10/$0.25) - 2008/09/02 21:37:26 ET
Table 'Geometria II' 9-max Seat #4 is the button
Seat 1: Ronbolicous ($13.95 in chips) 
Seat 2: odi385 ($28.25 in chips) 
Seat 3: rascdog ($25 in chips) 
Seat 4: yipyapsap ($25.35 in chips) 
Seat 5: Alameda22 ($50.60 in chips) 
Seat 6: sleepje ($9.60 in chips) 
Seat 7: Somania ($16.70 in chips) 
Seat 8: ROFOLD ($25 in chips) 
Seat 9: bigkawik ($5.35 in chips) 
Alameda22: posts small blind $0.10
sleepje: posts big blind $0.25
rascdog: posts big blind $0.25
*** HOLE CARDS ***
Dealt to Alameda22 [Qs 9d]
Somania: folds 
ROFOLD: folds 
bigkawik: folds 
Ronbolicous: folds 
odi385: folds 
rascdog: checks 
yipyapsap: folds 
Alameda22: folds 
sleepje: checks 
*** FLOP *** [7d 9h 8s]
sleepje: checks 
rascdog: checks 
*** TURN *** [7d 9h 8s] [8h]
sleepje: checks 
rascdog: checks 
*** RIVER *** [7d 9h 8s 8h] [Ts]
sleepje: bets $1
rascdog: folds 
Uncalled bet ($1) returned to sleepje
sleepje collected $0.60 from pot
sleepje: doesn't show hand 
*** SUMMARY ***
Total pot $0.60 | Rake $0 
Board [7d 9h 8s 8h Ts]
Seat 1: Ronbolicous folded before Flop (didn't bet)
Seat 2: odi385 folded before Flop (didn't bet)
Seat 3: rascdog folded on the River
Seat 4: yipyapsap (button) folded before Flop (didn't bet)
Seat 5: Alameda22 (small blind) folded before Flop
Seat 6: sleepje (big blind) collected ($0.60)
Seat 7: Somania folded before Flop (didn't bet)
Seat 8: ROFOLD folded before Flop (didn't bet)
Seat 9: bigkawik folded before Flop (didn't bet)



PokerStars Game #20104403457:  Hold'em No Limit ($0.10/$0.25) - 2008/09/02 21:38:32 ET
Table 'Geometria II' 9-max Seat #5 is the button
Seat 1: Ronbolicous ($13.95 in chips) 
Seat 2: odi385 ($28.25 in chips) 
Seat 3: rascdog ($24.75 in chips) 
Seat 4: yipyapsap ($25.35 in chips) 
Seat 5: Alameda22 ($50.50 in chips) 
Seat 6: sleepje ($9.95 in chips) 
Seat 7: Somania ($16.70 in chips) 
Seat 8: ROFOLD ($25 in chips) 
Seat 9: bigkawik ($5.35 in chips) 
sleepje: posts small blind $0.10
Somania: posts big blind $0.25
*** HOLE CARDS ***
Dealt to Alameda22 [2d 9c]
ROFOLD: folds 
bigkawik: folds 
Ronbolicous: raises $0.50 to $0.75
odi385: folds 
rascdog: folds 
yipyapsap: folds 
Alameda22: folds 
sleepje: calls $0.65
Somania: folds 
*** FLOP *** [Qc 2c Qd]
sleepje: checks 
Ronbolicous: checks 
*** TURN *** [Qc 2c Qd] [2h]
sleepje: checks 
Ronbolicous: bets $0.25
sleepje: calls $0.25
*** RIVER *** [Qc 2c Qd 2h] [Tc]
sleepje: bets $0.75
Ronbolicous: folds 
Uncalled bet ($0.75) returned to sleepje
sleepje collected $2.15 from pot
sleepje: doesn't show hand 
*** SUMMARY ***
Total pot $2.25 | Rake $0.10 
Board [Qc 2c Qd 2h Tc]
Seat 1: Ronbolicous folded on the River
Seat 2: odi385 folded before Flop (didn't bet)
Seat 3: rascdog folded before Flop (didn't bet)
Seat 4: yipyapsap folded before Flop (didn't bet)
Seat 5: Alameda22 (button) folded before Flop (didn't bet)
Seat 6: sleepje (small blind) collected ($2.15)
Seat 7: Somania (big blind) folded before Flop
Seat 8: ROFOLD folded before Flop (didn't bet)
Seat 9: bigkawik folded before Flop (didn't bet)



PokerStars Game #20104427450:  Hold'em No Limit ($0.10/$0.25) - 2008/09/02 21:39:36 ET
Table 'Geometria II' 9-max Seat #6 is the button
Seat 1: Ronbolicous ($12.95 in chips) 
Seat 2: odi385 ($28.25 in chips) 
Seat 3: rascdog ($24.75 in chips) 
Seat 4: yipyapsap ($25.35 in chips) 
Seat 5: Alameda22 ($50.50 in chips) 
Seat 6: sleepje ($11.10 in chips) 
Seat 7: Somania ($16.45 in chips) 
Seat 8: ROFOLD ($25 in chips) 
Seat 9: bigkawik ($5.35 in chips) 
Somania: posts small blind $0.10
ROFOLD: posts big blind $0.25
*** HOLE CARDS ***
Dealt to Alameda22 [Kh 7c]
bigkawik: folds 
Ronbolicous: folds 
odi385: folds 
rascdog: raises $0.50 to $0.75
yipyapsap: folds 
Alameda22: folds 
sleepje: folds 
Somania: folds 
ROFOLD: folds 
Uncalled bet ($0.50) returned to rascdog
rascdog collected $0.60 from pot
rascdog: doesn't show hand 
*** SUMMARY ***
Total pot $0.60 | Rake $0 
Seat 1: Ronbolicous folded before Flop (didn't bet)
Seat 2: odi385 folded before Flop (didn't bet)
Seat 3: rascdog collected ($0.60)
Seat 4: yipyapsap folded before Flop (didn't bet)
Seat 5: Alameda22 folded before Flop (didn't bet)
Seat 6: sleepje (button) folded before Flop (didn't bet)
Seat 7: Somania (small blind) folded before Flop
Seat 8: ROFOLD (big blind) folded before Flop
Seat 9: bigkawik folded before Flop (didn't bet)



PokerStars Game #20104441035:  Hold'em No Limit ($0.10/$0.25) - 2008/09/02 21:40:13 ET
Table 'Geometria II' 9-max Seat #7 is the button
Seat 1: Ronbolicous ($12.95 in chips) 
Seat 2: odi385 ($28.25 in chips) 
Seat 3: rascdog ($25.10 in chips) 
Seat 4: yipyapsap ($25.35 in chips) 
Seat 5: Alameda22 ($50.50 in chips) 
Seat 6: sleepje ($11.10 in chips) 
Seat 7: Somania ($16.35 in chips) 
Seat 8: ROFOLD ($24.75 in chips) 
Seat 9: bigkawik ($5.35 in chips) 
ROFOLD: posts small blind $0.10
bigkawik: posts big blind $0.25
*** HOLE CARDS ***
Dealt to Alameda22 [3s 9c]
Ronbolicous: calls $0.25
odi385: raises $0.85 to $1.10
rascdog: folds 
yipyapsap: folds 
Alameda22: folds 
sleepje: folds 
Somania: folds 
ROFOLD: folds 
bigkawik: folds 
Ronbolicous: folds 
Uncalled bet ($0.85) returned to odi385
odi385 collected $0.85 from pot
odi385: doesn't show hand 
*** SUMMARY ***
Total pot $0.85 | Rake $0 
Seat 1: Ronbolicous folded before Flop
Seat 2: odi385 collected ($0.85)
Seat 3: rascdog folded before Flop (didn't bet)
Seat 4: yipyapsap folded before Flop (didn't bet)
Seat 5: Alameda22 folded before Flop (didn't bet)
Seat 6: sleepje folded before Flop (didn't bet)
Seat 7: Somania (button) folded before Flop (didn't bet)
Seat 8: ROFOLD (small blind) folded before Flop
Seat 9: bigkawik (big blind) folded before Flop



PokerStars Game #20104454317:  Hold'em No Limit ($0.10/$0.25) - 2008/09/02 21:40:49 ET
Table 'Geometria II' 9-max Seat #8 is the button
Seat 1: Ronbolicous ($12.70 in chips) 
Seat 2: odi385 ($28.85 in chips) 
Seat 3: rascdog ($25.10 in chips) 
Seat 4: yipyapsap ($25.35 in chips) 
Seat 5: Alameda22 ($50.50 in chips) 
Seat 6: sleepje ($11.10 in chips) 
Seat 7: Somania ($16.35 in chips) 
Seat 8: ROFOLD ($24.65 in chips) 
Seat 9: bigkawik ($5.10 in chips) 
bigkawik: posts small blind $0.10
Ronbolicous: posts big blind $0.25
*** HOLE CARDS ***
Dealt to Alameda22 [3h 7d]
odi385: folds 
rascdog: folds 
yipyapsap: folds 
Alameda22: folds 
sleepje: calls $0.25
Somania: raises $1.75 to $2
ROFOLD: folds 
bigkawik: folds 
Ronbolicous: folds 
sleepje: calls $1.75
*** FLOP *** [3s Qs Kc]
sleepje: checks 
Somania: checks 
*** TURN *** [3s Qs Kc] [Td]
sleepje: checks 
Somania: bets $1
sleepje: calls $1
*** RIVER *** [3s Qs Kc Td] [2h]
sleepje: checks 
Somania: checks 
*** SHOW DOWN ***
sleepje: shows [Js Ts] (a pair of Tens)
Somania: mucks hand 
sleepje collected $6.05 from pot
*** SUMMARY ***
Total pot $6.35 | Rake $0.30 
Board [3s Qs Kc Td 2h]
Seat 1: Ronbolicous (big blind) folded before Flop
Seat 2: odi385 folded before Flop (didn't bet)
Seat 3: rascdog folded before Flop (didn't bet)
Seat 4: yipyapsap folded before Flop (didn't bet)
Seat 5: Alameda22 folded before Flop (didn't bet)
Seat 6: sleepje showed [Js Ts] and won ($6.05) with a pair of Tens
Seat 7: Somania mucked [4s 4c]
Seat 8: ROFOLD (button) folded before Flop (didn't bet)
Seat 9: bigkawik (small blind) folded before Flop



PokerStars Game #20104492569:  Hold'em No Limit ($0.10/$0.25) - 2008/09/02 21:42:33 ET
Table 'Geometria II' 9-max Seat #9 is the button
Seat 1: Ronbolicous ($12.45 in chips) 
Seat 2: odi385 ($28.85 in chips) 
Seat 3: rascdog ($25.10 in chips) 
Seat 4: yipyapsap ($25.35 in chips) 
Seat 5: Alameda22 ($50.50 in chips) 
Seat 6: sleepje ($14.15 in chips) 
Seat 7: Somania ($13.35 in chips) 
Seat 8: ROFOLD ($24.65 in chips) 
Seat 9: bigkawik ($5 in chips) 
Ronbolicous: posts small blind $0.10
odi385: posts big blind $0.25
*** HOLE CARDS ***
Dealt to Alameda22 [5s Qd]
rascdog: folds 
yipyapsap: folds 
Alameda22: folds 
sleepje: calls $0.25
Somania: folds 
ROFOLD: folds 
bigkawik: folds 
Ronbolicous: calls $0.15
odi385: checks 
*** FLOP *** [Ks 9s 2d]
Ronbolicous: checks 
odi385: checks 
sleepje: checks 
*** TURN *** [Ks 9s 2d] [8s]
Ronbolicous: checks 
odi385: checks 
sleepje: checks 
*** RIVER *** [Ks 9s 2d 8s] [Jc]
Ronbolicous: bets $0.25
odi385: folds 
sleepje: folds 
Uncalled bet ($0.25) returned to Ronbolicous
Ronbolicous collected $0.75 from pot
Ronbolicous: doesn't show hand 
*** SUMMARY ***
Total pot $0.75 | Rake $0 
Board [Ks 9s 2d 8s Jc]
Seat 1: Ronbolicous (small blind) collected ($0.75)
Seat 2: odi385 (big blind) folded on the River
Seat 3: rascdog folded before Flop (didn't bet)
Seat 4: yipyapsap folded before Flop (didn't bet)
Seat 5: Alameda22 folded before Flop (didn't bet)
Seat 6: sleepje folded on the River
Seat 7: Somania folded before Flop (didn't bet)
Seat 8: ROFOLD folded before Flop (didn't bet)
Seat 9: bigkawik (button) folded before Flop (didn't bet)



PokerStars Game #20104514499:  Hold'em No Limit ($0.10/$0.25) - 2008/09/02 21:43:33 ET
Table 'Geometria II' 9-max Seat #1 is the button
Seat 1: Ronbolicous ($12.95 in chips) 
Seat 2: odi385 ($28.60 in chips) 
Seat 3: rascdog ($25.10 in chips) 
Seat 4: yipyapsap ($25.35 in chips) 
Seat 5: Alameda22 ($50.50 in chips) 
Seat 6: sleepje ($13.90 in chips) 
Seat 7: Somania ($13.35 in chips) 
Seat 8: ROFOLD ($24.65 in chips) 
Seat 9: bigkawik ($5 in chips) 
odi385: posts small blind $0.10
rascdog: posts big blind $0.25
*** HOLE CARDS ***
Dealt to Alameda22 [7h Kh]
yipyapsap: folds 
Alameda22: folds 
sleepje: calls $0.25
Somania: folds 
ROFOLD: folds 
bigkawik: folds 
Ronbolicous: folds 
odi385: raises $0.85 to $1.10
rascdog: folds 
sleepje: folds 
Uncalled bet ($0.85) returned to odi385
odi385 collected $0.75 from pot
odi385: doesn't show hand 
*** SUMMARY ***
Total pot $0.75 | Rake $0 
Seat 1: Ronbolicous (button) folded before Flop (didn't bet)
Seat 2: odi385 (small blind) collected ($0.75)
Seat 3: rascdog (big blind) folded before Flop
Seat 4: yipyapsap folded before Flop (didn't bet)
Seat 5: Alameda22 folded before Flop (didn't bet)
Seat 6: sleepje folded before Flop
Seat 7: Somania folded before Flop (didn't bet)
Seat 8: ROFOLD folded before Flop (didn't bet)
Seat 9: bigkawik folded before Flop (didn't bet)



PokerStars Game #20104529682:  Hold'em No Limit ($0.10/$0.25) - 2008/09/02 21:44:15 ET
Table 'Geometria II' 9-max Seat #2 is the button
Seat 1: Ronbolicous ($12.95 in chips) 
Seat 2: odi385 ($29.10 in chips) 
Seat 3: rascdog ($24.85 in chips) 
Seat 4: yipyapsap ($25.35 in chips) 
Seat 5: Alameda22 ($50.50 in chips) 
Seat 6: sleepje ($13.65 in chips) 
Seat 7: Somania ($13.35 in chips) 
Seat 8: ROFOLD ($24.65 in chips) 
Seat 9: bigkawik ($5 in chips) 
rascdog: posts small blind $0.10
yipyapsap: posts big blind $0.25
*** HOLE CARDS ***
Dealt to Alameda22 [4h 9c]
Alameda22: folds 
sleepje: folds 
Somania: folds 
ROFOLD: folds 
bigkawik: raises $0.75 to $1
Ronbolicous: folds 
odi385: calls $1
rascdog: folds 
yipyapsap: folds 
*** FLOP *** [9s 4c Jd]
bigkawik: bets $1.25
odi385: folds 
Uncalled bet ($1.25) returned to bigkawik
bigkawik collected $2.25 from pot
bigkawik: doesn't show hand 
*** SUMMARY ***
Total pot $2.35 | Rake $0.10 
Board [9s 4c Jd]
Seat 1: Ronbolicous folded before Flop (didn't bet)
Seat 2: odi385 (button) folded on the Flop
Seat 3: rascdog (small blind) folded before Flop
Seat 4: yipyapsap (big blind) folded before Flop
Seat 5: Alameda22 folded before Flop (didn't bet)
Seat 6: sleepje folded before Flop (didn't bet)
Seat 7: Somania folded before Flop (didn't bet)
Seat 8: ROFOLD folded before Flop (didn't bet)
Seat 9: bigkawik collected ($2.25)



PokerStars Game #20104551395:  Hold'em No Limit ($0.10/$0.25) - 2008/09/02 21:45:13 ET
Table 'Geometria II' 9-max Seat #3 is the button
Seat 1: Ronbolicous ($12.95 in chips) 
Seat 2: odi385 ($28.10 in chips) 
Seat 3: rascdog ($24.75 in chips) 
Seat 4: yipyapsap ($25.10 in chips) 
Seat 5: Alameda22 ($50.50 in chips) 
Seat 6: sleepje ($13.65 in chips) 
Seat 7: Somania ($13.35 in chips) 
Seat 8: ROFOLD ($24.65 in chips) 
Seat 9: bigkawik ($6.25 in chips) 
yipyapsap: posts small blind $0.10
Alameda22: posts big blind $0.25
*** HOLE CARDS ***
Dealt to Alameda22 [2d 8c]
sleepje: folds 
Somania: folds 
ROFOLD: folds 
bigkawik: folds 
Ronbolicous: folds 
odi385: folds 
rascdog: raises $0.25 to $0.50
yipyapsap: folds 
Alameda22: folds 
Uncalled bet ($0.25) returned to rascdog
rascdog collected $0.60 from pot
*** SUMMARY ***
Total pot $0.60 | Rake $0 
Seat 1: Ronbolicous folded before Flop (didn't bet)
Seat 2: odi385 folded before Flop (didn't bet)
Seat 3: rascdog (button) collected ($0.60)
Seat 4: yipyapsap (small blind) folded before Flop
Seat 5: Alameda22 (big blind) folded before Flop
Seat 6: sleepje folded before Flop (didn't bet)
Seat 7: Somania folded before Flop (didn't bet)
Seat 8: ROFOLD folded before Flop (didn't bet)
Seat 9: bigkawik folded before Flop (didn't bet)



PokerStars Game #20104569754:  Hold'em No Limit ($0.10/$0.25) - 2008/09/02 21:46:03 ET
Table 'Geometria II' 9-max Seat #4 is the button
Seat 1: Ronbolicous ($12.95 in chips) 
Seat 2: odi385 ($28.10 in chips) 
Seat 3: rascdog ($25.10 in chips) 
Seat 4: yipyapsap ($25 in chips) 
Seat 5: Alameda22 ($50.25 in chips) 
Seat 6: sleepje ($13.65 in chips) 
Seat 7: Somania ($13.35 in chips) 
Seat 8: ROFOLD ($24.65 in chips) 
Seat 9: bigkawik ($6.25 in chips) 
Alameda22: posts small blind $0.10
sleepje: posts big blind $0.25
*** HOLE CARDS ***
Dealt to Alameda22 [8h Th]
Somania: folds 
ROFOLD: folds 
bigkawik: folds 
Somania leaves the table
Ronbolicous: folds 
odi385: raises $0.55 to $0.80
rascdog: folds 
yipyapsap: folds 
Alameda22: folds 
sleepje: calls $0.55
*** FLOP *** [Tc Ah 6h]
sleepje: checks 
odi385: checks 
*** TURN *** [Tc Ah 6h] [Qs]
ROFOLD is sitting out
sleepje: checks 
odi385: checks 
*** RIVER *** [Tc Ah 6h Qs] [Ts]
sleepje: checks 
odi385: bets $1
sleepje: folds 
Uncalled bet ($1) returned to odi385
odi385 collected $1.65 from pot
odi385: doesn't show hand 
*** SUMMARY ***
Total pot $1.70 | Rake $0.05 
Board [Tc Ah 6h Qs Ts]
Seat 1: Ronbolicous folded before Flop (didn't bet)
Seat 2: odi385 collected ($1.65)
Seat 3: rascdog folded before Flop (didn't bet)
Seat 4: yipyapsap (button) folded before Flop (didn't bet)
Seat 5: Alameda22 (small blind) folded before Flop
Seat 6: sleepje (big blind) folded on the River
Seat 7: Somania folded before Flop (didn't bet)
Seat 8: ROFOLD folded before Flop (didn't bet)
Seat 9: bigkawik folded before Flop (didn't bet)



PokerStars Game #20104605967:  Hold'em No Limit ($0.10/$0.25) - 2008/09/02 21:47:39 ET
Table 'Geometria II' 9-max Seat #5 is the button
Seat 1: Ronbolicous ($12.95 in chips) 
Seat 2: odi385 ($28.95 in chips) 
Seat 3: rascdog ($25.10 in chips) 
Seat 4: yipyapsap ($25 in chips) 
Seat 5: Alameda22 ($50.15 in chips) 
Seat 6: sleepje ($12.85 in chips) 
Seat 9: bigkawik ($6.25 in chips) 
sleepje: posts small blind $0.10
bigkawik: posts big blind $0.25
*** HOLE CARDS ***
Dealt to Alameda22 [Qc Jd]
Ronbolicous: folds 
odi385: folds 
rascdog: folds 
yipyapsap: folds 
Alameda22: folds 
sleepje: calls $0.15
bigkawik: checks 
*** FLOP *** [8h 4c 6d]
sleepje: checks 
bigkawik: checks 
*** TURN *** [8h 4c 6d] [3c]
sleepje: checks 
bigkawik: checks 
*** RIVER *** [8h 4c 6d 3c] [Td]
sleepje: bets $0.25
bigkawik: folds 
Uncalled bet ($0.25) returned to sleepje
sleepje collected $0.50 from pot
sleepje: doesn't show hand 
*** SUMMARY ***
Total pot $0.50 | Rake $0 
Board [8h 4c 6d 3c Td]
Seat 1: Ronbolicous folded before Flop (didn't bet)
Seat 2: odi385 folded before Flop (didn't bet)
Seat 3: rascdog folded before Flop (didn't bet)
Seat 4: yipyapsap folded before Flop (didn't bet)
Seat 5: Alameda22 (button) folded before Flop (didn't bet)
Seat 6: sleepje (small blind) collected ($0.50)
Seat 9: bigkawik (big blind) folded on the River



PokerStars Game #20104627007:  Hold'em No Limit ($0.10/$0.25) - 2008/09/02 21:48:35 ET
Table 'Geometria II' 9-max Seat #6 is the button
Seat 1: Ronbolicous ($12.95 in chips) 
Seat 2: odi385 ($28.95 in chips) 
Seat 3: rascdog ($25.10 in chips) 
Seat 4: yipyapsap ($25 in chips) 
Seat 5: Alameda22 ($50.15 in chips) 
Seat 6: sleepje ($13.10 in chips) 
Seat 9: bigkawik ($6 in chips) 
bigkawik: posts small blind $0.10
Ronbolicous: posts big blind $0.25
*** HOLE CARDS ***
Dealt to Alameda22 [6d 6c]
odi385: calls $0.25
rascdog: folds 
yipyapsap: folds 
Alameda22: folds 
sleepje: calls $0.25
bigkawik: calls $0.15
Ronbolicous: checks 
*** FLOP *** [Tc Qd Qs]
bigkawik: checks 
ROFOLD has returned
Ronbolicous: checks 
odi385: bets $0.70
sleepje: folds 
bigkawik: folds 
Ronbolicous: folds 
Uncalled bet ($0.70) returned to odi385
odi385 collected $0.95 from pot
odi385: doesn't show hand 
*** SUMMARY ***
Total pot $1 | Rake $0.05 
Board [Tc Qd Qs]
Seat 1: Ronbolicous (big blind) folded on the Flop
Seat 2: odi385 collected ($0.95)
Seat 3: rascdog folded before Flop (didn't bet)
Seat 4: yipyapsap folded before Flop (didn't bet)
Seat 5: Alameda22 folded before Flop (didn't bet)
Seat 6: sleepje (button) folded on the Flop
Seat 9: bigkawik (small blind) folded on the Flop



PokerStars Game #20104657419:  Hold'em No Limit ($0.10/$0.25) - 2008/09/02 21:49:56 ET
Table 'Geometria II' 9-max Seat #9 is the button
Seat 1: Ronbolicous ($12.70 in chips) 
Seat 2: odi385 ($29.65 in chips) 
Seat 3: rascdog ($25.10 in chips) 
Seat 4: yipyapsap ($25 in chips) 
Seat 5: Alameda22 ($50.15 in chips) 
Seat 6: sleepje ($12.85 in chips) 
Seat 8: ROFOLD ($24.65 in chips) 
Seat 9: bigkawik ($5.75 in chips) 
Ronbolicous: posts small blind $0.10
odi385: posts big blind $0.25
ROFOLD: posts small & big blinds $0.35
*** HOLE CARDS ***
Dealt to Alameda22 [4h 9h]
rascdog: folds 
yipyapsap: folds 
Alameda22: folds 
sleepje: calls $0.25
ROFOLD: raises $0.75 to $1
bigkawik: folds 
Ronbolicous: folds 
odi385: folds 
sleepje: calls $0.75
*** FLOP *** [6s 5d 5c]
sleepje: checks 
ROFOLD: bets $1.25
sleepje: folds 
Uncalled bet ($1.25) returned to ROFOLD
ROFOLD collected $2.35 from pot
ROFOLD: doesn't show hand 
sleepje said, "stank"
*** SUMMARY ***
Total pot $2.45 | Rake $0.10 
Board [6s 5d 5c]
Seat 1: Ronbolicous (small blind) folded before Flop
Seat 2: odi385 (big blind) folded before Flop
Seat 3: rascdog folded before Flop (didn't bet)
Seat 4: yipyapsap folded before Flop (didn't bet)
Seat 5: Alameda22 folded before Flop (didn't bet)
Seat 6: sleepje folded on the Flop
Seat 8: ROFOLD collected ($2.35)
Seat 9: bigkawik (button) folded before Flop (didn't bet)



PokerStars Game #20104675064:  Hold'em No Limit ($0.10/$0.25) - 2008/09/02 21:50:43 ET
Table 'Geometria II' 9-max Seat #1 is the button
Seat 1: Ronbolicous ($12.60 in chips) 
Seat 2: odi385 ($29.40 in chips) 
Seat 3: rascdog ($25.10 in chips) 
Seat 4: yipyapsap ($25 in chips) 
Seat 5: Alameda22 ($50.15 in chips) 
Seat 6: sleepje ($11.85 in chips) 
Seat 8: ROFOLD ($25.90 in chips) 
Seat 9: bigkawik ($5.75 in chips) 
odi385: posts small blind $0.10
rascdog: posts big blind $0.25
*** HOLE CARDS ***
Dealt to Alameda22 [3c 4h]
yipyapsap: folds 
Alameda22: folds 
sleepje: raises $0.50 to $0.75
ROFOLD: folds 
bigkawik: folds 
Ronbolicous: folds 
odi385: folds 
rascdog: calls $0.50
*** FLOP *** [9c Qc 7s]
rascdog: checks 
sleepje: bets $0.75
rascdog: folds 
Uncalled bet ($0.75) returned to sleepje
sleepje collected $1.55 from pot
sleepje: doesn't show hand 
*** SUMMARY ***
Total pot $1.60 | Rake $0.05 
Board [9c Qc 7s]
Seat 1: Ronbolicous (button) folded before Flop (didn't bet)
Seat 2: odi385 (small blind) folded before Flop
Seat 3: rascdog (big blind) folded on the Flop
Seat 4: yipyapsap folded before Flop (didn't bet)
Seat 5: Alameda22 folded before Flop (didn't bet)
Seat 6: sleepje collected ($1.55)
Seat 8: ROFOLD folded before Flop (didn't bet)
Seat 9: bigkawik folded before Flop (didn't bet)



PokerStars Game #20104698284:  Hold'em No Limit ($0.10/$0.25) - 2008/09/02 21:51:46 ET
Table 'Geometria II' 9-max Seat #2 is the button
Seat 1: Ronbolicous ($12.60 in chips) 
Seat 2: odi385 ($29.30 in chips) 
Seat 3: rascdog ($24.35 in chips) 
Seat 4: yipyapsap ($25 in chips) 
Seat 5: Alameda22 ($50.15 in chips) 
Seat 6: sleepje ($12.65 in chips) 
Seat 8: ROFOLD ($25.90 in chips) 
Seat 9: bigkawik ($5.75 in chips) 
rascdog: posts small blind $0.10
yipyapsap: posts big blind $0.25
*** HOLE CARDS ***
Dealt to Alameda22 [8d 5c]
Alameda22: folds 
sleepje: calls $0.25
ROFOLD: folds 
bigkawik: calls $0.25
Ronbolicous: folds 
odi385: folds 
rascdog: folds 
yipyapsap: checks 
*** FLOP *** [8s Td Ks]
yipyapsap: checks 
sleepje: checks 
bigkawik: checks 
*** TURN *** [8s Td Ks] [Th]
yipyapsap: checks 
sleepje: bets $0.75
bigkawik: folds 
yipyapsap: folds 
Uncalled bet ($0.75) returned to sleepje
sleepje collected $0.85 from pot
sleepje is sitting out
sleepje leaves the table
*** SUMMARY ***
Total pot $0.85 | Rake $0 
Board [8s Td Ks Th]
Seat 1: Ronbolicous folded before Flop (didn't bet)
Seat 2: odi385 (button) folded before Flop (didn't bet)
Seat 3: rascdog (small blind) folded before Flop
Seat 4: yipyapsap (big blind) folded on the Turn
Seat 5: Alameda22 folded before Flop (didn't bet)
Seat 6: sleepje collected ($0.85)
Seat 8: ROFOLD folded before Flop (didn't bet)
Seat 9: bigkawik folded on the Turn



PokerStars Game #20104725615:  Hold'em No Limit ($0.10/$0.25) - 2008/09/02 21:52:59 ET
Table 'Geometria II' 9-max Seat #3 is the button
Seat 1: Ronbolicous ($12.60 in chips) 
Seat 2: odi385 ($29.30 in chips) 
Seat 3: rascdog ($24.25 in chips) 
Seat 4: yipyapsap ($24.75 in chips) 
Seat 5: Alameda22 ($50.15 in chips) 
Seat 8: ROFOLD ($25.90 in chips) 
Seat 9: bigkawik ($5.50 in chips) 
yipyapsap: posts small blind $0.10
Alameda22: posts big blind $0.25
*** HOLE CARDS ***
Dealt to Alameda22 [6c 7s]
ROFOLD: folds 
bigkawik: folds 
Ronbolicous: calls $0.25
odi385: folds 
rascdog: folds 
yipyapsap: folds 
Alameda22: checks 
*** FLOP *** [Ks 2c 9s]
Alameda22: checks 
Ronbolicous: checks 
*** TURN *** [Ks 2c 9s] [5c]
noah leon joins the table at seat #6 
DoucheKannon joins the table at seat #7 
Alameda22: checks 
Ronbolicous: checks 
*** RIVER *** [Ks 2c 9s 5c] [Kc]
Alameda22: checks 
Ronbolicous: checks 
*** SHOW DOWN ***
Alameda22: shows [6c 7s] (a pair of Kings)
Ronbolicous: shows [8h Th] (a pair of Kings - Ten kicker)
Ronbolicous collected $0.60 from pot
*** SUMMARY ***
Total pot $0.60 | Rake $0 
Board [Ks 2c 9s 5c Kc]
Seat 1: Ronbolicous showed [8h Th] and won ($0.60) with a pair of Kings
Seat 2: odi385 folded before Flop (didn't bet)
Seat 3: rascdog (button) folded before Flop (didn't bet)
Seat 4: yipyapsap (small blind) folded before Flop
Seat 5: Alameda22 (big blind) showed [6c 7s] and lost with a pair of Kings
Seat 8: ROFOLD folded before Flop (didn't bet)
Seat 9: bigkawik folded before Flop (didn't bet)



PokerStars Game #20104759805:  Hold'em No Limit ($0.10/$0.25) - 2008/09/02 21:54:31 ET
Table 'Geometria II' 9-max Seat #4 is the button
Seat 1: Ronbolicous ($12.95 in chips) 
Seat 2: odi385 ($29.30 in chips) 
Seat 3: rascdog ($24.25 in chips) 
Seat 4: yipyapsap ($24.65 in chips) 
Seat 5: Alameda22 ($49.90 in chips) 
Seat 6: noah leon ($5 in chips) 
Seat 8: ROFOLD ($25.90 in chips) 
Seat 9: bigkawik ($5.50 in chips) 
Alameda22: posts small blind $0.10
noah leon: posts big blind $0.25
DoucheKannon: sits out 
*** HOLE CARDS ***
Dealt to Alameda22 [Ks 6c]
ROFOLD: folds 
bigkawik: folds 
Ronbolicous: folds 
odi385: folds 
rascdog: folds 
yipyapsap: calls $0.25
Alameda22: folds 
noah leon: checks 
*** FLOP *** [3d 3h 7c]
noah leon: checks 
yipyapsap: checks 
*** TURN *** [3d 3h 7c] [2s]
noah leon: checks 
yipyapsap: bets $0.50
noah leon: folds 
Uncalled bet ($0.50) returned to yipyapsap
yipyapsap collected $0.60 from pot
yipyapsap: doesn't show hand 
*** SUMMARY ***
Total pot $0.60 | Rake $0 
Board [3d 3h 7c 2s]
Seat 1: Ronbolicous folded before Flop (didn't bet)
Seat 2: odi385 folded before Flop (didn't bet)
Seat 3: rascdog folded before Flop (didn't bet)
Seat 4: yipyapsap (button) collected ($0.60)
Seat 5: Alameda22 (small blind) folded before Flop
Seat 6: noah leon (big blind) folded on the Turn
Seat 8: ROFOLD folded before Flop (didn't bet)
Seat 9: bigkawik folded before Flop (didn't bet)



PokerStars Game #20104786053:  Hold'em No Limit ($0.10/$0.25) - 2008/09/02 21:55:44 ET
Table 'Geometria II' 9-max Seat #5 is the button
Seat 1: Ronbolicous ($12.95 in chips) 
Seat 2: odi385 ($29.30 in chips) 
Seat 3: rascdog ($24.25 in chips) 
Seat 4: yipyapsap ($25 in chips) 
Seat 5: Alameda22 ($49.80 in chips) 
Seat 6: noah leon ($4.75 in chips) 
Seat 7: DoucheKannon ($15 in chips) 
Seat 8: ROFOLD ($25.90 in chips) 
Seat 9: bigkawik ($5.50 in chips) 
noah leon: posts small blind $0.10
DoucheKannon: posts big blind $0.25
*** HOLE CARDS ***
Dealt to Alameda22 [5h 3c]
ROFOLD: folds 
bigkawik: folds 
Ronbolicous: folds 
odi385: raises $0.55 to $0.80
rascdog: folds 
yipyapsap: folds 
Alameda22: folds 
noah leon: folds 
DoucheKannon: folds 
Uncalled bet ($0.55) returned to odi385
odi385 collected $0.60 from pot
odi385: doesn't show hand 
*** SUMMARY ***
Total pot $0.60 | Rake $0 
Seat 1: Ronbolicous folded before Flop (didn't bet)
Seat 2: odi385 collected ($0.60)
Seat 3: rascdog folded before Flop (didn't bet)
Seat 4: yipyapsap folded before Flop (didn't bet)
Seat 5: Alameda22 (button) folded before Flop (didn't bet)
Seat 6: noah leon (small blind) folded before Flop
Seat 7: DoucheKannon (big blind) folded before Flop
Seat 8: ROFOLD folded before Flop (didn't bet)
Seat 9: bigkawik folded before Flop (didn't bet)



PokerStars Game #20104804252:  Hold'em No Limit ($0.10/$0.25) - 2008/09/02 21:56:34 ET
Table 'Geometria II' 9-max Seat #6 is the button
Seat 1: Ronbolicous ($12.95 in chips) 
Seat 2: odi385 ($29.65 in chips) 
Seat 3: rascdog ($24.25 in chips) 
Seat 4: yipyapsap ($25 in chips) 
Seat 5: Alameda22 ($49.80 in chips) 
Seat 6: noah leon ($4.65 in chips) 
Seat 7: DoucheKannon ($14.75 in chips) 
Seat 8: ROFOLD ($25.90 in chips) 
Seat 9: bigkawik ($5.50 in chips) 
DoucheKannon: posts small blind $0.10
ROFOLD: posts big blind $0.25
*** HOLE CARDS ***
Dealt to Alameda22 [3h 2d]
bigkawik: folds 
Ronbolicous: folds 
odi385: folds 
rascdog: folds 
yipyapsap: folds 
Alameda22: folds 
noah leon: folds 
DoucheKannon: calls $0.15
ROFOLD: checks 
*** FLOP *** [Ks 2c 7s]
DoucheKannon: checks 
ROFOLD: bets $0.75
DoucheKannon: folds 
Uncalled bet ($0.75) returned to ROFOLD
ROFOLD collected $0.50 from pot
ROFOLD: doesn't show hand 
*** SUMMARY ***
Total pot $0.50 | Rake $0 
Board [Ks 2c 7s]
Seat 1: Ronbolicous folded before Flop (didn't bet)
Seat 2: odi385 folded before Flop (didn't bet)
Seat 3: rascdog folded before Flop (didn't bet)
Seat 4: yipyapsap folded before Flop (didn't bet)
Seat 5: Alameda22 folded before Flop (didn't bet)
Seat 6: noah leon (button) folded before Flop (didn't bet)
Seat 7: DoucheKannon (small blind) folded on the Flop
Seat 8: ROFOLD (big blind) collected ($0.50)
Seat 9: bigkawik folded before Flop (didn't bet)



PokerStars Game #20104821914:  Hold'em No Limit ($0.10/$0.25) - 2008/09/02 21:57:21 ET
Table 'Geometria II' 9-max Seat #7 is the button
Seat 1: Ronbolicous ($12.95 in chips) 
Seat 2: odi385 ($29.65 in chips) 
Seat 3: rascdog ($24.25 in chips) 
Seat 4: yipyapsap ($25 in chips) 
Seat 5: Alameda22 ($49.80 in chips) 
Seat 6: noah leon ($4.65 in chips) 
Seat 7: DoucheKannon ($14.50 in chips) 
Seat 8: ROFOLD ($26.15 in chips) 
Seat 9: bigkawik ($5.50 in chips) 
ROFOLD: posts small blind $0.10
bigkawik: posts big blind $0.25
*** HOLE CARDS ***
Dealt to Alameda22 [Jc 7s]
Ronbolicous: folds 
odi385: folds 
rascdog: folds 
yipyapsap: calls $0.25
Alameda22 has timed out
Alameda22: folds 
Alameda22 is sitting out
noah leon: folds 
DoucheKannon: folds 
ROFOLD: folds 
bigkawik: checks 
*** FLOP *** [Ah 6s 8h]
bigkawik: checks 
yipyapsap: checks 
*** TURN *** [Ah 6s 8h] [Ad]
bigkawik: checks 
yipyapsap: checks 
*** RIVER *** [Ah 6s 8h Ad] [7d]
bigkawik: bets $0.50
yipyapsap: folds 
Uncalled bet ($0.50) returned to bigkawik
bigkawik collected $0.60 from pot
bigkawik: doesn't show hand 
*** SUMMARY ***
Total pot $0.60 | Rake $0 
Board [Ah 6s 8h Ad 7d]
Seat 1: Ronbolicous folded before Flop (didn't bet)
Seat 2: odi385 folded before Flop (didn't bet)
Seat 3: rascdog folded before Flop (didn't bet)
Seat 4: yipyapsap folded on the River
Seat 5: Alameda22 folded before Flop (didn't bet)
Seat 6: noah leon folded before Flop (didn't bet)
Seat 7: DoucheKannon (button) folded before Flop (didn't bet)
Seat 8: ROFOLD (small blind) folded before Flop
Seat 9: bigkawik (big blind) collected ($0.60)



PokerStars Game #20104882091:  Hold'em No Limit ($0.10/$0.25) - 2008/09/02 22:00:05 ET
Table 'Geometria II' 9-max Seat #9 is the button
Seat 1: Ronbolicous ($11.45 in chips) 
Seat 2: odi385 ($29.65 in chips) 
Seat 3: rascdog ($24.25 in chips) 
Seat 4: yipyapsap ($25 in chips) 
Seat 5: Alameda22 ($49.80 in chips) 
Seat 7: DoucheKannon ($15.95 in chips) 
Seat 8: ROFOLD ($26.05 in chips) 
Seat 9: bigkawik ($5.75 in chips) 
Ronbolicous: posts small blind $0.10
odi385: posts big blind $0.25
*** HOLE CARDS ***
Dealt to Alameda22 [Ac 4c]
rascdog: folds 
yipyapsap: folds 
Alameda22: folds 
mphpink joins the table at seat #6 
DoucheKannon: folds 
ROFOLD: folds 
bigkawik: folds 
Ronbolicous: folds 
Uncalled bet ($0.15) returned to odi385
odi385 collected $0.20 from pot
odi385: doesn't show hand 
*** SUMMARY ***
Total pot $0.20 | Rake $0 
Seat 1: Ronbolicous (small blind) folded before Flop
Seat 2: odi385 (big blind) collected ($0.20)
Seat 3: rascdog folded before Flop (didn't bet)
Seat 4: yipyapsap folded before Flop (didn't bet)
Seat 5: Alameda22 folded before Flop (didn't bet)
Seat 7: DoucheKannon folded before Flop (didn't bet)
Seat 8: ROFOLD folded before Flop (didn't bet)
Seat 9: bigkawik (button) folded before Flop (didn't bet)



PokerStars Game #20104899586:  Hold'em No Limit ($0.10/$0.25) - 2008/09/02 22:00:53 ET
Table 'Geometria II' 9-max Seat #1 is the button
Seat 1: Ronbolicous ($11.35 in chips) 
Seat 2: odi385 ($29.75 in chips) 
Seat 3: rascdog ($24.25 in chips) 
Seat 4: yipyapsap ($25 in chips) 
Seat 5: Alameda22 ($49.80 in chips) 
Seat 6: mphpink ($5 in chips) 
Seat 7: DoucheKannon ($15.95 in chips) 
Seat 8: ROFOLD ($26.05 in chips) 
Seat 9: bigkawik ($5.75 in chips) 
odi385: posts small blind $0.10
rascdog: posts big blind $0.25
mphpink: posts big blind $0.25
*** HOLE CARDS ***
Dealt to Alameda22 [9d 4d]
yipyapsap: folds 
Alameda22: folds 
mphpink: checks 
DoucheKannon: folds 
ROFOLD: raises $0.75 to $1
bigkawik: folds 
mphpink said, "hey ronbo"
Ronbolicous: folds 
odi385: folds 
rascdog: folds 
Ronbolicous said, "word up, fella"
mphpink: calls $0.75
*** FLOP *** [Qh 4h 7h]
mphpink: checks 
ROFOLD: bets $3.50
mphpink: raises $0.50 to $4 and is all-in
ROFOLD: calls $0.50
*** TURN *** [Qh 4h 7h] [9h]
*** RIVER *** [Qh 4h 7h 9h] [5d]
*** SHOW DOWN ***
mphpink: shows [Jh Qs] (a flush, Queen high)
ROFOLD: shows [Js Ah] (a flush, Ace high)
ROFOLD collected $9.85 from pot
*** SUMMARY ***
Total pot $10.35 | Rake $0.50 
Board [Qh 4h 7h 9h 5d]
Seat 1: Ronbolicous (button) folded before Flop (didn't bet)
Seat 2: odi385 (small blind) folded before Flop
Seat 3: rascdog (big blind) folded before Flop
Seat 4: yipyapsap folded before Flop (didn't bet)
Seat 5: Alameda22 folded before Flop (didn't bet)
Seat 6: mphpink showed [Jh Qs] and lost with a flush, Queen high
Seat 7: DoucheKannon folded before Flop (didn't bet)
Seat 8: ROFOLD showed [Js Ah] and won ($9.85) with a flush, Ace high
Seat 9: bigkawik folded before Flop (didn't bet)



PokerStars Game #20104931652:  Hold'em No Limit ($0.10/$0.25) - 2008/09/02 22:02:20 ET
Table 'Geometria II' 9-max Seat #2 is the button
Seat 1: Ronbolicous ($11.35 in chips) 
Seat 2: odi385 ($29.65 in chips) 
Seat 3: rascdog ($24 in chips) 
Seat 4: yipyapsap ($25 in chips) 
Seat 5: Alameda22 ($49.80 in chips) 
Seat 7: DoucheKannon ($15.95 in chips) 
Seat 8: ROFOLD ($30.90 in chips) 
Seat 9: bigkawik ($5.75 in chips) 
mphpink said, "ouch"
rascdog: posts small blind $0.10
yipyapsap: posts big blind $0.25
*** HOLE CARDS ***
Dealt to Alameda22 [8s 2h]
Ronbolicous said, "whoops"
Alameda22: folds 
mphpink has returned
DoucheKannon: folds 
ROFOLD: raises $0.75 to $1
bigkawik: folds 
Ronbolicous: folds 
odi385: folds 
rascdog: folds 
yipyapsap: folds 
Uncalled bet ($0.75) returned to ROFOLD
ROFOLD collected $0.60 from pot
ROFOLD: doesn't show hand 
*** SUMMARY ***
Total pot $0.60 | Rake $0 
Seat 1: Ronbolicous folded before Flop (didn't bet)
Seat 2: odi385 (button) folded before Flop (didn't bet)
Seat 3: rascdog (small blind) folded before Flop
Seat 4: yipyapsap (big blind) folded before Flop
Seat 5: Alameda22 folded before Flop (didn't bet)
Seat 7: DoucheKannon folded before Flop (didn't bet)
Seat 8: ROFOLD collected ($0.60)
Seat 9: bigkawik folded before Flop (didn't bet)



PokerStars Game #20104946698:  Hold'em No Limit ($0.10/$0.25) - 2008/09/02 22:03:00 ET
Table 'Geometria II' 9-max Seat #3 is the button
Seat 1: Ronbolicous ($11.35 in chips) 
Seat 2: odi385 ($29.65 in chips) 
Seat 3: rascdog ($23.90 in chips) 
Seat 4: yipyapsap ($24.75 in chips) 
Seat 5: Alameda22 ($49.80 in chips) 
Seat 6: mphpink ($5 in chips) 
Seat 7: DoucheKannon ($15.95 in chips) 
Seat 8: ROFOLD ($31.25 in chips) 
Seat 9: bigkawik ($5.75 in chips) 
yipyapsap: posts small blind $0.10
Alameda22: posts big blind $0.25
*** HOLE CARDS ***
Dealt to Alameda22 [4d 6d]
mphpink: calls $0.25
Ronbolicous said, "1 hand, one bad beat."
DoucheKannon: folds 
ROFOLD: folds 
bigkawik: folds 
Ronbolicous: calls $0.25
odi385: folds 
mphpink said, "pretty much"
rascdog: folds 
yipyapsap: raises $1.50 to $1.75
Ronbolicous said, "where are you from again?"
Alameda22: folds 
mphpink: folds 
Ronbolicous: folds 
Uncalled bet ($1.50) returned to yipyapsap
yipyapsap collected $1 from pot
yipyapsap: doesn't show hand 
*** SUMMARY ***
Total pot $1 | Rake $0 
Seat 1: Ronbolicous folded before Flop
Seat 2: odi385 folded before Flop (didn't bet)
Seat 3: rascdog (button) folded before Flop (didn't bet)
Seat 4: yipyapsap (small blind) collected ($1)
Seat 5: Alameda22 (big blind) folded before Flop
Seat 6: mphpink folded before Flop
Seat 7: DoucheKannon folded before Flop (didn't bet)
Seat 8: ROFOLD folded before Flop (didn't bet)
Seat 9: bigkawik folded before Flop (didn't bet)



PokerStars Game #20104964541:  Hold'em No Limit ($0.10/$0.25) - 2008/09/02 22:03:48 ET
Table 'Geometria II' 9-max Seat #4 is the button
Seat 1: Ronbolicous ($11.10 in chips) 
Seat 2: odi385 ($29.65 in chips) 
Seat 3: rascdog ($23.90 in chips) 
Seat 4: yipyapsap ($25.50 in chips) 
Seat 5: Alameda22 ($49.55 in chips) 
Seat 6: mphpink ($4.75 in chips) 
Seat 7: DoucheKannon ($15.95 in chips) 
Seat 8: ROFOLD ($31.25 in chips) 
Seat 9: bigkawik ($5.75 in chips) 
Alameda22: posts small blind $0.10
mphpink: posts big blind $0.25
*** HOLE CARDS ***
Dealt to Alameda22 [7c 9s]
Ronbolicous said, "posner"
DoucheKannon: calls $0.25
ROFOLD: folds 
bigkawik: folds 
Ronbolicous: folds 
odi385: raises $0.85 to $1.10
rascdog: folds 
yipyapsap: folds 
mphpink said, "hehe"
Alameda22: folds 
mphpink: folds 
DoucheKannon: folds 
Uncalled bet ($0.85) returned to odi385
odi385 collected $0.85 from pot
odi385: doesn't show hand 
*** SUMMARY ***
Total pot $0.85 | Rake $0 
Seat 1: Ronbolicous folded before Flop (didn't bet)
Seat 2: odi385 collected ($0.85)
Seat 3: rascdog folded before Flop (didn't bet)
Seat 4: yipyapsap (button) folded before Flop (didn't bet)
Seat 5: Alameda22 (small blind) folded before Flop
Seat 6: mphpink (big blind) folded before Flop
Seat 7: DoucheKannon folded before Flop
Seat 8: ROFOLD folded before Flop (didn't bet)
Seat 9: bigkawik folded before Flop (didn't bet)



PokerStars Game #20104982041:  Hold'em No Limit ($0.10/$0.25) - 2008/09/02 22:04:35 ET
Table 'Geometria II' 9-max Seat #5 is the button
Seat 1: Ronbolicous ($11.10 in chips) 
Seat 2: odi385 ($30.25 in chips) 
Seat 3: rascdog ($23.90 in chips) 
Seat 4: yipyapsap ($25.50 in chips) 
Seat 5: Alameda22 ($49.45 in chips) 
Seat 6: mphpink ($4.50 in chips) 
Seat 7: DoucheKannon ($15.70 in chips) 
Seat 8: ROFOLD ($31.25 in chips) 
Seat 9: bigkawik ($5.75 in chips) 
mphpink: posts small blind $0.10
DoucheKannon: posts big blind $0.25
*** HOLE CARDS ***
Dealt to Alameda22 [Ts 5d]
ROFOLD: folds 
bigkawik: folds 
Ronbolicous: raises $0.25 to $0.50
odi385: folds 
rascdog: folds 
yipyapsap: folds 
Alameda22: folds 
mphpink: calls $0.40
DoucheKannon: calls $0.25
*** FLOP *** [4h Kd 7h]
mphpink: checks 
DoucheKannon: checks 
Ronbolicous: bets $0.50
mphpink: raises $1 to $1.50
DoucheKannon: folds 
Ronbolicous: raises $9.10 to $10.60 and is all-in
mphpink: calls $2.50 and is all-in
Uncalled bet ($6.60) returned to Ronbolicous
*** TURN *** [4h Kd 7h] [7c]
*** RIVER *** [4h Kd 7h 7c] [8c]
*** SHOW DOWN ***
mphpink: shows [Kh 8h] (two pair, Kings and Eights)
Ronbolicous: shows [Ah As] (two pair, Aces and Sevens)
Ronbolicous collected $9.05 from pot
*** SUMMARY ***
Total pot $9.50 | Rake $0.45 
Board [4h Kd 7h 7c 8c]
Seat 1: Ronbolicous showed [Ah As] and won ($9.05) with two pair, Aces and Sevens
Seat 2: odi385 folded before Flop (didn't bet)
Seat 3: rascdog folded before Flop (didn't bet)
Seat 4: yipyapsap folded before Flop (didn't bet)
Seat 5: Alameda22 (button) folded before Flop (didn't bet)
Seat 6: mphpink (small blind) showed [Kh 8h] and lost with two pair, Kings and Eights
Seat 7: DoucheKannon (big blind) folded on the Flop
Seat 8: ROFOLD folded before Flop (didn't bet)
Seat 9: bigkawik folded before Flop (didn't bet)



PokerStars Game #20105010504:  Hold'em No Limit ($0.10/$0.25) - 2008/09/02 22:05:52 ET
Table 'Geometria II' 9-max Seat #7 is the button
Seat 1: Ronbolicous ($15.65 in chips) 
Seat 2: odi385 ($30.25 in chips) 
Seat 3: rascdog ($23.90 in chips) 
Seat 4: yipyapsap ($25.50 in chips) 
Seat 5: Alameda22 ($49.45 in chips) 
Seat 7: DoucheKannon ($15.20 in chips) 
Seat 8: ROFOLD ($31.25 in chips) 
ROFOLD: posts small blind $0.10
mphpink said, "f-er"
bigkawik: is sitting out 
bigkawik leaves the table
Ronbolicous: posts big blind $0.25
*** HOLE CARDS ***
Dealt to Alameda22 [9c 3c]
mphpink said, "ok, im done"
odi385: folds 
Ronbolicous said, "sorry"
rascdog: folds 
mphpink leaves the table
yipyapsap: calls $0.25
Alameda22: folds 
DoucheKannon: calls $0.25
BadBeat69 joins the table at seat #9 
ROFOLD: calls $0.15
Ronbolicous: checks 
*** FLOP *** [2s Ad Jh]
ROFOLD: checks 
Ronbolicous: checks 
yipyapsap: checks 
DoucheKannon: bets $1
ROFOLD: calls $1
Ronbolicous: folds 
yipyapsap: calls $1
*** TURN *** [2s Ad Jh] [2h]
ROFOLD: checks 
yipyapsap: checks 
DoucheKannon: bets $1
cambell1974 joins the table at seat #6 
ROFOLD: calls $1
yipyapsap: calls $1
*** RIVER *** [2s Ad Jh 2h] [9h]
ROFOLD: checks 
yipyapsap: checks 
DoucheKannon: bets $10
ROFOLD: folds 
yipyapsap: folds 
Uncalled bet ($10) returned to DoucheKannon
DoucheKannon collected $6.70 from pot
DoucheKannon: shows [Ah 5h] (a flush, Ace high)
*** SUMMARY ***
Total pot $7 | Rake $0.30 
Board [2s Ad Jh 2h 9h]
Seat 1: Ronbolicous (big blind) folded on the Flop
Seat 2: odi385 folded before Flop (didn't bet)
Seat 3: rascdog folded before Flop (didn't bet)
Seat 4: yipyapsap folded on the River
Seat 5: Alameda22 folded before Flop (didn't bet)
Seat 7: DoucheKannon (button) collected ($6.70)
Seat 8: ROFOLD (small blind) folded on the River



PokerStars Game #20105053341:  Hold'em No Limit ($0.10/$0.25) - 2008/09/02 22:07:47 ET
Table 'Geometria II' 9-max Seat #8 is the button
Seat 1: Ronbolicous ($15.40 in chips) 
Seat 3: rascdog ($23.90 in chips) 
Seat 4: yipyapsap ($25 in chips) 
Seat 5: Alameda22 ($49.45 in chips) 
Seat 6: cambell1974 ($25 in chips) 
Seat 7: DoucheKannon ($19.65 in chips) 
Seat 8: ROFOLD ($29 in chips) 
BadBeat69 will be allowed to play after the button
Ronbolicous: posts small blind $0.10
odi385: is sitting out 
odi385 leaves the table
rascdog: posts big blind $0.25
cambell1974: posts big blind $0.25
*** HOLE CARDS ***
Dealt to Alameda22 [Th 8s]
yipyapsap: folds 
Alameda22: folds 
cambell1974: checks 
DoucheKannon: calls $0.25
ROFOLD: folds 
Ronbolicous: calls $0.15
rascdog: raises $0.75 to $1
cambell1974: folds 
DoucheKannon: calls $0.75
Ronbolicous: folds 
*** FLOP *** [6d Ts Js]
lastboss84 joins the table at seat #2 
rascdog: bets $1.25
lastboss84 leaves the table
DoucheKannon: calls $1.25
*** TURN *** [6d Ts Js] [5c]
rascdog: bets $3
DoucheKannon: folds 
Uncalled bet ($3) returned to rascdog
rascdog collected $4.80 from pot
rascdog: doesn't show hand 
*** SUMMARY ***
Total pot $5 | Rake $0.20 
Board [6d Ts Js 5c]
Seat 1: Ronbolicous (small blind) folded before Flop
Seat 3: rascdog (big blind) collected ($4.80)
Seat 4: yipyapsap folded before Flop (didn't bet)
Seat 5: Alameda22 folded before Flop (didn't bet)
Seat 6: cambell1974 folded before Flop
Seat 7: DoucheKannon folded on the Turn
Seat 8: ROFOLD (button) folded before Flop (didn't bet)



PokerStars Game #20105089119:  Hold'em No Limit ($0.10/$0.25) - 2008/09/02 22:09:24 ET
Table 'Geometria II' 9-max Seat #1 is the button
Seat 1: Ronbolicous ($15.15 in chips) 
Seat 3: rascdog ($26.45 in chips) 
Seat 4: yipyapsap ($25 in chips) 
Seat 5: Alameda22 ($49.45 in chips) 
Seat 6: cambell1974 ($24.75 in chips) 
Seat 7: DoucheKannon ($17.40 in chips) 
Seat 8: ROFOLD ($29 in chips) 
rascdog: posts small blind $0.10
yipyapsap: posts big blind $0.25
northwood joins the table at seat #2 
BadBeat69: sits out 
*** HOLE CARDS ***
Dealt to Alameda22 [Td 9h]
Alameda22: folds 
cambell1974: calls $0.25
DoucheKannon: folds 
ROFOLD: folds 
Ronbolicous: folds 
rascdog: folds 
yipyapsap: checks 
*** FLOP *** [2s Qd 9s]
yipyapsap: checks 
cambell1974: checks 
*** TURN *** [2s Qd 9s] [6s]
yipyapsap: checks 
cambell1974: checks 
*** RIVER *** [2s Qd 9s 6s] [7d]
yipyapsap: checks 
cambell1974: checks 
*** SHOW DOWN ***
yipyapsap: shows [4d 8d] (high card Queen)
cambell1974: shows [3d 3h] (a pair of Threes)
cambell1974 collected $0.60 from pot
*** SUMMARY ***
Total pot $0.60 | Rake $0 
Board [2s Qd 9s 6s 7d]
Seat 1: Ronbolicous (button) folded before Flop (didn't bet)
Seat 3: rascdog (small blind) folded before Flop
Seat 4: yipyapsap (big blind) showed [4d 8d] and lost with high card Queen
Seat 5: Alameda22 folded before Flop (didn't bet)
Seat 6: cambell1974 showed [3d 3h] and won ($0.60) with a pair of Threes
Seat 7: DoucheKannon folded before Flop (didn't bet)
Seat 8: ROFOLD folded before Flop (didn't bet)



PokerStars Game #20105110955:  Hold'em No Limit ($0.10/$0.25) - 2008/09/02 22:10:23 ET
Table 'Geometria II' 9-max Seat #3 is the button
Seat 1: Ronbolicous ($15.15 in chips) 
Seat 2: northwood ($25 in chips) 
Seat 3: rascdog ($26.35 in chips) 
Seat 4: yipyapsap ($24.75 in chips) 
Seat 5: Alameda22 ($49.45 in chips) 
Seat 6: cambell1974 ($25.10 in chips) 
Seat 7: DoucheKannon ($17.40 in chips) 
Seat 8: ROFOLD ($29 in chips) 
yipyapsap: posts small blind $0.10
Alameda22: posts big blind $0.25
BadBeat69: sits out 
northwood: posts big blind $0.25
*** HOLE CARDS ***
Dealt to Alameda22 [8h 5h]
cambell1974: folds 
DoucheKannon: folds 
ROFOLD: folds 
Ronbolicous: calls $0.25
northwood: checks 
rascdog: raises $1 to $1.25
yipyapsap: folds 
Alameda22: folds 
Ronbolicous: folds 
northwood: folds 
Uncalled bet ($1) returned to rascdog
rascdog collected $1.10 from pot
rascdog: doesn't show hand 
*** SUMMARY ***
Total pot $1.10 | Rake $0 
Seat 1: Ronbolicous folded before Flop
Seat 2: northwood folded before Flop
Seat 3: rascdog (button) collected ($1.10)
Seat 4: yipyapsap (small blind) folded before Flop
Seat 5: Alameda22 (big blind) folded before Flop
Seat 6: cambell1974 folded before Flop (didn't bet)
Seat 7: DoucheKannon folded before Flop (didn't bet)
Seat 8: ROFOLD folded before Flop (didn't bet)



PokerStars Game #20105124055:  Hold'em No Limit ($0.10/$0.25) - 2008/09/02 22:10:58 ET
Table 'Geometria II' 9-max Seat #4 is the button
Seat 1: Ronbolicous ($14.90 in chips) 
Seat 2: northwood ($24.75 in chips) 
Seat 3: rascdog ($27.20 in chips) 
Seat 4: yipyapsap ($25 in chips) 
Seat 5: Alameda22 ($49.20 in chips) 
Seat 6: cambell1974 ($25.10 in chips) 
Seat 7: DoucheKannon ($17.40 in chips) 
Seat 8: ROFOLD ($29 in chips) 
Alameda22: posts small blind $0.10
cambell1974: posts big blind $0.25
BadBeat69: sits out 
*** HOLE CARDS ***
Dealt to Alameda22 [Kd 8c]
DoucheKannon: folds 
ROFOLD: folds 
Ronbolicous: folds 
northwood: folds 
rascdog: calls $0.25
yipyapsap: folds 
Alameda22: folds 
cambell1974: checks 
*** FLOP *** [3d 9s 2h]
Ronbolicous leaves the table
cambell1974: checks 
rascdog: checks 
*** TURN *** [3d 9s 2h] [5h]
jasons0147 joins the table at seat #1 
cambell1974: bets $0.25
rascdog: folds 
Uncalled bet ($0.25) returned to cambell1974
cambell1974 collected $0.60 from pot
cambell1974: doesn't show hand 
*** SUMMARY ***
Total pot $0.60 | Rake $0 
Board [3d 9s 2h 5h]
Seat 1: Ronbolicous folded before Flop (didn't bet)
Seat 2: northwood folded before Flop (didn't bet)
Seat 3: rascdog folded on the Turn
Seat 4: yipyapsap (button) folded before Flop (didn't bet)
Seat 5: Alameda22 (small blind) folded before Flop
Seat 6: cambell1974 (big blind) collected ($0.60)
Seat 7: DoucheKannon folded before Flop (didn't bet)
Seat 8: ROFOLD folded before Flop (didn't bet)



PokerStars Game #20105148735:  Hold'em No Limit ($0.10/$0.25) - 2008/09/02 22:12:05 ET
Table 'Geometria II' 9-max Seat #5 is the button
Seat 2: northwood ($24.75 in chips) 
Seat 3: rascdog ($26.95 in chips) 
Seat 4: yipyapsap ($25 in chips) 
Seat 5: Alameda22 ($49.10 in chips) 
Seat 6: cambell1974 ($25.45 in chips) 
Seat 7: DoucheKannon ($17.40 in chips) 
Seat 8: ROFOLD ($29 in chips) 
cambell1974: posts small blind $0.10
DoucheKannon: posts big blind $0.25
BadBeat69: sits out 
jasons0147: sits out 
*** HOLE CARDS ***
Dealt to Alameda22 [3c 4d]
ROFOLD: folds 
northwood: folds 
rascdog: folds 
yipyapsap: folds 
Alameda22: folds 
cambell1974: calls $0.15
DoucheKannon: checks 
*** FLOP *** [4h Kh Kc]
cambell1974: checks 
DoucheKannon: checks 
*** TURN *** [4h Kh Kc] [Ad]
cambell1974: checks 
DoucheKannon: checks 
*** RIVER *** [4h Kh Kc Ad] [9d]
cambell1974: bets $0.25
DoucheKannon: calls $0.25
*** SHOW DOWN ***
cambell1974: shows [5d Kd] (three of a kind, Kings)
DoucheKannon: mucks hand 
cambell1974 collected $0.95 from pot
*** SUMMARY ***
Total pot $1 | Rake $0.05 
Board [4h Kh Kc Ad 9d]
Seat 2: northwood folded before Flop (didn't bet)
Seat 3: rascdog folded before Flop (didn't bet)
Seat 4: yipyapsap folded before Flop (didn't bet)
Seat 5: Alameda22 (button) folded before Flop (didn't bet)
Seat 6: cambell1974 (small blind) showed [5d Kd] and won ($0.95) with three of a kind, Kings
Seat 7: DoucheKannon (big blind) mucked [9c 2c]
Seat 8: ROFOLD folded before Flop (didn't bet)



PokerStars Game #20105169893:  Hold'em No Limit ($0.10/$0.25) - 2008/09/02 22:13:02 ET
Table 'Geometria II' 9-max Seat #6 is the button
Seat 2: northwood ($24.75 in chips) 
Seat 3: rascdog ($26.95 in chips) 
Seat 4: yipyapsap ($25 in chips) 
Seat 5: Alameda22 ($49.10 in chips) 
Seat 6: cambell1974 ($25.90 in chips) 
Seat 7: DoucheKannon ($16.90 in chips) 
Seat 8: ROFOLD ($29 in chips) 
DoucheKannon: posts small blind $0.10
ROFOLD: posts big blind $0.25
BadBeat69: sits out 
jasons0147: sits out 
*** HOLE CARDS ***
Dealt to Alameda22 [5h 3s]
northwood: calls $0.25
rascdog: folds 
yipyapsap: folds 
Alameda22: folds 
cambell1974: folds 
DoucheKannon: calls $0.15
ROFOLD: checks 
*** FLOP *** [Qh 8d Jd]
DoucheKannon: checks 
ROFOLD: checks 
northwood: bets $0.50
DoucheKannon: folds 
ROFOLD: folds 
Uncalled bet ($0.50) returned to northwood
northwood collected $0.75 from pot
northwood: doesn't show hand 
*** SUMMARY ***
Total pot $0.75 | Rake $0 
Board [Qh 8d Jd]
Seat 2: northwood collected ($0.75)
Seat 3: rascdog folded before Flop (didn't bet)
Seat 4: yipyapsap folded before Flop (didn't bet)
Seat 5: Alameda22 folded before Flop (didn't bet)
Seat 6: cambell1974 (button) folded before Flop (didn't bet)
Seat 7: DoucheKannon (small blind) folded on the Flop
Seat 8: ROFOLD (big blind) folded on the Flop



PokerStars Game #20105189109:  Hold'em No Limit ($0.10/$0.25) - 2008/09/02 22:13:54 ET
Table 'Geometria II' 9-max Seat #7 is the button
Seat 2: northwood ($25.25 in chips) 
Seat 3: rascdog ($26.95 in chips) 
Seat 4: yipyapsap ($25 in chips) 
Seat 5: Alameda22 ($49.10 in chips) 
Seat 6: cambell1974 ($25.90 in chips) 
Seat 7: DoucheKannon ($16.65 in chips) 
Seat 8: ROFOLD ($28.75 in chips) 
Seat 9: BadBeat69 ($11 in chips) 
ROFOLD: posts small blind $0.10
BadBeat69: posts big blind $0.25
jasons0147: sits out 
*** HOLE CARDS ***
Dealt to Alameda22 [2c 9d]
northwood: calls $0.25
rascdog: folds 
yipyapsap: calls $0.25
Alameda22: folds 
cambell1974: folds 
DoucheKannon: calls $0.25
ROFOLD: folds 
BadBeat69: checks 
*** FLOP *** [5d 4d 9c]
BadBeat69: checks 
northwood: checks 
yipyapsap: checks 
DoucheKannon: bets $1.05
BadBeat69: folds 
northwood: folds 
yipyapsap: folds 
Uncalled bet ($1.05) returned to DoucheKannon
DoucheKannon collected $1.05 from pot
*** SUMMARY ***
Total pot $1.10 | Rake $0.05 
Board [5d 4d 9c]
Seat 2: northwood folded on the Flop
Seat 3: rascdog folded before Flop (didn't bet)
Seat 4: yipyapsap folded on the Flop
Seat 5: Alameda22 folded before Flop (didn't bet)
Seat 6: cambell1974 folded before Flop (didn't bet)
Seat 7: DoucheKannon (button) collected ($1.05)
Seat 8: ROFOLD (small blind) folded before Flop
Seat 9: BadBeat69 (big blind) folded on the Flop



PokerStars Game #20105209823:  Hold'em No Limit ($0.10/$0.25) - 2008/09/02 22:14:51 ET
Table 'Geometria II' 9-max Seat #8 is the button
Seat 1: jasons0147 ($25 in chips) 
Seat 2: northwood ($25 in chips) 
Seat 3: rascdog ($26.95 in chips) 
Seat 4: yipyapsap ($24.75 in chips) 
Seat 5: Alameda22 ($49.10 in chips) 
Seat 6: cambell1974 ($25.90 in chips) 
Seat 7: DoucheKannon ($17.45 in chips) 
Seat 8: ROFOLD ($28.65 in chips) 
Seat 9: BadBeat69 ($10.75 in chips) 
BadBeat69: posts small blind $0.10
jasons0147: posts big blind $0.25
*** HOLE CARDS ***
Dealt to Alameda22 [4s 8d]
northwood: calls $0.25
rascdog: folds 
yipyapsap: folds 
Alameda22: folds 
cambell1974: folds 
DoucheKannon: folds 
ROFOLD: folds 
BadBeat69: folds 
jasons0147: checks 
*** FLOP *** [Ts 6d 4h]
jasons0147: checks 
northwood: checks 
*** TURN *** [Ts 6d 4h] [7c]
jasons0147: checks 
northwood: checks 
*** RIVER *** [Ts 6d 4h 7c] [Ac]
jasons0147: checks 
northwood: bets $0.50
jasons0147: folds 
Uncalled bet ($0.50) returned to northwood
northwood collected $0.60 from pot
northwood: doesn't show hand 
*** SUMMARY ***
Total pot $0.60 | Rake $0 
Board [Ts 6d 4h 7c Ac]
Seat 1: jasons0147 (big blind) folded on the River
Seat 2: northwood collected ($0.60)
Seat 3: rascdog folded before Flop (didn't bet)
Seat 4: yipyapsap folded before Flop (didn't bet)
Seat 5: Alameda22 folded before Flop (didn't bet)
Seat 6: cambell1974 folded before Flop (didn't bet)
Seat 7: DoucheKannon folded before Flop (didn't bet)
Seat 8: ROFOLD (button) folded before Flop (didn't bet)
Seat 9: BadBeat69 (small blind) folded before Flop



PokerStars Game #20105241642:  Hold'em No Limit ($0.10/$0.25) - 2008/09/02 22:16:19 ET
Table 'Geometria II' 9-max Seat #9 is the button
Seat 1: jasons0147 ($25 in chips) 
Seat 2: northwood ($25.35 in chips) 
Seat 3: rascdog ($26.95 in chips) 
Seat 4: yipyapsap ($24.75 in chips) 
Seat 5: Alameda22 ($49.10 in chips) 
Seat 6: cambell1974 ($25.90 in chips) 
Seat 7: DoucheKannon ($17.45 in chips) 
Seat 8: ROFOLD ($28.65 in chips) 
Seat 9: BadBeat69 ($10.65 in chips) 
jasons0147: posts small blind $0.10
northwood: posts big blind $0.25
*** HOLE CARDS ***
Dealt to Alameda22 [Tc 4s]
rascdog: calls $0.25
yipyapsap: folds 
Alameda22: folds 
cambell1974: calls $0.25
DoucheKannon: folds 
ROFOLD: folds 
BadBeat69: folds 
jasons0147: folds 
northwood: checks 
*** FLOP *** [8c 7c 5s]
northwood: checks 
rascdog: checks 
cambell1974: checks 
*** TURN *** [8c 7c 5s] [6h]
northwood: checks 
rascdog: checks 
cambell1974: checks 
*** RIVER *** [8c 7c 5s 6h] [9h]
northwood: checks 
rascdog: checks 
cambell1974: checks 
*** SHOW DOWN ***
northwood: shows [2h 7d] (a straight, Five to Nine)
rascdog: shows [Td Ad] (a straight, Six to Ten)
cambell1974: mucks hand 
rascdog collected $0.85 from pot
*** SUMMARY ***
Total pot $0.85 | Rake $0 
Board [8c 7c 5s 6h 9h]
Seat 1: jasons0147 (small blind) folded before Flop
Seat 2: northwood (big blind) showed [2h 7d] and lost with a straight, Five to Nine
Seat 3: rascdog showed [Td Ad] and won ($0.85) with a straight, Six to Ten
Seat 4: yipyapsap folded before Flop (didn't bet)
Seat 5: Alameda22 folded before Flop (didn't bet)
Seat 6: cambell1974 mucked [9d 3d]
Seat 7: DoucheKannon folded before Flop (didn't bet)
Seat 8: ROFOLD folded before Flop (didn't bet)
Seat 9: BadBeat69 (button) folded before Flop (didn't bet)



PokerStars Game #20105282591:  Hold'em No Limit ($0.10/$0.25) - 2008/09/02 22:18:10 ET
Table 'Geometria II' 9-max Seat #1 is the button
Seat 1: jasons0147 ($25 in chips) 
Seat 2: northwood ($25.10 in chips) 
Seat 3: rascdog ($27.55 in chips) 
Seat 4: yipyapsap ($25 in chips) 
Seat 5: Alameda22 ($49.10 in chips) 
Seat 6: cambell1974 ($25.65 in chips) 
Seat 7: DoucheKannon ($17.45 in chips) 
Seat 8: ROFOLD ($28.65 in chips) 
Seat 9: BadBeat69 ($10.65 in chips) 
northwood: posts small blind $0.10
rascdog: posts big blind $0.25
*** HOLE CARDS ***
Dealt to Alameda22 [7s 9s]
yipyapsap: folds 
Alameda22: folds 
cambell1974: calls $0.25
DoucheKannon: folds 
ROFOLD: folds 
BadBeat69: raises $0.75 to $1
jasons0147: folds 
northwood: folds 
rascdog: folds 
cambell1974: folds 
Uncalled bet ($0.75) returned to BadBeat69
northwood leaves the table
BadBeat69 collected $0.85 from pot
BadBeat69: doesn't show hand 
*** SUMMARY ***
Total pot $0.85 | Rake $0 
Seat 1: jasons0147 (button) folded before Flop (didn't bet)
Seat 2: northwood (small blind) folded before Flop
Seat 3: rascdog (big blind) folded before Flop
Seat 4: yipyapsap folded before Flop (didn't bet)
Seat 5: Alameda22 folded before Flop (didn't bet)
Seat 6: cambell1974 folded before Flop
Seat 7: DoucheKannon folded before Flop (didn't bet)
Seat 8: ROFOLD folded before Flop (didn't bet)
Seat 9: BadBeat69 collected ($0.85)



PokerStars Game #20105299877:  Hold'em No Limit ($0.10/$0.25) - 2008/09/02 22:18:57 ET
Table 'Geometria II' 9-max Seat #3 is the button
Seat 1: jasons0147 ($25 in chips) 
Seat 3: rascdog ($27.30 in chips) 
Seat 4: yipyapsap ($25 in chips) 
Seat 5: Alameda22 ($49.10 in chips) 
Seat 6: cambell1974 ($25.40 in chips) 
Seat 7: DoucheKannon ($17.45 in chips) 
Seat 8: ROFOLD ($28.65 in chips) 
Seat 9: BadBeat69 ($11.25 in chips) 
yipyapsap: posts small blind $0.10
Alameda22: posts big blind $0.25
*** HOLE CARDS ***
Dealt to Alameda22 [Qd 4s]
cambell1974: calls $0.25
DoucheKannon: folds 
ROFOLD: raises $0.25 to $0.50
BadBeat69: folds 
VinCeDeK joins the table at seat #2 
jasons0147: folds 
rascdog: calls $0.50
yipyapsap: folds 
Alameda22: folds 
cambell1974: calls $0.25
*** FLOP *** [Qc 6h Jh]
cambell1974: checks 
ROFOLD: bets $1
rascdog: folds 
cambell1974: folds 
Uncalled bet ($1) returned to ROFOLD
ROFOLD collected $1.80 from pot
*** SUMMARY ***
Total pot $1.85 | Rake $0.05 
Board [Qc 6h Jh]
Seat 1: jasons0147 folded before Flop (didn't bet)
Seat 3: rascdog (button) folded on the Flop
Seat 4: yipyapsap (small blind) folded before Flop
Seat 5: Alameda22 (big blind) folded before Flop
Seat 6: cambell1974 folded on the Flop
Seat 7: DoucheKannon folded before Flop (didn't bet)
Seat 8: ROFOLD collected ($1.80)
Seat 9: BadBeat69 folded before Flop (didn't bet)



PokerStars Game #20105324432:  Hold'em No Limit ($0.10/$0.25) - 2008/09/02 22:20:03 ET
Table 'Geometria II' 9-max Seat #4 is the button
Seat 1: jasons0147 ($25 in chips) 
Seat 2: VinCeDeK ($5 in chips) 
Seat 3: rascdog ($26.80 in chips) 
Seat 4: yipyapsap ($24.90 in chips) 
Seat 5: Alameda22 ($48.85 in chips) 
Seat 6: cambell1974 ($24.90 in chips) 
Seat 7: DoucheKannon ($17.45 in chips) 
Seat 8: ROFOLD ($29.95 in chips) 
Seat 9: BadBeat69 ($11.25 in chips) 
Alameda22: posts small blind $0.10
cambell1974: posts big blind $0.25
VinCeDeK: posts big blind $0.25
*** HOLE CARDS ***
Dealt to Alameda22 [Tc Kd]
DoucheKannon: folds 
DoucheKannon leaves the table
ROFOLD: folds 
BadBeat69: folds 
jasons0147: folds 
VinCeDeK: checks 
rascdog: folds 
yipyapsap: folds 
Alameda22: folds 
cambell1974: checks 
*** FLOP *** [3d 2c Ac]
cambell1974: checks 
VinCeDeK: checks 
*** TURN *** [3d 2c Ac] [5d]
cambell1974: bets $0.50
VinCeDeK: calls $0.50
*** RIVER *** [3d 2c Ac 5d] [3h]
cambell1974: checks 
VinCeDeK: bets $0.75
cambell1974: folds 
Uncalled bet ($0.75) returned to VinCeDeK
VinCeDeK collected $1.55 from pot
VinCeDeK: doesn't show hand 
*** SUMMARY ***
Total pot $1.60 | Rake $0.05 
Board [3d 2c Ac 5d 3h]
Seat 1: jasons0147 folded before Flop (didn't bet)
Seat 2: VinCeDeK collected ($1.55)
Seat 3: rascdog folded before Flop (didn't bet)
Seat 4: yipyapsap (button) folded before Flop (didn't bet)
Seat 5: Alameda22 (small blind) folded before Flop
Seat 6: cambell1974 (big blind) folded on the River
Seat 7: DoucheKannon folded before Flop (didn't bet)
Seat 8: ROFOLD folded before Flop (didn't bet)
Seat 9: BadBeat69 folded before Flop (didn't bet)



PokerStars Game #20105356887:  Hold'em No Limit ($0.10/$0.25) - 2008/09/02 22:21:32 ET
Table 'Geometria II' 9-max Seat #5 is the button
Seat 1: jasons0147 ($25 in chips) 
Seat 2: VinCeDeK ($5.80 in chips) 
Seat 3: rascdog ($26.80 in chips) 
Seat 4: yipyapsap ($24.90 in chips) 
Seat 5: Alameda22 ($48.75 in chips) 
Seat 6: cambell1974 ($24.15 in chips) 
Seat 8: ROFOLD ($29.95 in chips) 
Seat 9: BadBeat69 ($11.25 in chips) 
cambell1974: posts small blind $0.10
ROFOLD: posts big blind $0.25
*** HOLE CARDS ***
Dealt to Alameda22 [6c 4s]
BadBeat69: folds 
jasons0147: folds 
VinCeDeK: folds 
rascdog: folds 
yipyapsap: calls $0.25
Alameda22: folds 
cambell1974: calls $0.15
ROFOLD: checks 
*** FLOP *** [Ks 5d Ts]
cambell1974: checks 
ROFOLD: checks 
yipyapsap: bets $0.75
cambell1974: folds 
ROFOLD: folds 
Uncalled bet ($0.75) returned to yipyapsap
yipyapsap collected $0.75 from pot
yipyapsap: doesn't show hand 
*** SUMMARY ***
Total pot $0.75 | Rake $0 
Board [Ks 5d Ts]
Seat 1: jasons0147 folded before Flop (didn't bet)
Seat 2: VinCeDeK folded before Flop (didn't bet)
Seat 3: rascdog folded before Flop (didn't bet)
Seat 4: yipyapsap collected ($0.75)
Seat 5: Alameda22 (button) folded before Flop (didn't bet)
Seat 6: cambell1974 (small blind) folded on the Flop
Seat 8: ROFOLD (big blind) folded on the Flop
Seat 9: BadBeat69 folded before Flop (didn't bet)



PokerStars Game #20105381017:  Hold'em No Limit ($0.10/$0.25) - 2008/09/02 22:22:37 ET
Table 'Geometria II' 9-max Seat #6 is the button
Seat 1: jasons0147 ($25 in chips) 
Seat 2: VinCeDeK ($5.80 in chips) 
Seat 3: rascdog ($26.80 in chips) 
Seat 4: yipyapsap ($25.40 in chips) 
Seat 5: Alameda22 ($48.75 in chips) 
Seat 6: cambell1974 ($23.90 in chips) 
Seat 8: ROFOLD ($29.70 in chips) 
Seat 9: BadBeat69 ($11.25 in chips) 
ROFOLD: posts small blind $0.10
BadBeat69: posts big blind $0.25
*** HOLE CARDS ***
Dealt to Alameda22 [4h 6h]
jasons0147: folds 
VinCeDeK: folds 
rascdog: calls $0.25
yipyapsap: folds 
Alameda22: folds 
cambell1974: calls $0.25
ROFOLD: calls $0.15
BadBeat69: checks 
*** FLOP *** [7c Jc 2s]
ROFOLD: checks 
BadBeat69: checks 
rascdog: bets $0.75
cambell1974: folds 
ROFOLD: folds 
BadBeat69: folds 
Uncalled bet ($0.75) returned to rascdog
rascdog collected $0.95 from pot
rascdog: doesn't show hand 
*** SUMMARY ***
Total pot $1 | Rake $0.05 
Board [7c Jc 2s]
Seat 1: jasons0147 folded before Flop (didn't bet)
Seat 2: VinCeDeK folded before Flop (didn't bet)
Seat 3: rascdog collected ($0.95)
Seat 4: yipyapsap folded before Flop (didn't bet)
Seat 5: Alameda22 folded before Flop (didn't bet)
Seat 6: cambell1974 (button) folded on the Flop
Seat 8: ROFOLD (small blind) folded on the Flop
Seat 9: BadBeat69 (big blind) folded on the Flop



PokerStars Game #20105401566:  Hold'em No Limit ($0.10/$0.25) - 2008/09/02 22:23:33 ET
Table 'Geometria II' 9-max Seat #8 is the button
Seat 1: jasons0147 ($25 in chips) 
Seat 2: VinCeDeK ($5.80 in chips) 
Seat 3: rascdog ($27.50 in chips) 
Seat 4: yipyapsap ($25.40 in chips) 
Seat 5: Alameda22 ($48.75 in chips) 
Seat 6: cambell1974 ($23.65 in chips) 
Seat 8: ROFOLD ($29.45 in chips) 
Seat 9: BadBeat69 ($11 in chips) 
Vino_Kulafu joins the table at seat #7 
BadBeat69: posts small blind $0.10
jasons0147: posts big blind $0.25
*** HOLE CARDS ***
Dealt to Alameda22 [8h Jc]
VinCeDeK: folds 
rascdog: folds 
yipyapsap: folds 
Alameda22: folds 
cambell1974: folds 
ROFOLD: folds 
BadBeat69: calls $0.15
jasons0147: checks 
*** FLOP *** [7h 4s 5c]
BadBeat69: checks 
jasons0147: checks 
*** TURN *** [7h 4s 5c] [7d]
BadBeat69: checks 
jasons0147: checks 
*** RIVER *** [7h 4s 5c 7d] [Ac]
BadBeat69: checks 
jasons0147: bets $0.50
BadBeat69: folds 
Uncalled bet ($0.50) returned to jasons0147
jasons0147 collected $0.50 from pot
jasons0147: doesn't show hand 
*** SUMMARY ***
Total pot $0.50 | Rake $0 
Board [7h 4s 5c 7d Ac]
Seat 1: jasons0147 (big blind) collected ($0.50)
Seat 2: VinCeDeK folded before Flop (didn't bet)
Seat 3: rascdog folded before Flop (didn't bet)
Seat 4: yipyapsap folded before Flop (didn't bet)
Seat 5: Alameda22 folded before Flop (didn't bet)
Seat 6: cambell1974 folded before Flop (didn't bet)
Seat 8: ROFOLD (button) folded before Flop (didn't bet)
Seat 9: BadBeat69 (small blind) folded on the River



PokerStars Game #20105427630:  Hold'em No Limit ($0.10/$0.25) - 2008/09/02 22:24:43 ET
Table 'Geometria II' 9-max Seat #9 is the button
Seat 1: jasons0147 ($25.25 in chips) 
Seat 2: VinCeDeK ($5.80 in chips) 
Seat 3: rascdog ($27.50 in chips) 
Seat 4: yipyapsap ($25.40 in chips) 
Seat 5: Alameda22 ($48.75 in chips) 
Seat 6: cambell1974 ($23.65 in chips) 
Seat 7: Vino_Kulafu ($15 in chips) 
Seat 8: ROFOLD ($29.45 in chips) 
Seat 9: BadBeat69 ($10.75 in chips) 
jasons0147: posts small blind $0.10
VinCeDeK: posts big blind $0.25
Vino_Kulafu: posts big blind $0.25
*** HOLE CARDS ***
Dealt to Alameda22 [Jh 7c]
rascdog: folds 
yipyapsap: folds 
Alameda22: folds 
cambell1974: calls $0.25
Vino_Kulafu: checks 
ROFOLD: folds 
BadBeat69: folds 
jasons0147: folds 
VinCeDeK: checks 
*** FLOP *** [6s 9c Ks]
VinCeDeK: checks 
cambell1974: checks 
Vino_Kulafu: bets $1
VinCeDeK: folds 
cambell1974: folds 
Uncalled bet ($1) returned to Vino_Kulafu
Vino_Kulafu collected $0.85 from pot
Vino_Kulafu: doesn't show hand 
*** SUMMARY ***
Total pot $0.85 | Rake $0 
Board [6s 9c Ks]
Seat 1: jasons0147 (small blind) folded before Flop
Seat 2: VinCeDeK (big blind) folded on the Flop
Seat 3: rascdog folded before Flop (didn't bet)
Seat 4: yipyapsap folded before Flop (didn't bet)
Seat 5: Alameda22 folded before Flop (didn't bet)
Seat 6: cambell1974 folded on the Flop
Seat 7: Vino_Kulafu collected ($0.85)
Seat 8: ROFOLD folded before Flop (didn't bet)
Seat 9: BadBeat69 (button) folded before Flop (didn't bet)



PokerStars Game #20105457436:  Hold'em No Limit ($0.10/$0.25) - 2008/09/02 22:26:05 ET
Table 'Geometria II' 9-max Seat #1 is the button
Seat 1: jasons0147 ($25.15 in chips) 
Seat 2: VinCeDeK ($5.55 in chips) 
Seat 3: rascdog ($27.50 in chips) 
Seat 4: yipyapsap ($25.40 in chips) 
Seat 5: Alameda22 ($48.75 in chips) 
Seat 6: cambell1974 ($23.40 in chips) 
Seat 7: Vino_Kulafu ($15.60 in chips) 
Seat 8: ROFOLD ($29.45 in chips) 
Seat 9: BadBeat69 ($10.75 in chips) 
VinCeDeK: posts small blind $0.10
rascdog: posts big blind $0.25
*** HOLE CARDS ***
Dealt to Alameda22 [Tc 8s]
yipyapsap: folds 
Alameda22: folds 
yipyapsap leaves the table
cambell1974: folds 
Vino_Kulafu: folds 
ROFOLD: folds 
BadBeat69: folds 
jasons0147: folds 
VinCeDeK: folds 
Uncalled bet ($0.15) returned to rascdog
rascdog collected $0.20 from pot
rascdog: doesn't show hand 
*** SUMMARY ***
Total pot $0.20 | Rake $0 
Seat 1: jasons0147 (button) folded before Flop (didn't bet)
Seat 2: VinCeDeK (small blind) folded before Flop
Seat 3: rascdog (big blind) collected ($0.20)
Seat 4: yipyapsap folded before Flop (didn't bet)
Seat 5: Alameda22 folded before Flop (didn't bet)
Seat 6: cambell1974 folded before Flop (didn't bet)
Seat 7: Vino_Kulafu folded before Flop (didn't bet)
Seat 8: ROFOLD folded before Flop (didn't bet)
Seat 9: BadBeat69 folded before Flop (didn't bet)



PokerStars Game #20105467244:  Hold'em No Limit ($0.10/$0.25) - 2008/09/02 22:26:31 ET
Table 'Geometria II' 9-max Seat #2 is the button
Seat 1: jasons0147 ($25.15 in chips) 
Seat 2: VinCeDeK ($5.45 in chips) 
Seat 3: rascdog ($27.60 in chips) 
Seat 5: Alameda22 ($48.75 in chips) 
Seat 6: cambell1974 ($23.40 in chips) 
Seat 7: Vino_Kulafu ($15.60 in chips) 
Seat 8: ROFOLD ($29.45 in chips) 
Seat 9: BadBeat69 ($10.75 in chips) 
rascdog: posts small blind $0.10
Alameda22: posts big blind $0.25
*** HOLE CARDS ***
Dealt to Alameda22 [Kd 9d]
got shoo? joins the table at seat #4 
cambell1974: calls $0.25
Vino_Kulafu: folds 
ROFOLD: folds 
BadBeat69: folds 
jasons0147: folds 
VinCeDeK: raises $0.50 to $0.75
rascdog: folds 
Alameda22: folds 
cambell1974: folds 
Uncalled bet ($0.50) returned to VinCeDeK
VinCeDeK collected $0.85 from pot
VinCeDeK: doesn't show hand 
*** SUMMARY ***
Total pot $0.85 | Rake $0 
Seat 1: jasons0147 folded before Flop (didn't bet)
Seat 2: VinCeDeK (button) collected ($0.85)
Seat 3: rascdog (small blind) folded before Flop
Seat 5: Alameda22 (big blind) folded before Flop
Seat 6: cambell1974 folded before Flop
Seat 7: Vino_Kulafu folded before Flop (didn't bet)
Seat 8: ROFOLD folded before Flop (didn't bet)
Seat 9: BadBeat69 folded before Flop (didn't bet)



PokerStars Game #20105493247:  Hold'em No Limit ($0.10/$0.25) - 2008/09/02 22:27:43 ET
Table 'Geometria II' 9-max Seat #3 is the button
Seat 1: jasons0147 ($25.15 in chips) 
Seat 2: VinCeDeK ($6.05 in chips) 
Seat 3: rascdog ($27.50 in chips) 
Seat 5: Alameda22 ($48.50 in chips) 
Seat 6: cambell1974 ($23.15 in chips) 
Seat 7: Vino_Kulafu ($15.60 in chips) 
Seat 8: ROFOLD ($29.45 in chips) 
Seat 9: BadBeat69 ($10.75 in chips) 
got shoo? will be allowed to play after the button
Alameda22: posts small blind $0.10
cambell1974: posts big blind $0.25
*** HOLE CARDS ***
Dealt to Alameda22 [9c Qs]
Vino_Kulafu: calls $0.25
ROFOLD: folds 
BadBeat69: folds 
jasons0147: folds 
VinCeDeK: folds 
rascdog: folds 
Alameda22: folds 
cambell1974: checks 
*** FLOP *** [8h Ad Js]
cambell1974: checks 
Vino_Kulafu: bets $0.50
cambell1974: calls $0.50
*** TURN *** [8h Ad Js] [Jd]
got shoo? is disconnected 
cambell1974: bets $0.75
got shoo? is connected 
Vino_Kulafu: folds 
Uncalled bet ($0.75) returned to cambell1974
cambell1974 collected $1.55 from pot
cambell1974: doesn't show hand 
*** SUMMARY ***
Total pot $1.60 | Rake $0.05 
Board [8h Ad Js Jd]
Seat 1: jasons0147 folded before Flop (didn't bet)
Seat 2: VinCeDeK folded before Flop (didn't bet)
Seat 3: rascdog (button) folded before Flop (didn't bet)
Seat 5: Alameda22 (small blind) folded before Flop
Seat 6: cambell1974 (big blind) collected ($1.55)
Seat 7: Vino_Kulafu folded on the Turn
Seat 8: ROFOLD folded before Flop (didn't bet)
Seat 9: BadBeat69 folded before Flop (didn't bet)



PokerStars Game #20105521252:  Hold'em No Limit ($0.10/$0.25) - 2008/09/02 22:28:59 ET
Table 'Geometria II' 9-max Seat #5 is the button
Seat 1: jasons0147 ($25.15 in chips) 
Seat 2: VinCeDeK ($6.05 in chips) 
Seat 3: rascdog ($27.50 in chips) 
Seat 4: got shoo? ($15 in chips) 
Seat 5: Alameda22 ($48.40 in chips) 
Seat 6: cambell1974 ($23.95 in chips) 
Seat 7: Vino_Kulafu ($14.85 in chips) 
Seat 8: ROFOLD ($29.45 in chips) 
Seat 9: BadBeat69 ($10.75 in chips) 
cambell1974: posts small blind $0.10
Vino_Kulafu: posts big blind $0.25
got shoo?: posts big blind $0.25
*** HOLE CARDS ***
Dealt to Alameda22 [3s 6h]
ROFOLD: folds 
BadBeat69: folds 
jasons0147: folds 
VinCeDeK: raises $0.50 to $0.75
rascdog: folds 
got shoo?: calls $0.50
Alameda22: folds 
cambell1974: folds 
Vino_Kulafu: folds 
*** FLOP *** [Qd 2s 2h]
VinCeDeK: bets $1
got shoo?: folds 
Uncalled bet ($1) returned to VinCeDeK
VinCeDeK collected $1.80 from pot
VinCeDeK: doesn't show hand 
*** SUMMARY ***
Total pot $1.85 | Rake $0.05 
Board [Qd 2s 2h]
Seat 1: jasons0147 folded before Flop (didn't bet)
Seat 2: VinCeDeK collected ($1.80)
Seat 3: rascdog folded before Flop (didn't bet)
Seat 4: got shoo? folded on the Flop
Seat 5: Alameda22 (button) folded before Flop (didn't bet)
Seat 6: cambell1974 (small blind) folded before Flop
Seat 7: Vino_Kulafu (big blind) folded before Flop
Seat 8: ROFOLD folded before Flop (didn't bet)
Seat 9: BadBeat69 folded before Flop (didn't bet)



PokerStars Game #20105540182:  Hold'em No Limit ($0.10/$0.25) - 2008/09/02 22:29:51 ET
Table 'Geometria II' 9-max Seat #6 is the button
Seat 1: jasons0147 ($25.15 in chips) 
Seat 2: VinCeDeK ($7.10 in chips) 
Seat 3: rascdog ($27.50 in chips) 
Seat 4: got shoo? ($14.25 in chips) 
Seat 5: Alameda22 ($48.40 in chips) 
Seat 6: cambell1974 ($23.85 in chips) 
Seat 7: Vino_Kulafu ($14.60 in chips) 
Seat 8: ROFOLD ($29.45 in chips) 
Seat 9: BadBeat69 ($10.75 in chips) 
Vino_Kulafu: posts small blind $0.10
ROFOLD: posts big blind $0.25
*** HOLE CARDS ***
Dealt to Alameda22 [Tc Ah]
BadBeat69: folds 
BadBeat69 leaves the table
jasons0147: folds 
VinCeDeK: folds 
rascdog: folds 
got shoo?: raises $0.50 to $0.75
Alameda22: folds 
cambell1974: folds 
Vino_Kulafu: folds 
ROFOLD: folds 
Uncalled bet ($0.50) returned to got shoo?
got shoo? collected $0.60 from pot
got shoo?: doesn't show hand 
*** SUMMARY ***
Total pot $0.60 | Rake $0 
Seat 1: jasons0147 folded before Flop (didn't bet)
Seat 2: VinCeDeK folded before Flop (didn't bet)
Seat 3: rascdog folded before Flop (didn't bet)
Seat 4: got shoo? collected ($0.60)
Seat 5: Alameda22 folded before Flop (didn't bet)
Seat 6: cambell1974 (button) folded before Flop (didn't bet)
Seat 7: Vino_Kulafu (small blind) folded before Flop
Seat 8: ROFOLD (big blind) folded before Flop
Seat 9: BadBeat69 folded before Flop (didn't bet)



PokerStars Game #20105567879:  Hold'em No Limit ($0.10/$0.25) - 2008/09/02 22:31:06 ET
Table 'Geometria II' 9-max Seat #7 is the button
Seat 1: jasons0147 ($25.15 in chips) 
Seat 2: VinCeDeK ($7.10 in chips) 
Seat 3: rascdog ($27.50 in chips) 
Seat 4: got shoo? ($14.60 in chips) 
Seat 5: Alameda22 ($48.40 in chips) 
Seat 6: cambell1974 ($23.85 in chips) 
Seat 7: Vino_Kulafu ($14.50 in chips) 
Seat 8: ROFOLD ($29.20 in chips) 
ROFOLD: posts small blind $0.10
jasons0147: posts big blind $0.25
*** HOLE CARDS ***
Dealt to Alameda22 [Jc 9h]
VinCeDeK: folds 
rascdog: folds 
got shoo?: folds 
Alameda22: folds 
cambell1974: raises $0.25 to $0.50
Vino_Kulafu: folds 
ROFOLD: calls $0.40
jasons0147: folds 
*** FLOP *** [2d Ad 2c]
ROFOLD: checks 
cambell1974: bets $0.25
ROFOLD: folds 
Uncalled bet ($0.25) returned to cambell1974
cambell1974 collected $1.20 from pot
cambell1974: doesn't show hand 
*** SUMMARY ***
Total pot $1.25 | Rake $0.05 
Board [2d Ad 2c]
Seat 1: jasons0147 (big blind) folded before Flop
Seat 2: VinCeDeK folded before Flop (didn't bet)
Seat 3: rascdog folded before Flop (didn't bet)
Seat 4: got shoo? folded before Flop (didn't bet)
Seat 5: Alameda22 folded before Flop (didn't bet)
Seat 6: cambell1974 collected ($1.20)
Seat 7: Vino_Kulafu (button) folded before Flop (didn't bet)
Seat 8: ROFOLD (small blind) folded on the Flop



PokerStars Game #20105588994:  Hold'em No Limit ($0.10/$0.25) - 2008/09/02 22:32:04 ET
Table 'Geometria II' 9-max Seat #8 is the button
Seat 1: jasons0147 ($25 in chips) 
Seat 2: VinCeDeK ($7.10 in chips) 
Seat 3: rascdog ($27.50 in chips) 
Seat 4: got shoo? ($14.60 in chips) 
Seat 5: Alameda22 ($48.40 in chips) 
Seat 6: cambell1974 ($24.55 in chips) 
Seat 7: Vino_Kulafu ($14.50 in chips) 
Seat 8: ROFOLD ($28.70 in chips) 
jasons0147: posts small blind $0.10
VinCeDeK: posts big blind $0.25
*** HOLE CARDS ***
Dealt to Alameda22 [Ks 4d]
Superfonsi joins the table at seat #9 
rascdog: folds 
got shoo?: folds 
Alameda22: folds 
cambell1974: folds 
Vino_Kulafu: folds 
ROFOLD: folds 
jasons0147: folds 
Uncalled bet ($0.15) returned to VinCeDeK
VinCeDeK collected $0.20 from pot
VinCeDeK: doesn't show hand 
*** SUMMARY ***
Total pot $0.20 | Rake $0 
Seat 1: jasons0147 (small blind) folded before Flop
Seat 2: VinCeDeK (big blind) collected ($0.20)
Seat 3: rascdog folded before Flop (didn't bet)
Seat 4: got shoo? folded before Flop (didn't bet)
Seat 5: Alameda22 folded before Flop (didn't bet)
Seat 6: cambell1974 folded before Flop (didn't bet)
Seat 7: Vino_Kulafu folded before Flop (didn't bet)
Seat 8: ROFOLD (button) folded before Flop (didn't bet)



