PokerStars Game #19929201666:  Hold'em No Limit ($0.10/$0.25) - 2008/08/27 - 00:00:18 (ET)
Table 'Margarita' 9-max Seat #8 is the button
Seat 1: Dr.R ($8.15 in chips) 
Seat 2: Alameda22 ($67.35 in chips) 
Seat 3: delli1 ($13.45 in chips) 
Seat 4: betojch ($28.45 in chips) 
Seat 5: DeadEndKev ($22.80 in chips) 
Seat 6: ROFOLD ($27.70 in chips) 
Seat 7: Aces702 ($18.25 in chips) 
Seat 8: ezmonte1 ($17.60 in chips) 
Seat 9: LittleORK ($28.20 in chips) 
LittleORK: posts small blind $0.10
Dr.R: posts big blind $0.25
*** HOLE CARDS ***
Dealt to Alameda22 [4h 2d]
Dr.R said, "fkn moron in the hot seat"
Alameda22: folds 
delli1: raises $0.50 to $0.75
betojch: folds 
DeadEndKev: folds 
ROFOLD: folds 
Aces702: calls $0.75
ezmonte1: folds 
LittleORK: folds 
Dr.R: calls $0.50
*** FLOP *** [3h Jc 5s]
Dr.R: checks 
delli1: checks 
Aces702: bets $0.50
Dr.R: calls $0.50
delli1: folds 
*** TURN *** [3h Jc 5s] [7s]
Dr.R said, "chase away DH"
LittleORK leaves the table
Dr.R: checks 
Aces702: bets $1
Dr.R: folds 
Uncalled bet ($1) returned to Aces702
Aces702 collected $3.20 from pot
*** SUMMARY ***
Total pot $3.35 | Rake $0.15 
Board [3h Jc 5s 7s]
Seat 1: Dr.R (big blind) folded on the Turn
Seat 2: Alameda22 folded before Flop (didn't bet)
Seat 3: delli1 folded on the Flop
Seat 4: betojch folded before Flop (didn't bet)
Seat 5: DeadEndKev folded before Flop (didn't bet)
Seat 6: ROFOLD folded before Flop (didn't bet)
Seat 7: Aces702 collected ($3.20)
Seat 8: ezmonte1 (button) folded before Flop (didn't bet)
Seat 9: LittleORK (small blind) folded before Flop



PokerStars Game #19929230239:  Hold'em No Limit ($0.10/$0.25) - 2008/08/27 - 00:01:50 (ET)
Table 'Margarita' 9-max Seat #1 is the button
Seat 1: Dr.R ($6.90 in chips) 
Seat 2: Alameda22 ($67.35 in chips) 
Seat 3: delli1 ($12.70 in chips) 
Seat 4: betojch ($28.45 in chips) 
Seat 5: DeadEndKev ($22.80 in chips) 
Seat 6: ROFOLD ($27.70 in chips) 
Seat 7: Aces702 ($20.20 in chips) 
Seat 8: ezmonte1 ($17.60 in chips) 
Alameda22: posts small blind $0.10
delli1: posts big blind $0.25
*** HOLE CARDS ***
Dealt to Alameda22 [4d Ad]
betojch: folds 
DeadEndKev: folds 
Dr.R said, "today azz"
ROFOLD: folds 
Aces702: calls $0.25
ezmonte1: folds 
ezmonte1 is sitting out
Dr.R: calls $0.25
Alameda22: calls $0.15
delli1: checks 
*** FLOP *** [As Ac 2s]
Alameda22: bets $0.50
delli1: folds 
Aces702: folds 
Dr.R: folds 
Uncalled bet ($0.50) returned to Alameda22
Alameda22 collected $0.95 from pot
Dr.R said, "must be a texas Qball thing"
Alameda22: doesn't show hand 
Dr.R leaves the table
*** SUMMARY ***
Total pot $1 | Rake $0.05 
Board [As Ac 2s]
Seat 1: Dr.R (button) folded on the Flop
Seat 2: Alameda22 (small blind) collected ($0.95)
Seat 3: delli1 (big blind) folded on the Flop
Seat 4: betojch folded before Flop (didn't bet)
Seat 5: DeadEndKev folded before Flop (didn't bet)
Seat 6: ROFOLD folded before Flop (didn't bet)
Seat 7: Aces702 folded on the Flop
Seat 8: ezmonte1 folded before Flop (didn't bet)



PokerStars Game #19929252796:  Hold'em No Limit ($0.10/$0.25) - 2008/08/27 - 00:03:04 (ET)
Table 'Margarita' 9-max Seat #2 is the button
Seat 2: Alameda22 ($68.05 in chips) 
Seat 3: delli1 ($12.45 in chips) 
Seat 4: betojch ($28.45 in chips) 
Seat 5: DeadEndKev ($22.80 in chips) 
Seat 6: ROFOLD ($27.70 in chips) 
Seat 7: Aces702 ($19.95 in chips) 
delli1: posts small blind $0.10
betojch: posts big blind $0.25
*** HOLE CARDS ***
Dealt to Alameda22 [5c 2h]
DeadEndKev: folds 
ROFOLD: folds 
Aces702: raises $0.25 to $0.50
Alameda22: folds 
delli1: folds 
betojch: folds 
Uncalled bet ($0.25) returned to Aces702
Aces702 collected $0.60 from pot
Aces702: doesn't show hand 
*** SUMMARY ***
Total pot $0.60 | Rake $0 
Seat 2: Alameda22 (button) folded before Flop (didn't bet)
Seat 3: delli1 (small blind) folded before Flop
Seat 4: betojch (big blind) folded before Flop
Seat 5: DeadEndKev folded before Flop (didn't bet)
Seat 6: ROFOLD folded before Flop (didn't bet)
Seat 7: Aces702 collected ($0.60)



PokerStars Game #19929262045:  Hold'em No Limit ($0.10/$0.25) - 2008/08/27 - 00:03:35 (ET)
Table 'Margarita' 9-max Seat #3 is the button
Seat 2: Alameda22 ($68.05 in chips) 
Seat 3: delli1 ($12.35 in chips) 
Seat 4: betojch ($28.20 in chips) 
Seat 5: DeadEndKev ($22.80 in chips) 
Seat 6: ROFOLD ($27.70 in chips) 
Seat 7: Aces702 ($20.30 in chips) 
betojch: posts small blind $0.10
DeadEndKev: posts big blind $0.25
*** HOLE CARDS ***
Dealt to Alameda22 [2c 3d]
ROFOLD: folds 
Aces702: calls $0.25
Alameda22: folds 
delli1: raises $0.25 to $0.50
betojch: folds 
DeadEndKev: folds 
Aces702: calls $0.25
*** FLOP *** [Td 2s 4s]
Aces702: checks 
delli1: bets $0.75
Aces702: folds 
Uncalled bet ($0.75) returned to delli1
delli1 collected $1.30 from pot
*** SUMMARY ***
Total pot $1.35 | Rake $0.05 
Board [Td 2s 4s]
Seat 2: Alameda22 folded before Flop (didn't bet)
Seat 3: delli1 (button) collected ($1.30)
Seat 4: betojch (small blind) folded before Flop
Seat 5: DeadEndKev (big blind) folded before Flop
Seat 6: ROFOLD folded before Flop (didn't bet)
Seat 7: Aces702 folded on the Flop



PokerStars Game #19929280877:  Hold'em No Limit ($0.10/$0.25) - 2008/08/27 - 00:04:37 (ET)
Table 'Margarita' 9-max Seat #4 is the button
Seat 2: Alameda22 ($68.05 in chips) 
Seat 3: delli1 ($13.15 in chips) 
Seat 4: betojch ($28.10 in chips) 
Seat 5: DeadEndKev ($22.55 in chips) 
Seat 6: ROFOLD ($27.70 in chips) 
Seat 7: Aces702 ($19.80 in chips) 
DeadEndKev: posts small blind $0.10
ROFOLD: posts big blind $0.25
*** HOLE CARDS ***
Dealt to Alameda22 [Tc 9d]
Aces702: folds 
Alameda22: folds 
delli1: raises $0.50 to $0.75
betojch: folds 
DeadEndKev: folds 
ROFOLD: folds 
Uncalled bet ($0.50) returned to delli1
ezmonte1 has returned
delli1 collected $0.60 from pot
*** SUMMARY ***
Total pot $0.60 | Rake $0 
Seat 2: Alameda22 folded before Flop (didn't bet)
Seat 3: delli1 collected ($0.60)
Seat 4: betojch (button) folded before Flop (didn't bet)
Seat 5: DeadEndKev (small blind) folded before Flop
Seat 6: ROFOLD (big blind) folded before Flop
Seat 7: Aces702 folded before Flop (didn't bet)



PokerStars Game #19929295702:  Hold'em No Limit ($0.10/$0.25) - 2008/08/27 - 00:05:26 (ET)
Table 'Margarita' 9-max Seat #5 is the button
Seat 2: Alameda22 ($68.05 in chips) 
Seat 3: delli1 ($13.50 in chips) 
Seat 4: betojch ($28.10 in chips) 
Seat 5: DeadEndKev ($22.45 in chips) 
Seat 6: ROFOLD ($27.45 in chips) 
Seat 7: Aces702 ($19.80 in chips) 
Seat 8: ezmonte1 ($17.60 in chips) 
ROFOLD: posts small blind $0.10
Aces702: posts big blind $0.25
*** HOLE CARDS ***
Dealt to Alameda22 [9d 3s]
ezmonte1: folds 
Alameda22: folds 
delli1: folds 
shot979 joins the table at seat #9 
betojch: raises $0.75 to $1
DeadEndKev: folds 
ROFOLD: folds 
Aces702: calls $0.75
*** FLOP *** [Jd 8h As]
Aces702: bets $0.50
betojch: raises $1.25 to $1.75
Aces702: calls $1.25
*** TURN *** [Jd 8h As] [2d]
Aces702: checks 
betojch: bets $2
Aces702: folds 
Uncalled bet ($2) returned to betojch
betojch collected $5.35 from pot
betojch is sitting out
betojch: doesn't show hand 
*** SUMMARY ***
Total pot $5.60 | Rake $0.25 
Board [Jd 8h As 2d]
Seat 2: Alameda22 folded before Flop (didn't bet)
Seat 3: delli1 folded before Flop (didn't bet)
Seat 4: betojch collected ($5.35)
Seat 5: DeadEndKev (button) folded before Flop (didn't bet)
Seat 6: ROFOLD (small blind) folded before Flop
Seat 7: Aces702 (big blind) folded on the Turn
Seat 8: ezmonte1 folded before Flop (didn't bet)



PokerStars Game #19929314700:  Hold'em No Limit ($0.10/$0.25) - 2008/08/27 - 00:06:29 (ET)
Table 'Margarita' 9-max Seat #6 is the button
Seat 2: Alameda22 ($68.05 in chips) 
Seat 3: delli1 ($13.50 in chips) 
Seat 5: DeadEndKev ($22.45 in chips) 
Seat 6: ROFOLD ($27.35 in chips) 
Seat 7: Aces702 ($17.05 in chips) 
Seat 8: ezmonte1 ($17.60 in chips) 
Seat 9: shot979 ($15 in chips) 
Aces702: posts small blind $0.10
ezmonte1: posts big blind $0.25
shot979: posts big blind $0.25
*** HOLE CARDS ***
Dealt to Alameda22 [Qh 6c]
shot979: raises $0.25 to $0.50
Alameda22: folds 
delli1: calls $0.50
DeadEndKev: calls $0.50
ROFOLD: calls $0.50
Aces702: calls $0.40
ezmonte1: calls $0.25
*** FLOP *** [7h 3h 2d]
Aces702: checks 
ezmonte1: checks 
shot979: bets $1.25
delli1: folds 
DeadEndKev: folds 
ROFOLD: calls $1.25
Aces702: folds 
ezmonte1: folds 
*** TURN *** [7h 3h 2d] [Kh]
shot979: bets $2.50
ROFOLD: folds 
Uncalled bet ($2.50) returned to shot979
shot979 collected $5.25 from pot
*** SUMMARY ***
Total pot $5.50 | Rake $0.25 
Board [7h 3h 2d Kh]
Seat 2: Alameda22 folded before Flop (didn't bet)
Seat 3: delli1 folded on the Flop
Seat 5: DeadEndKev folded on the Flop
Seat 6: ROFOLD (button) folded on the Turn
Seat 7: Aces702 (small blind) folded on the Flop
Seat 8: ezmonte1 (big blind) folded on the Flop
Seat 9: shot979 collected ($5.25)



PokerStars Game #19929343870:  Hold'em No Limit ($0.10/$0.25) - 2008/08/27 - 00:08:06 (ET)
Table 'Margarita' 9-max Seat #7 is the button
Seat 2: Alameda22 ($68.05 in chips) 
Seat 3: delli1 ($13 in chips) 
Seat 5: DeadEndKev ($21.95 in chips) 
Seat 6: ROFOLD ($25.60 in chips) 
Seat 7: Aces702 ($16.55 in chips) 
Seat 8: ezmonte1 ($17.10 in chips) 
Seat 9: shot979 ($18.50 in chips) 
ezmonte1: posts small blind $0.10
shot979: posts big blind $0.25
*** HOLE CARDS ***
Dealt to Alameda22 [Th 4c]
Alameda22: folds 
delli1: raises $0.25 to $0.50
betojch leaves the table
DeadEndKev: folds 
ROFOLD: folds 
Aces702: calls $0.50
ezmonte1: calls $0.40
shot979: calls $0.25
*** FLOP *** [3c 6s Ts]
ezmonte1: checks 
shot979: checks 
delli1: bets $1.25
Aces702: folds 
ezmonte1: folds 
shot979: raises $1.25 to $2.50
delli1: calls $1.25
*** TURN *** [3c 6s Ts] [4h]
shot979: checks 
delli1: bets $2
shot979: raises $4 to $6
delli1: raises $4 to $10 and is all-in
shot979: calls $4
*** RIVER *** [3c 6s Ts 4h] [4s]
*** SHOW DOWN ***
shot979: shows [Ah 6c] (two pair, Sixes and Fours)
delli1: shows [Ks Kc] (two pair, Kings and Fours)
delli1 collected $25.70 from pot
*** SUMMARY ***
Total pot $27 | Rake $1.30 
Board [3c 6s Ts 4h 4s]
Seat 2: Alameda22 folded before Flop (didn't bet)
Seat 3: delli1 showed [Ks Kc] and won ($25.70) with two pair, Kings and Fours
Seat 5: DeadEndKev folded before Flop (didn't bet)
Seat 6: ROFOLD folded before Flop (didn't bet)
Seat 7: Aces702 (button) folded on the Flop
Seat 8: ezmonte1 (small blind) folded on the Flop
Seat 9: shot979 (big blind) showed [Ah 6c] and lost with two pair, Sixes and Fours



PokerStars Game #19929379798:  Hold'em No Limit ($0.10/$0.25) - 2008/08/27 - 00:10:06 (ET)
Table 'Margarita' 9-max Seat #8 is the button
Seat 2: Alameda22 ($68.05 in chips) 
Seat 3: delli1 ($25.70 in chips) 
Seat 5: DeadEndKev ($21.95 in chips) 
Seat 6: ROFOLD ($25.60 in chips) 
Seat 7: Aces702 ($16.05 in chips) 
Seat 8: ezmonte1 ($16.60 in chips) 
Seat 9: shot979 ($5.50 in chips) 
shot979: posts small blind $0.10
Alameda22: posts big blind $0.25
*** HOLE CARDS ***
Dealt to Alameda22 [5d 6c]
delli1: folds 
DeadEndKev: folds 
ROFOLD: folds 
Aces702: raises $0.25 to $0.50
ezmonte1: folds 
shot979: folds 
Alameda22: folds 
Uncalled bet ($0.25) returned to Aces702
Aces702 collected $0.60 from pot
*** SUMMARY ***
Total pot $0.60 | Rake $0 
Seat 2: Alameda22 (big blind) folded before Flop
Seat 3: delli1 folded before Flop (didn't bet)
Seat 5: DeadEndKev folded before Flop (didn't bet)
Seat 6: ROFOLD folded before Flop (didn't bet)
Seat 7: Aces702 collected ($0.60)
Seat 8: ezmonte1 (button) folded before Flop (didn't bet)
Seat 9: shot979 (small blind) folded before Flop



PokerStars Game #19929391299:  Hold'em No Limit ($0.10/$0.25) - 2008/08/27 - 00:10:44 (ET)
Table 'Margarita' 9-max Seat #9 is the button
Seat 2: Alameda22 ($67.80 in chips) 
Seat 3: delli1 ($25.70 in chips) 
Seat 5: DeadEndKev ($21.95 in chips) 
Seat 6: ROFOLD ($25.60 in chips) 
Seat 7: Aces702 ($16.40 in chips) 
Seat 8: ezmonte1 ($16.60 in chips) 
Seat 9: shot979 ($5.40 in chips) 
Alameda22: posts small blind $0.10
delli1: posts big blind $0.25
*** HOLE CARDS ***
Dealt to Alameda22 [2d 6c]
DeadEndKev: folds 
ROFOLD: folds 
Aces702: calls $0.25
ezmonte1: calls $0.25
shot979: calls $0.25
Alameda22: folds 
delli1: raises $1.25 to $1.50
Aces702: folds 
ezmonte1: calls $1.25
shot979: folds 
*** FLOP *** [7h 6h Qd]
delli1: bets $2
ezmonte1: calls $2
*** TURN *** [7h 6h Qd] [Jh]
delli1: bets $2.50
ezmonte1: calls $2.50
*** RIVER *** [7h 6h Qd Jh] [Ts]
delli1: bets $3
ezmonte1: calls $3
*** SHOW DOWN ***
delli1: shows [Qh Ac] (a pair of Queens)
ezmonte1: shows [Qs Th] (two pair, Queens and Tens)
ezmonte1 collected $17.70 from pot
AmatureHour joins the table at seat #4 
*** SUMMARY ***
Total pot $18.60 | Rake $0.90 
Board [7h 6h Qd Jh Ts]
Seat 2: Alameda22 (small blind) folded before Flop
Seat 3: delli1 (big blind) showed [Qh Ac] and lost with a pair of Queens
Seat 5: DeadEndKev folded before Flop (didn't bet)
Seat 6: ROFOLD folded before Flop (didn't bet)
Seat 7: Aces702 folded before Flop
Seat 8: ezmonte1 showed [Qs Th] and won ($17.70) with two pair, Queens and Tens
Seat 9: shot979 (button) folded before Flop



PokerStars Game #19929416451:  Hold'em No Limit ($0.10/$0.25) - 2008/08/27 - 00:12:08 (ET)
Table 'Margarita' 9-max Seat #2 is the button
Seat 2: Alameda22 ($67.70 in chips) 
Seat 3: delli1 ($16.70 in chips) 
Seat 4: AmatureHour ($20 in chips) 
Seat 5: DeadEndKev ($21.95 in chips) 
Seat 6: ROFOLD ($25.60 in chips) 
Seat 7: Aces702 ($16.15 in chips) 
Seat 8: ezmonte1 ($25.30 in chips) 
Seat 9: shot979 ($5.15 in chips) 
delli1: posts small blind $0.10
AmatureHour: posts big blind $0.25
*** HOLE CARDS ***
Dealt to Alameda22 [Qc 3c]
DeadEndKev: calls $0.25
ROFOLD: folds 
Aces702: folds 
delli1 said, "wow 3 outs nh though"
ezmonte1: folds 
shot979: folds 
Alameda22: folds 
delli1: calls $0.15
AmatureHour: checks 
*** FLOP *** [4d 2h 3h]
ezmonte1 said, "sry thought I was good bf river"
delli1: checks 
AmatureHour: checks 
DeadEndKev: checks 
*** TURN *** [4d 2h 3h] [9s]
delli1: checks 
AmatureHour: checks 
DeadEndKev: checks 
*** RIVER *** [4d 2h 3h 9s] [Th]
delli1: checks 
AmatureHour: checks 
DeadEndKev: checks 
*** SHOW DOWN ***
delli1: shows [Js 7h] (high card Jack)
AmatureHour: mucks hand 
DeadEndKev: shows [4s 5s] (a pair of Fours)
DeadEndKev collected $0.75 from pot
delli1 said, "no problem"
*** SUMMARY ***
Total pot $0.75 | Rake $0 
Board [4d 2h 3h 9s Th]
Seat 2: Alameda22 (button) folded before Flop (didn't bet)
Seat 3: delli1 (small blind) showed [Js 7h] and lost with high card Jack
Seat 4: AmatureHour (big blind) mucked [8h 7c]
Seat 5: DeadEndKev showed [4s 5s] and won ($0.75) with a pair of Fours
Seat 6: ROFOLD folded before Flop (didn't bet)
Seat 7: Aces702 folded before Flop (didn't bet)
Seat 8: ezmonte1 folded before Flop (didn't bet)
Seat 9: shot979 folded before Flop (didn't bet)



PokerStars Game #19929437138:  Hold'em No Limit ($0.10/$0.25) - 2008/08/27 - 00:13:19 (ET)
Table 'Margarita' 9-max Seat #3 is the button
Seat 2: Alameda22 ($67.70 in chips) 
Seat 3: delli1 ($16.45 in chips) 
Seat 4: AmatureHour ($19.75 in chips) 
Seat 5: DeadEndKev ($22.45 in chips) 
Seat 6: ROFOLD ($25.60 in chips) 
Seat 7: Aces702 ($16.15 in chips) 
Seat 8: ezmonte1 ($25.30 in chips) 
Seat 9: shot979 ($5.15 in chips) 
AmatureHour: posts small blind $0.10
DeadEndKev: posts big blind $0.25
*** HOLE CARDS ***
Dealt to Alameda22 [2h Js]
ROFOLD: folds 
Aces702: folds 
ezmonte1: calls $0.25
shot979: calls $0.25
Alameda22: folds 
delli1: calls $0.25
AmatureHour: folds 
DeadEndKev: checks 
*** FLOP *** [4h 2c 5d]
DeadEndKev: checks 
ezmonte1: bets $0.25
pitbullkiz joins the table at seat #1 
shot979: folds 
delli1: folds 
DeadEndKev: calls $0.25
*** TURN *** [4h 2c 5d] [3c]
DeadEndKev: checks 
ezmonte1: bets $0.75
DeadEndKev: calls $0.75
*** RIVER *** [4h 2c 5d 3c] [5c]
DeadEndKev: checks 
ezmonte1: bets $1
DeadEndKev: raises $4 to $5
ezmonte1: calls $4
*** SHOW DOWN ***
DeadEndKev: shows [5h 2s] (a full house, Fives full of Deuces)
ezmonte1: mucks hand 
DeadEndKev collected $12.50 from pot
*** SUMMARY ***
Total pot $13.10 | Rake $0.60 
Board [4h 2c 5d 3c 5c]
Seat 2: Alameda22 folded before Flop (didn't bet)
Seat 3: delli1 (button) folded on the Flop
Seat 4: AmatureHour (small blind) folded before Flop
Seat 5: DeadEndKev (big blind) showed [5h 2s] and won ($12.50) with a full house, Fives full of Deuces
Seat 6: ROFOLD folded before Flop (didn't bet)
Seat 7: Aces702 folded before Flop (didn't bet)
Seat 8: ezmonte1 mucked [4s 6s]
Seat 9: shot979 folded on the Flop



PokerStars Game #19929467310:  Hold'em No Limit ($0.10/$0.25) - 2008/08/27 - 00:15:03 (ET)
Table 'Margarita' 9-max Seat #4 is the button
Seat 1: pitbullkiz ($5 in chips) 
Seat 2: Alameda22 ($67.70 in chips) 
Seat 3: delli1 ($16.20 in chips) 
Seat 4: AmatureHour ($19.65 in chips) 
Seat 5: DeadEndKev ($28.70 in chips) 
Seat 6: ROFOLD ($25.60 in chips) 
Seat 7: Aces702 ($16.15 in chips) 
Seat 8: ezmonte1 ($19.05 in chips) 
Seat 9: shot979 ($4.90 in chips) 
DeadEndKev: posts small blind $0.10
ROFOLD: posts big blind $0.25
pitbullkiz: posts big blind $0.25
*** HOLE CARDS ***
Dealt to Alameda22 [Th Ad]
Aces702: calls $0.25
ezmonte1: folds 
shot979: raises $0.75 to $1
pitbullkiz: folds 
Alameda22: folds 
delli1: folds 
AmatureHour: calls $1
DeadEndKev: folds 
ROFOLD: folds 
Aces702: folds 
*** FLOP *** [2c 3h Jd]
shot979: bets $3.75
AmatureHour: folds 
Uncalled bet ($3.75) returned to shot979
shot979 collected $2.75 from pot
*** SUMMARY ***
Total pot $2.85 | Rake $0.10 
Board [2c 3h Jd]
Seat 1: pitbullkiz folded before Flop
Seat 2: Alameda22 folded before Flop (didn't bet)
Seat 3: delli1 folded before Flop (didn't bet)
Seat 4: AmatureHour (button) folded on the Flop
Seat 5: DeadEndKev (small blind) folded before Flop
Seat 6: ROFOLD (big blind) folded before Flop
Seat 7: Aces702 folded before Flop
Seat 8: ezmonte1 folded before Flop (didn't bet)
Seat 9: shot979 collected ($2.75)



