PokerStars Game #19837298123:  Hold'em No Limit ($0.10/$0.25) - 2008/08/23 - 13:32:59 (ET)
Table 'Achilles V' 9-max Seat #7 is the button
Seat 1: Alameda22 ($25 in chips) 
Seat 2: koxx86 ($25 in chips) 
Seat 3: Lachesis85 ($23.15 in chips) 
Seat 5: badplains ($14.05 in chips) 
Seat 6: bennypeaches ($23.30 in chips) 
Seat 7: eintr84-ever ($6.50 in chips) 
Seat 9: erto13 ($86.85 in chips) 
erto13: posts small blind $0.10
Alameda22: posts big blind $0.25
*** HOLE CARDS ***
Dealt to Alameda22 [2d 5c]
koxx86: raises $0.75 to $1
Lachesis85: calls $1
badplains: folds 
bennypeaches: folds 
eintr84-ever: folds 
erto13: folds 
Alameda22: folds 
*** FLOP *** [6c Tc 3s]
koxx86: bets $2
Lachesis85: folds 
Uncalled bet ($2) returned to koxx86
koxx86 collected $2.25 from pot
koxx86: doesn't show hand 
*** SUMMARY ***
Total pot $2.35 | Rake $0.10 
Board [6c Tc 3s]
Seat 1: Alameda22 (big blind) folded before Flop
Seat 2: koxx86 collected ($2.25)
Seat 3: Lachesis85 folded on the Flop
Seat 5: badplains folded before Flop (didn't bet)
Seat 6: bennypeaches folded before Flop (didn't bet)
Seat 7: eintr84-ever (button) folded before Flop (didn't bet)
Seat 9: erto13 (small blind) folded before Flop



PokerStars Game #19837318096:  Hold'em No Limit ($0.10/$0.25) - 2008/08/23 - 13:33:53 (ET)
Table 'Achilles V' 9-max Seat #9 is the button
Seat 1: Alameda22 ($24.75 in chips) 
Seat 2: koxx86 ($26.25 in chips) 
Seat 3: Lachesis85 ($25 in chips) 
Seat 5: badplains ($14.05 in chips) 
Seat 6: bennypeaches ($23.30 in chips) 
Seat 7: eintr84-ever ($6.50 in chips) 
Seat 9: erto13 ($86.75 in chips) 
Alameda22: posts small blind $0.10
koxx86: posts big blind $0.25
*** HOLE CARDS ***
Dealt to Alameda22 [8c 6s]
Lachesis85: folds 
badplains: raises $0.25 to $0.50
bennypeaches: folds 
eintr84-ever: folds 
erto13: folds 
Alameda22: folds 
koxx86: folds 
Uncalled bet ($0.25) returned to badplains
badplains collected $0.60 from pot
badplains: doesn't show hand 
*** SUMMARY ***
Total pot $0.60 | Rake $0 
Seat 1: Alameda22 (small blind) folded before Flop
Seat 2: koxx86 (big blind) folded before Flop
Seat 3: Lachesis85 folded before Flop (didn't bet)
Seat 5: badplains collected ($0.60)
Seat 6: bennypeaches folded before Flop (didn't bet)
Seat 7: eintr84-ever folded before Flop (didn't bet)
Seat 9: erto13 (button) folded before Flop (didn't bet)



PokerStars Game #19837332571:  Hold'em No Limit ($0.10/$0.25) - 2008/08/23 - 13:34:32 (ET)
Table 'Achilles V' 9-max Seat #1 is the button
Seat 1: Alameda22 ($24.65 in chips) 
Seat 2: koxx86 ($26 in chips) 
Seat 3: Lachesis85 ($25 in chips) 
Seat 5: badplains ($14.40 in chips) 
Seat 6: bennypeaches ($23.30 in chips) 
Seat 7: eintr84-ever ($6.50 in chips) 
Seat 9: erto13 ($86.75 in chips) 
koxx86: posts small blind $0.10
Lachesis85: posts big blind $0.25
*** HOLE CARDS ***
Dealt to Alameda22 [Kh 9s]
badplains: calls $0.25
bennypeaches: folds 
eintr84-ever: folds 
erto13: folds 
Alameda22: folds 
koxx86: calls $0.15
Lachesis85: checks 
*** FLOP *** [Qh 5s 4h]
koxx86: bets $0.75
Lachesis85: calls $0.75
badplains: calls $0.75
*** TURN *** [Qh 5s 4h] [Kc]
koxx86: checks 
Lachesis85: checks 
badplains: bets $0.25
koxx86: calls $0.25
Lachesis85: calls $0.25
*** RIVER *** [Qh 5s 4h Kc] [Kd]
koxx86: checks 
Lachesis85: checks 
badplains: bets $0.50
koxx86: calls $0.50
Lachesis85: folds 
*** SHOW DOWN ***
badplains: shows [As 5d] (two pair, Kings and Fives)
koxx86: shows [9c Qs] (two pair, Kings and Queens)
koxx86 collected $4.55 from pot
*** SUMMARY ***
Total pot $4.75 | Rake $0.20 
Board [Qh 5s 4h Kc Kd]
Seat 1: Alameda22 (button) folded before Flop (didn't bet)
Seat 2: koxx86 (small blind) showed [9c Qs] and won ($4.55) with two pair, Kings and Queens
Seat 3: Lachesis85 (big blind) folded on the River
Seat 5: badplains showed [As 5d] and lost with two pair, Kings and Fives
Seat 6: bennypeaches folded before Flop (didn't bet)
Seat 7: eintr84-ever folded before Flop (didn't bet)
Seat 9: erto13 folded before Flop (didn't bet)



PokerStars Game #19837360068:  Hold'em No Limit ($0.10/$0.25) - 2008/08/23 - 13:35:40 (ET)
Table 'Achilles V' 9-max Seat #2 is the button
Seat 1: Alameda22 ($24.65 in chips) 
Seat 2: koxx86 ($28.80 in chips) 
Seat 3: Lachesis85 ($23.75 in chips) 
Seat 5: badplains ($12.65 in chips) 
Seat 6: bennypeaches ($23.30 in chips) 
Seat 7: eintr84-ever ($6.50 in chips) 
Seat 9: erto13 ($86.75 in chips) 
Lachesis85: posts small blind $0.10
badplains: posts big blind $0.25
*** HOLE CARDS ***
Dealt to Alameda22 [9s Tc]
bennypeaches: folds 
eintr84-ever: folds 
erto13: folds 
Alameda22: folds 
koxx86: folds 
Lachesis85: folds 
Uncalled bet ($0.15) returned to badplains
badplains collected $0.20 from pot
*** SUMMARY ***
Total pot $0.20 | Rake $0 
Seat 1: Alameda22 folded before Flop (didn't bet)
Seat 2: koxx86 (button) folded before Flop (didn't bet)
Seat 3: Lachesis85 (small blind) folded before Flop
Seat 5: badplains (big blind) collected ($0.20)
Seat 6: bennypeaches folded before Flop (didn't bet)
Seat 7: eintr84-ever folded before Flop (didn't bet)
Seat 9: erto13 folded before Flop (didn't bet)



PokerStars Game #19837368560:  Hold'em No Limit ($0.10/$0.25) - 2008/08/23 - 13:36:01 (ET)
Table 'Achilles V' 9-max Seat #3 is the button
Seat 1: Alameda22 ($24.65 in chips) 
Seat 2: koxx86 ($28.80 in chips) 
Seat 3: Lachesis85 ($23.65 in chips) 
Seat 5: badplains ($12.75 in chips) 
Seat 6: bennypeaches ($23.30 in chips) 
Seat 7: eintr84-ever ($6.50 in chips) 
Seat 9: erto13 ($86.75 in chips) 
badplains: posts small blind $0.10
bennypeaches: posts big blind $0.25
*** HOLE CARDS ***
Dealt to Alameda22 [Td Js]
eintr84-ever: folds 
erto13: folds 
Alameda22: folds 
koxx86: folds 
Lachesis85: folds 
badplains: folds 
Uncalled bet ($0.15) returned to bennypeaches
bennypeaches collected $0.20 from pot
*** SUMMARY ***
Total pot $0.20 | Rake $0 
Seat 1: Alameda22 folded before Flop (didn't bet)
Seat 2: koxx86 folded before Flop (didn't bet)
Seat 3: Lachesis85 (button) folded before Flop (didn't bet)
Seat 5: badplains (small blind) folded before Flop
Seat 6: bennypeaches (big blind) collected ($0.20)
Seat 7: eintr84-ever folded before Flop (didn't bet)
Seat 9: erto13 folded before Flop (didn't bet)



PokerStars Game #19837377301:  Hold'em No Limit ($0.10/$0.25) - 2008/08/23 - 13:36:23 (ET)
Table 'Achilles V' 9-max Seat #5 is the button
Seat 1: Alameda22 ($24.65 in chips) 
Seat 2: koxx86 ($28.80 in chips) 
Seat 3: Lachesis85 ($23.65 in chips) 
Seat 5: badplains ($12.65 in chips) 
Seat 6: bennypeaches ($25 in chips) 
Seat 7: eintr84-ever ($6.50 in chips) 
Seat 9: erto13 ($86.75 in chips) 
bennypeaches: posts small blind $0.10
eintr84-ever: posts big blind $0.25
*** HOLE CARDS ***
Dealt to Alameda22 [9c Kh]
erto13: folds 
Alameda22: folds 
koxx86: folds 
Lachesis85: folds 
badplains: calls $0.25
bennypeaches: calls $0.15
eintr84-ever: checks 
*** FLOP *** [Kc 9s 2h]
bennypeaches: checks 
eintr84-ever: checks 
badplains: checks 
*** TURN *** [Kc 9s 2h] [3s]
bennypeaches: checks 
eintr84-ever: checks 
badplains: checks 
*** RIVER *** [Kc 9s 2h 3s] [5s]
bennypeaches: checks 
eintr84-ever: checks 
badplains: bets $0.25
bennypeaches: folds 
eintr84-ever: folds 
Uncalled bet ($0.25) returned to badplains
badplains collected $0.75 from pot
badplains: doesn't show hand 
*** SUMMARY ***
Total pot $0.75 | Rake $0 
Board [Kc 9s 2h 3s 5s]
Seat 1: Alameda22 folded before Flop (didn't bet)
Seat 2: koxx86 folded before Flop (didn't bet)
Seat 3: Lachesis85 folded before Flop (didn't bet)
Seat 5: badplains (button) collected ($0.75)
Seat 6: bennypeaches (small blind) folded on the River
Seat 7: eintr84-ever (big blind) folded on the River
Seat 9: erto13 folded before Flop (didn't bet)



PokerStars Game #19837403522:  Hold'em No Limit ($0.10/$0.25) - 2008/08/23 - 13:37:27 (ET)
Table 'Achilles V' 9-max Seat #6 is the button
Seat 1: Alameda22 ($24.65 in chips) 
Seat 2: koxx86 ($28.80 in chips) 
Seat 3: Lachesis85 ($23.65 in chips) 
Seat 5: badplains ($13.15 in chips) 
Seat 6: bennypeaches ($24.75 in chips) 
Seat 7: eintr84-ever ($6.25 in chips) 
Seat 9: erto13 ($86.75 in chips) 
eintr84-ever: posts small blind $0.10
erto13: posts big blind $0.25
*** HOLE CARDS ***
Dealt to Alameda22 [Js 8h]
Alameda22: folds 
koxx86: folds 
Lachesis85: folds 
badplains: calls $0.25
bennypeaches: folds 
eintr84-ever: folds 
erto13: raises $1 to $1.25
badplains: calls $1
*** FLOP *** [8c 6h 6s]
erto13: checks 
badplains: checks 
*** TURN *** [8c 6h 6s] [6c]
erto13: checks 
badplains: checks 
*** RIVER *** [8c 6h 6s 6c] [2d]
erto13: checks 
badplains: checks 
bigbear17 has returned
*** SHOW DOWN ***
erto13: shows [Ac Kd] (three of a kind, Sixes)
badplains: mucks hand 
erto13 collected $2.50 from pot
*** SUMMARY ***
Total pot $2.60 | Rake $0.10 
Board [8c 6h 6s 6c 2d]
Seat 1: Alameda22 folded before Flop (didn't bet)
Seat 2: koxx86 folded before Flop (didn't bet)
Seat 3: Lachesis85 folded before Flop (didn't bet)
Seat 5: badplains mucked [Ad 4h]
Seat 6: bennypeaches (button) folded before Flop (didn't bet)
Seat 7: eintr84-ever (small blind) folded before Flop
Seat 9: erto13 (big blind) showed [Ac Kd] and won ($2.50) with three of a kind, Sixes



PokerStars Game #19837428195:  Hold'em No Limit ($0.10/$0.25) - 2008/08/23 - 13:38:28 (ET)
Table 'Achilles V' 9-max Seat #7 is the button
Seat 1: Alameda22 ($24.65 in chips) 
Seat 2: koxx86 ($28.80 in chips) 
Seat 3: Lachesis85 ($23.65 in chips) 
Seat 5: badplains ($11.90 in chips) 
Seat 6: bennypeaches ($24.75 in chips) 
Seat 7: eintr84-ever ($6.15 in chips) 
Seat 9: erto13 ($88 in chips) 
D. AK-47 was removed from the table for failing to post
erto13: posts small blind $0.10
Alameda22: posts big blind $0.25
bigbear17: sits out 
*** HOLE CARDS ***
Dealt to Alameda22 [Jc 5s]
koxx86: folds 
Lachesis85: folds 
badplains: folds 
bennypeaches: folds 
eintr84-ever: calls $0.25
erto13: folds 
Alameda22: checks 
*** FLOP *** [4h 3c 7c]
crazy_tay joins the table at seat #8 
Alameda22: checks 
eintr84-ever: bets $0.75
Alameda22: folds 
Uncalled bet ($0.75) returned to eintr84-ever
eintr84-ever collected $0.60 from pot
eintr84-ever: doesn't show hand 
*** SUMMARY ***
Total pot $0.60 | Rake $0 
Board [4h 3c 7c]
Seat 1: Alameda22 (big blind) folded on the Flop
Seat 2: koxx86 folded before Flop (didn't bet)
Seat 3: Lachesis85 folded before Flop (didn't bet)
Seat 5: badplains folded before Flop (didn't bet)
Seat 6: bennypeaches folded before Flop (didn't bet)
Seat 7: eintr84-ever (button) collected ($0.60)
Seat 9: erto13 (small blind) folded before Flop



PokerStars Game #19837449620:  Hold'em No Limit ($0.10/$0.25) - 2008/08/23 - 13:39:21 (ET)
Table 'Achilles V' 9-max Seat #9 is the button
Seat 1: Alameda22 ($24.40 in chips) 
Seat 2: koxx86 ($28.80 in chips) 
Seat 3: Lachesis85 ($23.65 in chips) 
Seat 5: badplains ($11.90 in chips) 
Seat 6: bennypeaches ($24.75 in chips) 
Seat 7: eintr84-ever ($6.50 in chips) 
Seat 8: crazy_tay ($15 in chips) 
Seat 9: erto13 ($87.90 in chips) 
Alameda22: posts small blind $0.10
koxx86: posts big blind $0.25
bigbear17: sits out 
crazy_tay: posts big blind $0.25
*** HOLE CARDS ***
Dealt to Alameda22 [Jh 6c]
Lachesis85: folds 
badplains: folds 
bennypeaches: folds 
eintr84-ever: folds 
crazy_tay: checks 
erto13: calls $0.25
Alameda22: folds 
koxx86: checks 
*** FLOP *** [Qd 9d 3s]
koxx86: checks 
crazy_tay: checks 
erto13: checks 
*** TURN *** [Qd 9d 3s] [Qs]
koxx86: checks 
crazy_tay: bets $0.50
erto13: calls $0.50
koxx86: folds 
*** RIVER *** [Qd 9d 3s Qs] [8s]
crazy_tay: checks 
erto13: bets $1.50
crazy_tay: folds 
Uncalled bet ($1.50) returned to erto13
erto13 collected $1.80 from pot
*** SUMMARY ***
Total pot $1.85 | Rake $0.05 
Board [Qd 9d 3s Qs 8s]
Seat 1: Alameda22 (small blind) folded before Flop
Seat 2: koxx86 (big blind) folded on the Turn
Seat 3: Lachesis85 folded before Flop (didn't bet)
Seat 5: badplains folded before Flop (didn't bet)
Seat 6: bennypeaches folded before Flop (didn't bet)
Seat 7: eintr84-ever folded before Flop (didn't bet)
Seat 8: crazy_tay folded on the River
Seat 9: erto13 (button) collected ($1.80)



PokerStars Game #19837477526:  Hold'em No Limit ($0.10/$0.25) - 2008/08/23 - 13:40:29 (ET)
Table 'Achilles V' 9-max Seat #1 is the button
Seat 1: Alameda22 ($24.30 in chips) 
Seat 2: koxx86 ($28.55 in chips) 
Seat 3: Lachesis85 ($23.65 in chips) 
Seat 5: badplains ($11.90 in chips) 
Seat 6: bennypeaches ($24.75 in chips) 
Seat 7: eintr84-ever ($6.50 in chips) 
Seat 8: crazy_tay ($14.25 in chips) 
Seat 9: erto13 ($88.95 in chips) 
koxx86: posts small blind $0.10
Lachesis85: posts big blind $0.25
bigbear17: sits out 
*** HOLE CARDS ***
Dealt to Alameda22 [2d 5c]
badplains: calls $0.25
bennypeaches: folds 
eintr84-ever: folds 
crazy_tay: folds 
erto13: raises $1 to $1.25
Alameda22: folds 
koxx86: folds 
Lachesis85: folds 
badplains: folds 
Uncalled bet ($1) returned to erto13
erto13 collected $0.85 from pot
*** SUMMARY ***
Total pot $0.85 | Rake $0 
Seat 1: Alameda22 (button) folded before Flop (didn't bet)
Seat 2: koxx86 (small blind) folded before Flop
Seat 3: Lachesis85 (big blind) folded before Flop
Seat 5: badplains folded before Flop
Seat 6: bennypeaches folded before Flop (didn't bet)
Seat 7: eintr84-ever folded before Flop (didn't bet)
Seat 8: crazy_tay folded before Flop (didn't bet)
Seat 9: erto13 collected ($0.85)



PokerStars Game #19837491471:  Hold'em No Limit ($0.10/$0.25) - 2008/08/23 - 13:41:04 (ET)
Table 'Achilles V' 9-max Seat #2 is the button
Seat 1: Alameda22 ($24.30 in chips) 
Seat 2: koxx86 ($28.45 in chips) 
Seat 3: Lachesis85 ($23.40 in chips) 
Seat 4: bigbear17 ($10 in chips) 
Seat 5: badplains ($11.65 in chips) 
Seat 6: bennypeaches ($24.75 in chips) 
Seat 7: eintr84-ever ($6.50 in chips) 
Seat 8: crazy_tay ($14.25 in chips) 
Seat 9: erto13 ($89.55 in chips) 
Lachesis85: posts small blind $0.10
bigbear17: posts big blind $0.25
*** HOLE CARDS ***
Dealt to Alameda22 [3s 7s]
badplains: folds 
bennypeaches: folds 
eintr84-ever: calls $0.25
crazy_tay: folds 
erto13: folds 
Alameda22: folds 
koxx86: raises $1 to $1.25
Lachesis85: folds 
bigbear17: folds 
eintr84-ever: folds 
Uncalled bet ($1) returned to koxx86
koxx86 collected $0.85 from pot
koxx86: doesn't show hand 
*** SUMMARY ***
Total pot $0.85 | Rake $0 
Seat 1: Alameda22 folded before Flop (didn't bet)
Seat 2: koxx86 (button) collected ($0.85)
Seat 3: Lachesis85 (small blind) folded before Flop
Seat 4: bigbear17 (big blind) folded before Flop
Seat 5: badplains folded before Flop (didn't bet)
Seat 6: bennypeaches folded before Flop (didn't bet)
Seat 7: eintr84-ever folded before Flop
Seat 8: crazy_tay folded before Flop (didn't bet)
Seat 9: erto13 folded before Flop (didn't bet)



PokerStars Game #19837509747:  Hold'em No Limit ($0.10/$0.25) - 2008/08/23 - 13:41:50 (ET)
Table 'Achilles V' 9-max Seat #3 is the button
Seat 1: Alameda22 ($24.30 in chips) 
Seat 2: koxx86 ($29.05 in chips) 
Seat 3: Lachesis85 ($23.30 in chips) 
Seat 4: bigbear17 ($9.75 in chips) 
Seat 5: badplains ($11.65 in chips) 
Seat 6: bennypeaches ($24.75 in chips) 
Seat 7: eintr84-ever ($6.25 in chips) 
Seat 8: crazy_tay ($14.25 in chips) 
Seat 9: erto13 ($89.55 in chips) 
bigbear17: posts small blind $0.10
badplains: posts big blind $0.25
*** HOLE CARDS ***
Dealt to Alameda22 [6s Ad]
bennypeaches: folds 
eintr84-ever: folds 
crazy_tay: folds 
erto13: folds 
Alameda22: folds 
koxx86: raises $0.75 to $1
Lachesis85: folds 
bigbear17: calls $0.90
badplains: folds 
*** FLOP *** [8s Ah Jd]
bigbear17: checks 
koxx86: checks 
*** TURN *** [8s Ah Jd] [2s]
bigbear17: checks 
koxx86: bets $1.75
bigbear17: raises $7 to $8.75 and is all-in
koxx86: folds 
Uncalled bet ($7) returned to bigbear17
bigbear17 collected $5.50 from pot
*** SUMMARY ***
Total pot $5.75 | Rake $0.25 
Board [8s Ah Jd 2s]
Seat 1: Alameda22 folded before Flop (didn't bet)
Seat 2: koxx86 folded on the Turn
Seat 3: Lachesis85 (button) folded before Flop (didn't bet)
Seat 4: bigbear17 (small blind) collected ($5.50)
Seat 5: badplains (big blind) folded before Flop
Seat 6: bennypeaches folded before Flop (didn't bet)
Seat 7: eintr84-ever folded before Flop (didn't bet)
Seat 8: crazy_tay folded before Flop (didn't bet)
Seat 9: erto13 folded before Flop (didn't bet)



PokerStars Game #19837549530:  Hold'em No Limit ($0.10/$0.25) - 2008/08/23 - 13:43:29 (ET)
Table 'Achilles V' 9-max Seat #4 is the button
Seat 1: Alameda22 ($24.30 in chips) 
Seat 2: koxx86 ($26.30 in chips) 
Seat 3: Lachesis85 ($23.30 in chips) 
Seat 4: bigbear17 ($12.50 in chips) 
Seat 5: badplains ($11.40 in chips) 
Seat 6: bennypeaches ($24.75 in chips) 
Seat 7: eintr84-ever ($6.25 in chips) 
Seat 8: crazy_tay ($14.25 in chips) 
Seat 9: erto13 ($89.55 in chips) 
badplains: posts small blind $0.10
bennypeaches: posts big blind $0.25
*** HOLE CARDS ***
Dealt to Alameda22 [Ad 3c]
eintr84-ever: raises $0.75 to $1
crazy_tay: folds 
erto13: folds 
Alameda22: folds 
koxx86: folds 
Lachesis85: folds 
bigbear17: folds 
badplains: folds 
bennypeaches: folds 
Uncalled bet ($0.75) returned to eintr84-ever
eintr84-ever collected $0.60 from pot
eintr84-ever: doesn't show hand 
*** SUMMARY ***
Total pot $0.60 | Rake $0 
Seat 1: Alameda22 folded before Flop (didn't bet)
Seat 2: koxx86 folded before Flop (didn't bet)
Seat 3: Lachesis85 folded before Flop (didn't bet)
Seat 4: bigbear17 (button) folded before Flop (didn't bet)
Seat 5: badplains (small blind) folded before Flop
Seat 6: bennypeaches (big blind) folded before Flop
Seat 7: eintr84-ever collected ($0.60)
Seat 8: crazy_tay folded before Flop (didn't bet)
Seat 9: erto13 folded before Flop (didn't bet)



PokerStars Game #19837563624:  Hold'em No Limit ($0.10/$0.25) - 2008/08/23 - 13:44:05 (ET)
Table 'Achilles V' 9-max Seat #5 is the button
Seat 1: Alameda22 ($24.30 in chips) 
Seat 2: koxx86 ($26.30 in chips) 
Seat 3: Lachesis85 ($23.30 in chips) 
Seat 4: bigbear17 ($12.50 in chips) 
Seat 5: badplains ($11.30 in chips) 
Seat 6: bennypeaches ($24.50 in chips) 
Seat 7: eintr84-ever ($6.60 in chips) 
Seat 8: crazy_tay ($14.25 in chips) 
Seat 9: erto13 ($89.55 in chips) 
bennypeaches: posts small blind $0.10
eintr84-ever: posts big blind $0.25
*** HOLE CARDS ***
Dealt to Alameda22 [3s Js]
crazy_tay: folds 
erto13: folds 
Alameda22: folds 
koxx86: folds 
Lachesis85: folds 
bigbear17: folds 
badplains: calls $0.25
bennypeaches: calls $0.15
eintr84-ever: checks 
*** FLOP *** [Qs Ac 2c]
bennypeaches: checks 
eintr84-ever: checks 
badplains: bets $0.25
bennypeaches: folds 
eintr84-ever: folds 
Uncalled bet ($0.25) returned to badplains
badplains collected $0.75 from pot
badplains: doesn't show hand 
*** SUMMARY ***
Total pot $0.75 | Rake $0 
Board [Qs Ac 2c]
Seat 1: Alameda22 folded before Flop (didn't bet)
Seat 2: koxx86 folded before Flop (didn't bet)
Seat 3: Lachesis85 folded before Flop (didn't bet)
Seat 4: bigbear17 folded before Flop (didn't bet)
Seat 5: badplains (button) collected ($0.75)
Seat 6: bennypeaches (small blind) folded on the Flop
Seat 7: eintr84-ever (big blind) folded on the Flop
Seat 8: crazy_tay folded before Flop (didn't bet)
Seat 9: erto13 folded before Flop (didn't bet)



PokerStars Game #19837584075:  Hold'em No Limit ($0.10/$0.25) - 2008/08/23 - 13:44:58 (ET)
Table 'Achilles V' 9-max Seat #6 is the button
Seat 1: Alameda22 ($24.30 in chips) 
Seat 2: koxx86 ($26.30 in chips) 
Seat 3: Lachesis85 ($23.30 in chips) 
Seat 4: bigbear17 ($12.50 in chips) 
Seat 5: badplains ($11.80 in chips) 
Seat 6: bennypeaches ($24.25 in chips) 
Seat 7: eintr84-ever ($6.35 in chips) 
Seat 8: crazy_tay ($14.25 in chips) 
Seat 9: erto13 ($89.55 in chips) 
eintr84-ever: posts small blind $0.10
crazy_tay: posts big blind $0.25
*** HOLE CARDS ***
Dealt to Alameda22 [5h Jc]
erto13: folds 
Alameda22: folds 
koxx86: folds 
Lachesis85: folds 
bigbear17: raises $0.40 to $0.65
badplains: folds 
bennypeaches: folds 
eintr84-ever: folds 
crazy_tay: folds 
Uncalled bet ($0.40) returned to bigbear17
bigbear17 collected $0.60 from pot
bigbear17: doesn't show hand 
*** SUMMARY ***
Total pot $0.60 | Rake $0 
Seat 1: Alameda22 folded before Flop (didn't bet)
Seat 2: koxx86 folded before Flop (didn't bet)
Seat 3: Lachesis85 folded before Flop (didn't bet)
Seat 4: bigbear17 collected ($0.60)
Seat 5: badplains folded before Flop (didn't bet)
Seat 6: bennypeaches (button) folded before Flop (didn't bet)
Seat 7: eintr84-ever (small blind) folded before Flop
Seat 8: crazy_tay (big blind) folded before Flop
Seat 9: erto13 folded before Flop (didn't bet)



PokerStars Game #19837603859:  Hold'em No Limit ($0.10/$0.25) - 2008/08/23 - 13:45:45 (ET)
Table 'Achilles V' 9-max Seat #7 is the button
Seat 1: Alameda22 ($24.30 in chips) 
Seat 2: koxx86 ($26.30 in chips) 
Seat 3: Lachesis85 ($23.30 in chips) 
Seat 4: bigbear17 ($12.85 in chips) 
Seat 5: badplains ($11.80 in chips) 
Seat 6: bennypeaches ($24.25 in chips) 
Seat 7: eintr84-ever ($6.25 in chips) 
Seat 8: crazy_tay ($14 in chips) 
Seat 9: erto13 ($89.55 in chips) 
crazy_tay: posts small blind $0.10
erto13: posts big blind $0.25
*** HOLE CARDS ***
Dealt to Alameda22 [8h 3c]
Alameda22: folds 
koxx86: folds 
Lachesis85: folds 
bigbear17: folds 
badplains: folds 
bennypeaches: folds 
eintr84-ever: raises $1 to $1.25
crazy_tay: folds 
erto13: folds 
Uncalled bet ($1) returned to eintr84-ever
eintr84-ever collected $0.60 from pot
eintr84-ever: doesn't show hand 
*** SUMMARY ***
Total pot $0.60 | Rake $0 
Seat 1: Alameda22 folded before Flop (didn't bet)
Seat 2: koxx86 folded before Flop (didn't bet)
Seat 3: Lachesis85 folded before Flop (didn't bet)
Seat 4: bigbear17 folded before Flop (didn't bet)
Seat 5: badplains folded before Flop (didn't bet)
Seat 6: bennypeaches folded before Flop (didn't bet)
Seat 7: eintr84-ever (button) collected ($0.60)
Seat 8: crazy_tay (small blind) folded before Flop
Seat 9: erto13 (big blind) folded before Flop



PokerStars Game #19837616376:  Hold'em No Limit ($0.10/$0.25) - 2008/08/23 - 13:46:15 (ET)
Table 'Achilles V' 9-max Seat #8 is the button
Seat 1: Alameda22 ($24.30 in chips) 
Seat 2: koxx86 ($26.30 in chips) 
Seat 3: Lachesis85 ($23.30 in chips) 
Seat 4: bigbear17 ($12.85 in chips) 
Seat 5: badplains ($11.80 in chips) 
Seat 6: bennypeaches ($24.25 in chips) 
Seat 7: eintr84-ever ($6.60 in chips) 
Seat 8: crazy_tay ($13.90 in chips) 
Seat 9: erto13 ($89.30 in chips) 
erto13: posts small blind $0.10
Alameda22: posts big blind $0.25
*** HOLE CARDS ***
Dealt to Alameda22 [Qc Jd]
koxx86: folds 
Lachesis85: folds 
bigbear17: folds 
badplains: calls $0.25
bennypeaches: calls $0.25
eintr84-ever: folds 
crazy_tay: calls $0.25
erto13: calls $0.15
Alameda22: checks 
*** FLOP *** [Qs 3c Kc]
erto13: bets $0.50
Alameda22: folds 
badplains: calls $0.50
bennypeaches: calls $0.50
crazy_tay: folds 
*** TURN *** [Qs 3c Kc] [6d]
erto13: bets $1
badplains: folds 
bennypeaches: calls $1
*** RIVER *** [Qs 3c Kc 6d] [2s]
erto13: checks 
bennypeaches: checks 
*** SHOW DOWN ***
erto13: shows [Kd Tc] (a pair of Kings)
bennypeaches: mucks hand 
erto13 collected $4.55 from pot
*** SUMMARY ***
Total pot $4.75 | Rake $0.20 
Board [Qs 3c Kc 6d 2s]
Seat 1: Alameda22 (big blind) folded on the Flop
Seat 2: koxx86 folded before Flop (didn't bet)
Seat 3: Lachesis85 folded before Flop (didn't bet)
Seat 4: bigbear17 folded before Flop (didn't bet)
Seat 5: badplains folded on the Turn
Seat 6: bennypeaches mucked [7c 8c]
Seat 7: eintr84-ever folded before Flop (didn't bet)
Seat 8: crazy_tay (button) folded on the Flop
Seat 9: erto13 (small blind) showed [Kd Tc] and won ($4.55) with a pair of Kings



PokerStars Game #19837649661:  Hold'em No Limit ($0.10/$0.25) - 2008/08/23 - 13:47:37 (ET)
Table 'Achilles V' 9-max Seat #9 is the button
Seat 1: Alameda22 ($24.05 in chips) 
Seat 2: koxx86 ($26.30 in chips) 
Seat 3: Lachesis85 ($23.30 in chips) 
Seat 4: bigbear17 ($12.85 in chips) 
Seat 5: badplains ($11.05 in chips) 
Seat 6: bennypeaches ($22.50 in chips) 
Seat 7: eintr84-ever ($6.60 in chips) 
Seat 8: crazy_tay ($13.65 in chips) 
Seat 9: erto13 ($92.10 in chips) 
Alameda22: posts small blind $0.10
koxx86: posts big blind $0.25
*** HOLE CARDS ***
Dealt to Alameda22 [8s 5h]
Lachesis85: folds 
bigbear17: folds 
badplains: calls $0.25
bennypeaches: folds 
eintr84-ever: folds 
crazy_tay: raises $1 to $1.25
erto13: folds 
Alameda22: folds 
koxx86: calls $1
badplains: calls $1
*** FLOP *** [3c Kh As]
koxx86: checks 
badplains: checks 
crazy_tay: bets $2.75
koxx86: folds 
badplains: folds 
Uncalled bet ($2.75) returned to crazy_tay
crazy_tay collected $3.70 from pot
crazy_tay: doesn't show hand 
*** SUMMARY ***
Total pot $3.85 | Rake $0.15 
Board [3c Kh As]
Seat 1: Alameda22 (small blind) folded before Flop
Seat 2: koxx86 (big blind) folded on the Flop
Seat 3: Lachesis85 folded before Flop (didn't bet)
Seat 4: bigbear17 folded before Flop (didn't bet)
Seat 5: badplains folded on the Flop
Seat 6: bennypeaches folded before Flop (didn't bet)
Seat 7: eintr84-ever folded before Flop (didn't bet)
Seat 8: crazy_tay collected ($3.70)
Seat 9: erto13 (button) folded before Flop (didn't bet)



PokerStars Game #19837680108:  Hold'em No Limit ($0.10/$0.25) - 2008/08/23 - 13:48:52 (ET)
Table 'Achilles V' 9-max Seat #1 is the button
Seat 1: Alameda22 ($23.95 in chips) 
Seat 2: koxx86 ($25.05 in chips) 
Seat 3: Lachesis85 ($23.30 in chips) 
Seat 4: bigbear17 ($12.85 in chips) 
Seat 5: badplains ($9.80 in chips) 
Seat 6: bennypeaches ($22.50 in chips) 
Seat 7: eintr84-ever ($6.60 in chips) 
Seat 8: crazy_tay ($16.10 in chips) 
Seat 9: erto13 ($92.10 in chips) 
koxx86: posts small blind $0.10
Lachesis85: posts big blind $0.25
*** HOLE CARDS ***
Dealt to Alameda22 [8d Qd]
bigbear17: raises $0.40 to $0.65
badplains: folds 
bennypeaches: folds 
eintr84-ever: calls $0.65
crazy_tay: calls $0.65
erto13: folds 
Alameda22: folds 
koxx86: folds 
Lachesis85: folds 
*** FLOP *** [Qc 8h Kc]
bigbear17: bets $0.75
eintr84-ever: calls $0.75
crazy_tay: raises $1.75 to $2.50
bigbear17: calls $1.75
eintr84-ever: folds 
*** TURN *** [Qc 8h Kc] [5d]
bigbear17: checks 
crazy_tay: bets $5
bigbear17: folds 
Uncalled bet ($5) returned to crazy_tay
crazy_tay collected $7.70 from pot
crazy_tay: doesn't show hand 
*** SUMMARY ***
Total pot $8.05 | Rake $0.35 
Board [Qc 8h Kc 5d]
Seat 1: Alameda22 (button) folded before Flop (didn't bet)
Seat 2: koxx86 (small blind) folded before Flop
Seat 3: Lachesis85 (big blind) folded before Flop
Seat 4: bigbear17 folded on the Turn
Seat 5: badplains folded before Flop (didn't bet)
Seat 6: bennypeaches folded before Flop (didn't bet)
Seat 7: eintr84-ever folded on the Flop
Seat 8: crazy_tay collected ($7.70)
Seat 9: erto13 folded before Flop (didn't bet)



PokerStars Game #19837716506:  Hold'em No Limit ($0.10/$0.25) - 2008/08/23 - 13:50:24 (ET)
Table 'Achilles V' 9-max Seat #2 is the button
Seat 1: Alameda22 ($23.95 in chips) 
Seat 2: koxx86 ($24.95 in chips) 
Seat 3: Lachesis85 ($23.05 in chips) 
Seat 4: bigbear17 ($9.70 in chips) 
Seat 5: badplains ($9.80 in chips) 
Seat 6: bennypeaches ($22.50 in chips) 
Seat 7: eintr84-ever ($5.20 in chips) 
Seat 8: crazy_tay ($20.65 in chips) 
Seat 9: erto13 ($92.10 in chips) 
Lachesis85: posts small blind $0.10
bigbear17: posts big blind $0.25
*** HOLE CARDS ***
Dealt to Alameda22 [Qc 4d]
badplains: folds 
bennypeaches: folds 
eintr84-ever: folds 
crazy_tay: folds 
erto13: folds 
Alameda22: folds 
koxx86: raises $0.75 to $1
Lachesis85: folds 
bigbear17: folds 
Uncalled bet ($0.75) returned to koxx86
koxx86 collected $0.60 from pot
koxx86: doesn't show hand 
*** SUMMARY ***
Total pot $0.60 | Rake $0 
Seat 1: Alameda22 folded before Flop (didn't bet)
Seat 2: koxx86 (button) collected ($0.60)
Seat 3: Lachesis85 (small blind) folded before Flop
Seat 4: bigbear17 (big blind) folded before Flop
Seat 5: badplains folded before Flop (didn't bet)
Seat 6: bennypeaches folded before Flop (didn't bet)
Seat 7: eintr84-ever folded before Flop (didn't bet)
Seat 8: crazy_tay folded before Flop (didn't bet)
Seat 9: erto13 folded before Flop (didn't bet)



PokerStars Game #19837733424:  Hold'em No Limit ($0.10/$0.25) - 2008/08/23 - 13:51:06 (ET)
Table 'Achilles V' 9-max Seat #3 is the button
Seat 1: Alameda22 ($23.95 in chips) 
Seat 2: koxx86 ($25.30 in chips) 
Seat 3: Lachesis85 ($22.95 in chips) 
Seat 4: bigbear17 ($9.45 in chips) 
Seat 7: eintr84-ever ($5.20 in chips) 
Seat 8: crazy_tay ($20.65 in chips) 
Seat 9: erto13 ($92.10 in chips) 
bigbear17: posts small blind $0.10
badplains: is sitting out 
bennypeaches: is sitting out 
eintr84-ever: posts big blind $0.25
*** HOLE CARDS ***
Dealt to Alameda22 [5c Js]
bennypeaches leaves the table
crazy_tay: raises $0.75 to $1
erto13: folds 
Alameda22: folds 
koxx86: folds 
badplains has returned
Tiomka joins the table at seat #6 
Lachesis85: folds 
bigbear17: folds 
eintr84-ever: folds 
Uncalled bet ($0.75) returned to crazy_tay
crazy_tay collected $0.60 from pot
crazy_tay: doesn't show hand 
*** SUMMARY ***
Total pot $0.60 | Rake $0 
Seat 1: Alameda22 folded before Flop (didn't bet)
Seat 2: koxx86 folded before Flop (didn't bet)
Seat 3: Lachesis85 (button) folded before Flop (didn't bet)
Seat 4: bigbear17 (small blind) folded before Flop
Seat 7: eintr84-ever (big blind) folded before Flop
Seat 8: crazy_tay collected ($0.60)
Seat 9: erto13 folded before Flop (didn't bet)



PokerStars Game #19837757752:  Hold'em No Limit ($0.10/$0.25) - 2008/08/23 - 13:52:07 (ET)
Table 'Achilles V' 9-max Seat #4 is the button
Seat 1: Alameda22 ($23.95 in chips) 
Seat 2: koxx86 ($25.30 in chips) 
Seat 3: Lachesis85 ($22.95 in chips) 
Seat 4: bigbear17 ($9.35 in chips) 
Seat 7: eintr84-ever ($4.95 in chips) 
Seat 8: crazy_tay ($21 in chips) 
Seat 9: erto13 ($92.10 in chips) 
badplains will be allowed to play after the button
Tiomka will be allowed to play after the button
eintr84-ever: posts small blind $0.10
crazy_tay: posts big blind $0.25
*** HOLE CARDS ***
Dealt to Alameda22 [7d 8h]
erto13: raises $0.75 to $1
Alameda22: folds 
koxx86: folds 
Lachesis85: calls $1
bigbear17: calls $1
eintr84-ever: folds 
crazy_tay: folds 
*** FLOP *** [2c Tc Ks]
erto13: bets $1.75
Lachesis85: folds 
bigbear17: raises $6.60 to $8.35 and is all-in
erto13: calls $6.60
*** TURN *** [2c Tc Ks] [4h]
*** RIVER *** [2c Tc Ks 4h] [Ts]
*** SHOW DOWN ***
erto13: shows [As Ac] (two pair, Aces and Tens)
bigbear17: mucks hand 
bigbear17 leaves the table
erto13 collected $19.10 from pot
*** SUMMARY ***
Total pot $20.05 | Rake $0.95 
Board [2c Tc Ks 4h Ts]
Seat 1: Alameda22 folded before Flop (didn't bet)
Seat 2: koxx86 folded before Flop (didn't bet)
Seat 3: Lachesis85 folded on the Flop
Seat 4: bigbear17 (button) mucked [9d Jh]
Seat 7: eintr84-ever (small blind) folded before Flop
Seat 8: crazy_tay (big blind) folded before Flop
Seat 9: erto13 showed [As Ac] and won ($19.10) with two pair, Aces and Tens



PokerStars Game #19837784562:  Hold'em No Limit ($0.10/$0.25) - 2008/08/23 - 13:53:15 (ET)
Table 'Achilles V' 9-max Seat #7 is the button
Seat 1: Alameda22 ($23.95 in chips) 
Seat 2: koxx86 ($25.30 in chips) 
Seat 3: Lachesis85 ($21.95 in chips) 
Seat 5: badplains ($9.80 in chips) 
Seat 6: Tiomka ($15 in chips) 
Seat 7: eintr84-ever ($4.85 in chips) 
Seat 8: crazy_tay ($20.75 in chips) 
Seat 9: erto13 ($101.85 in chips) 
crazy_tay: posts small blind $0.10
erto13: posts big blind $0.25
badplains: posts small & big blinds $0.35
Tiomka: posts big blind $0.25
*** HOLE CARDS ***
Dealt to Alameda22 [3s 3h]
Alameda22: calls $0.25
koxx86: folds 
Lachesis85: folds 
badplains: checks 
Tiomka: checks 
eintr84-ever: calls $0.25
crazy_tay: folds 
erto13: checks 
*** FLOP *** [Jc 4d 4h]
Joxxer88 joins the table at seat #4 
erto13: checks 
Alameda22: checks 
badplains: bets $0.25
Tiomka: calls $0.25
eintr84-ever: folds 
erto13: folds 
Alameda22: folds 
*** TURN *** [Jc 4d 4h] [9h]
badplains: bets $0.25
Tiomka: calls $0.25
*** RIVER *** [Jc 4d 4h 9h] [7d]
badplains: bets $0.50
Tiomka: raises $0.75 to $1.25
badplains: calls $0.75
*** SHOW DOWN ***
Tiomka: shows [Ac Kc] (a pair of Fours)
badplains: shows [Tc Js] (two pair, Jacks and Fours)
badplains collected $4.75 from pot
*** SUMMARY ***
Total pot $4.95 | Rake $0.20 
Board [Jc 4d 4h 9h 7d]
Seat 1: Alameda22 folded on the Flop
Seat 2: koxx86 folded before Flop (didn't bet)
Seat 3: Lachesis85 folded before Flop (didn't bet)
Seat 5: badplains showed [Tc Js] and won ($4.75) with two pair, Jacks and Fours
Seat 6: Tiomka showed [Ac Kc] and lost with a pair of Fours
Seat 7: eintr84-ever (button) folded on the Flop
Seat 8: crazy_tay (small blind) folded before Flop
Seat 9: erto13 (big blind) folded on the Flop



PokerStars Game #19837819050:  Hold'em No Limit ($0.10/$0.25) - 2008/08/23 - 13:54:43 (ET)
Table 'Achilles V' 9-max Seat #8 is the button
Seat 1: Alameda22 ($23.70 in chips) 
Seat 2: koxx86 ($25.30 in chips) 
Seat 3: Lachesis85 ($21.95 in chips) 
Seat 5: badplains ($12.45 in chips) 
Seat 6: Tiomka ($13 in chips) 
Seat 7: eintr84-ever ($4.60 in chips) 
Seat 8: crazy_tay ($20.65 in chips) 
Seat 9: erto13 ($101.60 in chips) 
erto13: posts small blind $0.10
Alameda22: posts big blind $0.25
Joxxer88: sits out 
*** HOLE CARDS ***
Dealt to Alameda22 [Kc Jh]
koxx86: folds 
Lachesis85: folds 
badplains: folds 
Tiomka: calls $0.25
eintr84-ever: folds 
crazy_tay: calls $0.25
erto13: folds 
Alameda22: checks 
*** FLOP *** [2c 2s 5s]
Alameda22: checks 
Tiomka: bets $0.50
crazy_tay: calls $0.50
Alameda22: folds 
*** TURN *** [2c 2s 5s] [5h]
Tiomka: bets $0.50
crazy_tay: calls $0.50
*** RIVER *** [2c 2s 5s 5h] [3d]
Tiomka: checks 
crazy_tay: checks 
*** SHOW DOWN ***
Tiomka: shows [8d Ad] (two pair, Fives and Deuces)
crazy_tay: shows [Ah 2h] (a full house, Deuces full of Fives)
crazy_tay collected $2.75 from pot
*** SUMMARY ***
Total pot $2.85 | Rake $0.10 
Board [2c 2s 5s 5h 3d]
Seat 1: Alameda22 (big blind) folded on the Flop
Seat 2: koxx86 folded before Flop (didn't bet)
Seat 3: Lachesis85 folded before Flop (didn't bet)
Seat 5: badplains folded before Flop (didn't bet)
Seat 6: Tiomka showed [8d Ad] and lost with two pair, Fives and Deuces
Seat 7: eintr84-ever folded before Flop (didn't bet)
Seat 8: crazy_tay (button) showed [Ah 2h] and won ($2.75) with a full house, Deuces full of Fives
Seat 9: erto13 (small blind) folded before Flop



PokerStars Game #19837855625:  Hold'em No Limit ($0.10/$0.25) - 2008/08/23 - 13:56:18 (ET)
Table 'Achilles V' 9-max Seat #9 is the button
Seat 1: Alameda22 ($23.45 in chips) 
Seat 2: koxx86 ($25.30 in chips) 
Seat 3: Lachesis85 ($21.95 in chips) 
Seat 5: badplains ($12.45 in chips) 
Seat 6: Tiomka ($11.75 in chips) 
Seat 7: eintr84-ever ($4.60 in chips) 
Seat 8: crazy_tay ($22.15 in chips) 
Seat 9: erto13 ($101.50 in chips) 
Alameda22: posts small blind $0.10
koxx86: posts big blind $0.25
Joxxer88: sits out 
*** HOLE CARDS ***
Dealt to Alameda22 [5d 4h]
Lachesis85: folds 
badplains: folds 
Tiomka: calls $0.25
eintr84-ever: folds 
crazy_tay: raises $1.25 to $1.50
erto13: folds 
Alameda22: folds 
koxx86: folds 
Tiomka: folds 
Uncalled bet ($1.25) returned to crazy_tay
crazy_tay collected $0.85 from pot
crazy_tay: doesn't show hand 
*** SUMMARY ***
Total pot $0.85 | Rake $0 
Seat 1: Alameda22 (small blind) folded before Flop
Seat 2: koxx86 (big blind) folded before Flop
Seat 3: Lachesis85 folded before Flop (didn't bet)
Seat 5: badplains folded before Flop (didn't bet)
Seat 6: Tiomka folded before Flop
Seat 7: eintr84-ever folded before Flop (didn't bet)
Seat 8: crazy_tay collected ($0.85)
Seat 9: erto13 (button) folded before Flop (didn't bet)



PokerStars Game #19837869594:  Hold'em No Limit ($0.10/$0.25) - 2008/08/23 - 13:56:54 (ET)
Table 'Achilles V' 9-max Seat #1 is the button
Seat 1: Alameda22 ($23.35 in chips) 
Seat 2: koxx86 ($25.05 in chips) 
Seat 3: Lachesis85 ($21.95 in chips) 
Seat 5: badplains ($12.45 in chips) 
Seat 6: Tiomka ($11.50 in chips) 
Seat 7: eintr84-ever ($4.60 in chips) 
Seat 8: crazy_tay ($22.75 in chips) 
Seat 9: erto13 ($101.50 in chips) 
koxx86: posts small blind $0.10
Lachesis85: posts big blind $0.25
Joxxer88: sits out 
*** HOLE CARDS ***
Dealt to Alameda22 [3h Qc]
badplains: calls $0.25
Tiomka: calls $0.25
eintr84-ever: folds 
crazy_tay: folds 
erto13: folds 
Alameda22: folds 
koxx86: calls $0.15
Lachesis85: checks 
*** FLOP *** [6h 4h Jd]
koxx86: checks 
Lachesis85: checks 
badplains: checks 
Tiomka: checks 
*** TURN *** [6h 4h Jd] [4s]
koxx86: checks 
Lachesis85: checks 
badplains: checks 
Tiomka: bets $0.50
koxx86: folds 
Lachesis85: folds 
badplains: folds 
Uncalled bet ($0.50) returned to Tiomka
Tiomka collected $0.95 from pot
Tiomka: doesn't show hand 
*** SUMMARY ***
Total pot $1 | Rake $0.05 
Board [6h 4h Jd 4s]
Seat 1: Alameda22 (button) folded before Flop (didn't bet)
Seat 2: koxx86 (small blind) folded on the Turn
Seat 3: Lachesis85 (big blind) folded on the Turn
Seat 5: badplains folded on the Turn
Seat 6: Tiomka collected ($0.95)
Seat 7: eintr84-ever folded before Flop (didn't bet)
Seat 8: crazy_tay folded before Flop (didn't bet)
Seat 9: erto13 folded before Flop (didn't bet)



PokerStars Game #19837897341:  Hold'em No Limit ($0.10/$0.25) - 2008/08/23 - 13:58:07 (ET)
Table 'Achilles V' 9-max Seat #2 is the button
Seat 1: Alameda22 ($23.35 in chips) 
Seat 2: koxx86 ($25 in chips) 
Seat 3: Lachesis85 ($21.70 in chips) 
Seat 4: Joxxer88 ($25 in chips) 
Seat 5: badplains ($12.20 in chips) 
Seat 6: Tiomka ($12.20 in chips) 
Seat 7: eintr84-ever ($4.60 in chips) 
Seat 8: crazy_tay ($22.75 in chips) 
Seat 9: erto13 ($101.50 in chips) 
Lachesis85: posts small blind $0.10
Joxxer88: posts big blind $0.25
*** HOLE CARDS ***
Dealt to Alameda22 [Kc 5d]
badplains: calls $0.25
Tiomka: folds 
eintr84-ever: folds 
crazy_tay: folds 
erto13: folds 
Alameda22: folds 
koxx86: folds 
Lachesis85: folds 
Joxxer88: checks 
*** FLOP *** [6d As Ah]
Joxxer88: checks 
badplains: checks 
*** TURN *** [6d As Ah] [Kd]
Joxxer88: checks 
badplains: checks 
*** RIVER *** [6d As Ah Kd] [7h]
Joxxer88: checks 
badplains: checks 
*** SHOW DOWN ***
Joxxer88: shows [2c Qc] (a pair of Aces)
badplains: mucks hand 
Joxxer88 collected $0.60 from pot
*** SUMMARY ***
Total pot $0.60 | Rake $0 
Board [6d As Ah Kd 7h]
Seat 1: Alameda22 folded before Flop (didn't bet)
Seat 2: koxx86 (button) folded before Flop (didn't bet)
Seat 3: Lachesis85 (small blind) folded before Flop
Seat 4: Joxxer88 (big blind) showed [2c Qc] and won ($0.60) with a pair of Aces
Seat 5: badplains mucked [Tc 9c]
Seat 6: Tiomka folded before Flop (didn't bet)
Seat 7: eintr84-ever folded before Flop (didn't bet)
Seat 8: crazy_tay folded before Flop (didn't bet)
Seat 9: erto13 folded before Flop (didn't bet)



PokerStars Game #19837918481:  Hold'em No Limit ($0.10/$0.25) - 2008/08/23 - 13:59:02 (ET)
Table 'Achilles V' 9-max Seat #3 is the button
Seat 1: Alameda22 ($23.35 in chips) 
Seat 2: koxx86 ($25 in chips) 
Seat 3: Lachesis85 ($21.60 in chips) 
Seat 4: Joxxer88 ($25.35 in chips) 
Seat 5: badplains ($11.95 in chips) 
Seat 6: Tiomka ($12.20 in chips) 
Seat 7: eintr84-ever ($4.60 in chips) 
Seat 8: crazy_tay ($22.75 in chips) 
Seat 9: erto13 ($101.50 in chips) 
Joxxer88: posts small blind $0.10
badplains: posts big blind $0.25
*** HOLE CARDS ***
Dealt to Alameda22 [Ac 4s]
Tiomka: calls $0.25
eintr84-ever: folds 
crazy_tay: folds 
erto13: folds 
Alameda22: folds 
koxx86: raises $1 to $1.25
Lachesis85: folds 
Joxxer88: folds 
badplains: folds 
Tiomka: calls $1
*** FLOP *** [9d 2c 7d]
Tiomka: checks 
koxx86: bets $2
Tiomka: folds 
Uncalled bet ($2) returned to koxx86
koxx86 collected $2.75 from pot
koxx86: doesn't show hand 
*** SUMMARY ***
Total pot $2.85 | Rake $0.10 
Board [9d 2c 7d]
Seat 1: Alameda22 folded before Flop (didn't bet)
Seat 2: koxx86 collected ($2.75)
Seat 3: Lachesis85 (button) folded before Flop (didn't bet)
Seat 4: Joxxer88 (small blind) folded before Flop
Seat 5: badplains (big blind) folded before Flop
Seat 6: Tiomka folded on the Flop
Seat 7: eintr84-ever folded before Flop (didn't bet)
Seat 8: crazy_tay folded before Flop (didn't bet)
Seat 9: erto13 folded before Flop (didn't bet)



PokerStars Game #19837941903:  Hold'em No Limit ($0.10/$0.25) - 2008/08/23 - 14:00:01 (ET)
Table 'Achilles V' 9-max Seat #4 is the button
Seat 1: Alameda22 ($23.35 in chips) 
Seat 2: koxx86 ($26.50 in chips) 
Seat 3: Lachesis85 ($21.60 in chips) 
Seat 4: Joxxer88 ($25.25 in chips) 
Seat 5: badplains ($11.70 in chips) 
Seat 6: Tiomka ($10.95 in chips) 
Seat 7: eintr84-ever ($4.60 in chips) 
Seat 8: crazy_tay ($22.75 in chips) 
Seat 9: erto13 ($101.50 in chips) 
badplains: posts small blind $0.10
Tiomka: posts big blind $0.25
*** HOLE CARDS ***
Dealt to Alameda22 [8c Qs]
eintr84-ever: folds 
crazy_tay: folds 
erto13: folds 
Alameda22: folds 
koxx86: folds 
Lachesis85: raises $0.75 to $1
Joxxer88: folds 
badplains: folds 
Tiomka: folds 
Uncalled bet ($0.75) returned to Lachesis85
Lachesis85 collected $0.60 from pot
Lachesis85: doesn't show hand 
*** SUMMARY ***
Total pot $0.60 | Rake $0 
Seat 1: Alameda22 folded before Flop (didn't bet)
Seat 2: koxx86 folded before Flop (didn't bet)
Seat 3: Lachesis85 collected ($0.60)
Seat 4: Joxxer88 (button) folded before Flop (didn't bet)
Seat 5: badplains (small blind) folded before Flop
Seat 6: Tiomka (big blind) folded before Flop
Seat 7: eintr84-ever folded before Flop (didn't bet)
Seat 8: crazy_tay folded before Flop (didn't bet)
Seat 9: erto13 folded before Flop (didn't bet)



PokerStars Game #19837957322:  Hold'em No Limit ($0.10/$0.25) - 2008/08/23 - 14:00:42 (ET)
Table 'Achilles V' 9-max Seat #5 is the button
Seat 1: Alameda22 ($23.35 in chips) 
Seat 2: koxx86 ($26.50 in chips) 
Seat 3: Lachesis85 ($21.95 in chips) 
Seat 4: Joxxer88 ($25.25 in chips) 
Seat 5: badplains ($11.60 in chips) 
Seat 6: Tiomka ($10.70 in chips) 
Seat 7: eintr84-ever ($4.60 in chips) 
Seat 8: crazy_tay ($22.75 in chips) 
Seat 9: erto13 ($101.50 in chips) 
Tiomka: posts small blind $0.10
eintr84-ever: posts big blind $0.25
*** HOLE CARDS ***
Dealt to Alameda22 [8d 3d]
crazy_tay: folds 
erto13: folds 
Alameda22: folds 
koxx86: raises $0.75 to $1
Lachesis85: folds 
Joxxer88: folds 
badplains: folds 
Tiomka: folds 
eintr84-ever: folds 
Uncalled bet ($0.75) returned to koxx86
koxx86 collected $0.60 from pot
koxx86: doesn't show hand 
*** SUMMARY ***
Total pot $0.60 | Rake $0 
Seat 1: Alameda22 folded before Flop (didn't bet)
Seat 2: koxx86 collected ($0.60)
Seat 3: Lachesis85 folded before Flop (didn't bet)
Seat 4: Joxxer88 folded before Flop (didn't bet)
Seat 5: badplains (button) folded before Flop (didn't bet)
Seat 6: Tiomka (small blind) folded before Flop
Seat 7: eintr84-ever (big blind) folded before Flop
Seat 8: crazy_tay folded before Flop (didn't bet)
Seat 9: erto13 folded before Flop (didn't bet)



PokerStars Game #19837974930:  Hold'em No Limit ($0.10/$0.25) - 2008/08/23 - 14:01:27 (ET)
Table 'Achilles V' 9-max Seat #6 is the button
Seat 1: Alameda22 ($23.35 in chips) 
Seat 2: koxx86 ($26.85 in chips) 
Seat 3: Lachesis85 ($25 in chips) 
Seat 4: Joxxer88 ($25.25 in chips) 
Seat 5: badplains ($11.60 in chips) 
Seat 6: Tiomka ($10.60 in chips) 
Seat 7: eintr84-ever ($4.35 in chips) 
Seat 8: crazy_tay ($22.75 in chips) 
Seat 9: erto13 ($101.50 in chips) 
eintr84-ever: posts small blind $0.10
crazy_tay: posts big blind $0.25
*** HOLE CARDS ***
Dealt to Alameda22 [As 5c]
erto13: calls $0.25
Alameda22: folds 
koxx86: raises $1 to $1.25
Lachesis85: folds 
Joxxer88: folds 
badplains: folds 
Tiomka: folds 
eintr84-ever: folds 
crazy_tay: folds 
erto13: folds 
Uncalled bet ($1) returned to koxx86
koxx86 collected $0.85 from pot
koxx86: doesn't show hand 
*** SUMMARY ***
Total pot $0.85 | Rake $0 
Seat 1: Alameda22 folded before Flop (didn't bet)
Seat 2: koxx86 collected ($0.85)
Seat 3: Lachesis85 folded before Flop (didn't bet)
Seat 4: Joxxer88 folded before Flop (didn't bet)
Seat 5: badplains folded before Flop (didn't bet)
Seat 6: Tiomka (button) folded before Flop (didn't bet)
Seat 7: eintr84-ever (small blind) folded before Flop
Seat 8: crazy_tay (big blind) folded before Flop
Seat 9: erto13 folded before Flop



PokerStars Game #19837986275:  Hold'em No Limit ($0.10/$0.25) - 2008/08/23 - 14:01:55 (ET)
Table 'Achilles V' 9-max Seat #7 is the button
Seat 1: Alameda22 ($23.35 in chips) 
Seat 2: koxx86 ($27.45 in chips) 
Seat 3: Lachesis85 ($25 in chips) 
Seat 4: Joxxer88 ($25.25 in chips) 
Seat 5: badplains ($11.60 in chips) 
Seat 6: Tiomka ($10.60 in chips) 
Seat 7: eintr84-ever ($4.25 in chips) 
Seat 8: crazy_tay ($22.50 in chips) 
Seat 9: erto13 ($101.25 in chips) 
crazy_tay: posts small blind $0.10
erto13: posts big blind $0.25
*** HOLE CARDS ***
Dealt to Alameda22 [Jd 8s]
Alameda22: folds 
koxx86: folds 
Lachesis85: raises $0.75 to $1
Joxxer88: folds 
badplains: folds 
Tiomka: folds 
eintr84-ever: folds 
crazy_tay: folds 
erto13: folds 
Uncalled bet ($0.75) returned to Lachesis85
Lachesis85 collected $0.60 from pot
Lachesis85: doesn't show hand 
*** SUMMARY ***
Total pot $0.60 | Rake $0 
Seat 1: Alameda22 folded before Flop (didn't bet)
Seat 2: koxx86 folded before Flop (didn't bet)
Seat 3: Lachesis85 collected ($0.60)
Seat 4: Joxxer88 folded before Flop (didn't bet)
Seat 5: badplains folded before Flop (didn't bet)
Seat 6: Tiomka folded before Flop (didn't bet)
Seat 7: eintr84-ever (button) folded before Flop (didn't bet)
Seat 8: crazy_tay (small blind) folded before Flop
Seat 9: erto13 (big blind) folded before Flop



PokerStars Game #19837998049:  Hold'em No Limit ($0.10/$0.25) - 2008/08/23 - 14:02:25 (ET)
Table 'Achilles V' 9-max Seat #8 is the button
Seat 1: Alameda22 ($23.35 in chips) 
Seat 2: koxx86 ($27.45 in chips) 
Seat 3: Lachesis85 ($25.35 in chips) 
Seat 4: Joxxer88 ($25.25 in chips) 
Seat 5: badplains ($11.60 in chips) 
Seat 6: Tiomka ($10.60 in chips) 
Seat 7: eintr84-ever ($4.25 in chips) 
Seat 8: crazy_tay ($22.40 in chips) 
Seat 9: erto13 ($101 in chips) 
erto13: posts small blind $0.10
Alameda22: posts big blind $0.25
*** HOLE CARDS ***
Dealt to Alameda22 [Ac 6h]
koxx86: folds 
Lachesis85: folds 
koxx86 leaves the table
Joxxer88: calls $0.25
badplains: calls $0.25
Tiomka: calls $0.25
eintr84-ever: raises $0.75 to $1
crazy_tay: folds 
erto13: folds 
Alameda22: folds 
Joxxer88: folds 
badplains: calls $0.75
Tiomka: calls $0.75
*** FLOP *** [Kc As 3h]
badplains: checks 
Tiomka: checks 
eintr84-ever: bets $3.25 and is all-in
badplains: folds 
OoDannyboyOo joins the table at seat #2 
Tiomka: folds 
Uncalled bet ($3.25) returned to eintr84-ever
eintr84-ever collected $3.45 from pot
eintr84-ever: doesn't show hand 
*** SUMMARY ***
Total pot $3.60 | Rake $0.15 
Board [Kc As 3h]
Seat 1: Alameda22 (big blind) folded before Flop
Seat 2: koxx86 folded before Flop (didn't bet)
Seat 3: Lachesis85 folded before Flop (didn't bet)
Seat 4: Joxxer88 folded before Flop
Seat 5: badplains folded on the Flop
Seat 6: Tiomka folded on the Flop
Seat 7: eintr84-ever collected ($3.45)
Seat 8: crazy_tay (button) folded before Flop (didn't bet)
Seat 9: erto13 (small blind) folded before Flop



PokerStars Game #19838026947:  Hold'em No Limit ($0.10/$0.25) - 2008/08/23 - 14:03:40 (ET)
Table 'Achilles V' 9-max Seat #9 is the button
Seat 1: Alameda22 ($23.10 in chips) 
Seat 2: OoDannyboyOo ($11.20 in chips) 
Seat 3: Lachesis85 ($25.35 in chips) 
Seat 4: Joxxer88 ($25 in chips) 
Seat 5: badplains ($10.60 in chips) 
Seat 6: Tiomka ($9.60 in chips) 
Seat 7: eintr84-ever ($6.70 in chips) 
Seat 8: crazy_tay ($22.40 in chips) 
Seat 9: erto13 ($100.90 in chips) 
Alameda22: posts small blind $0.10
OoDannyboyOo: posts big blind $0.25
*** HOLE CARDS ***
Dealt to Alameda22 [Qd 7d]
Lachesis85: folds 
Joxxer88: folds 
badplains: folds 
Tiomka: calls $0.25
eintr84-ever: folds 
crazy_tay: folds 
erto13: raises $0.75 to $1
Alameda22: folds 
OoDannyboyOo: calls $0.75
Tiomka: folds 
*** FLOP *** [3d 6c Ac]
OoDannyboyOo: checks 
Tiomka leaves the table
erto13: bets $1.25
OoDannyboyOo: folds 
Uncalled bet ($1.25) returned to erto13
erto13 collected $2.25 from pot
erto13: doesn't show hand 
*** SUMMARY ***
Total pot $2.35 | Rake $0.10 
Board [3d 6c Ac]
Seat 1: Alameda22 (small blind) folded before Flop
Seat 2: OoDannyboyOo (big blind) folded on the Flop
Seat 3: Lachesis85 folded before Flop (didn't bet)
Seat 4: Joxxer88 folded before Flop (didn't bet)
Seat 5: badplains folded before Flop (didn't bet)
Seat 6: Tiomka folded before Flop
Seat 7: eintr84-ever folded before Flop (didn't bet)
Seat 8: crazy_tay folded before Flop (didn't bet)
Seat 9: erto13 (button) collected ($2.25)



PokerStars Game #19838052534:  Hold'em No Limit ($0.10/$0.25) - 2008/08/23 - 14:04:46 (ET)
Table 'Achilles V' 9-max Seat #1 is the button
Seat 1: Alameda22 ($23 in chips) 
Seat 2: OoDannyboyOo ($10.20 in chips) 
Seat 3: Lachesis85 ($25.35 in chips) 
Seat 4: Joxxer88 ($25 in chips) 
Seat 5: badplains ($10.60 in chips) 
Seat 7: eintr84-ever ($6.70 in chips) 
Seat 8: crazy_tay ($22.40 in chips) 
Seat 9: erto13 ($102.15 in chips) 
OoDannyboyOo: posts small blind $0.10
Lachesis85: posts big blind $0.25
*** HOLE CARDS ***
Dealt to Alameda22 [Tc 5h]
Joxxer88: folds 
badplains: folds 
eintr84-ever: folds 
crazy_tay: folds 
erto13: folds 
Alameda22: folds 
OoDannyboyOo: calls $0.15
Lachesis85: checks 
*** FLOP *** [2c 3h Ts]
OoDannyboyOo: checks 
Lachesis85: checks 
*** TURN *** [2c 3h Ts] [Kd]
OoDannyboyOo: checks 
Lachesis85: checks 
*** RIVER *** [2c 3h Ts Kd] [6d]
OoDannyboyOo: checks 
Lachesis85: checks 
*** SHOW DOWN ***
OoDannyboyOo: shows [Jh 8c] (high card King)
Lachesis85: shows [Ks Jc] (a pair of Kings)
Lachesis85 collected $0.50 from pot
*** SUMMARY ***
Total pot $0.50 | Rake $0 
Board [2c 3h Ts Kd 6d]
Seat 1: Alameda22 (button) folded before Flop (didn't bet)
Seat 2: OoDannyboyOo (small blind) showed [Jh 8c] and lost with high card King
Seat 3: Lachesis85 (big blind) showed [Ks Jc] and won ($0.50) with a pair of Kings
Seat 4: Joxxer88 folded before Flop (didn't bet)
Seat 5: badplains folded before Flop (didn't bet)
Seat 7: eintr84-ever folded before Flop (didn't bet)
Seat 8: crazy_tay folded before Flop (didn't bet)
Seat 9: erto13 folded before Flop (didn't bet)



PokerStars Game #19838072998:  Hold'em No Limit ($0.10/$0.25) - 2008/08/23 - 14:05:40 (ET)
Table 'Achilles V' 9-max Seat #2 is the button
Seat 1: Alameda22 ($23 in chips) 
Seat 2: OoDannyboyOo ($9.95 in chips) 
Seat 3: Lachesis85 ($25.60 in chips) 
Seat 4: Joxxer88 ($25 in chips) 
Seat 5: badplains ($10.60 in chips) 
Seat 7: eintr84-ever ($6.70 in chips) 
Seat 8: crazy_tay ($22.40 in chips) 
Seat 9: erto13 ($102.15 in chips) 
Lachesis85: posts small blind $0.10
Joxxer88: posts big blind $0.25
*** HOLE CARDS ***
Dealt to Alameda22 [8c 4d]
badplains: folds 
eintr84-ever: folds 
crazy_tay: calls $0.25
erto13: folds 
Alameda22: folds 
OoDannyboyOo: folds 
Lachesis85: folds 
Joxxer88: checks 
*** FLOP *** [8d 7c Qs]
Joxxer88: checks 
crazy_tay: bets $0.50
Texasmoney7 joins the table at seat #6 
Joxxer88: folds 
Uncalled bet ($0.50) returned to crazy_tay
crazy_tay collected $0.60 from pot
crazy_tay: doesn't show hand 
*** SUMMARY ***
Total pot $0.60 | Rake $0 
Board [8d 7c Qs]
Seat 1: Alameda22 folded before Flop (didn't bet)
Seat 2: OoDannyboyOo (button) folded before Flop (didn't bet)
Seat 3: Lachesis85 (small blind) folded before Flop
Seat 4: Joxxer88 (big blind) folded on the Flop
Seat 5: badplains folded before Flop (didn't bet)
Seat 7: eintr84-ever folded before Flop (didn't bet)
Seat 8: crazy_tay collected ($0.60)
Seat 9: erto13 folded before Flop (didn't bet)



PokerStars Game #19838087479:  Hold'em No Limit ($0.10/$0.25) - 2008/08/23 - 14:06:18 (ET)
Table 'Achilles V' 9-max Seat #3 is the button
Seat 1: Alameda22 ($23 in chips) 
Seat 2: OoDannyboyOo ($9.95 in chips) 
Seat 3: Lachesis85 ($25.50 in chips) 
Seat 4: Joxxer88 ($24.75 in chips) 
Seat 5: badplains ($10.60 in chips) 
Seat 7: eintr84-ever ($6.70 in chips) 
Seat 8: crazy_tay ($22.75 in chips) 
Seat 9: erto13 ($102.15 in chips) 
Joxxer88: posts small blind $0.10
badplains: posts big blind $0.25
Texasmoney7: sits out 
*** HOLE CARDS ***
Dealt to Alameda22 [4c Jh]
eintr84-ever: folds 
crazy_tay: folds 
erto13: folds 
Alameda22: folds 
OoDannyboyOo: raises $0.50 to $0.75
Lachesis85: folds 
Joxxer88: folds 
badplains: folds 
Uncalled bet ($0.50) returned to OoDannyboyOo
OoDannyboyOo collected $0.60 from pot
OoDannyboyOo: doesn't show hand 
*** SUMMARY ***
Total pot $0.60 | Rake $0 
Seat 1: Alameda22 folded before Flop (didn't bet)
Seat 2: OoDannyboyOo collected ($0.60)
Seat 3: Lachesis85 (button) folded before Flop (didn't bet)
Seat 4: Joxxer88 (small blind) folded before Flop
Seat 5: badplains (big blind) folded before Flop
Seat 7: eintr84-ever folded before Flop (didn't bet)
Seat 8: crazy_tay folded before Flop (didn't bet)
Seat 9: erto13 folded before Flop (didn't bet)



PokerStars Game #19838097934:  Hold'em No Limit ($0.10/$0.25) - 2008/08/23 - 14:06:46 (ET)
Table 'Achilles V' 9-max Seat #4 is the button
Seat 1: Alameda22 ($23 in chips) 
Seat 2: OoDannyboyOo ($10.30 in chips) 
Seat 3: Lachesis85 ($25.50 in chips) 
Seat 4: Joxxer88 ($24.65 in chips) 
Seat 5: badplains ($10.35 in chips) 
Seat 6: Texasmoney7 ($10 in chips) 
Seat 7: eintr84-ever ($6.70 in chips) 
Seat 8: crazy_tay ($22.75 in chips) 
Seat 9: erto13 ($102.15 in chips) 
badplains: posts small blind $0.10
Texasmoney7: posts big blind $0.25
*** HOLE CARDS ***
Dealt to Alameda22 [5c 6s]
eintr84-ever: folds 
crazy_tay: folds 
eintr84-ever leaves the table
erto13: folds 
Alameda22: folds 
OoDannyboyOo: calls $0.25
Lachesis85: folds 
Joxxer88: calls $0.25
badplains: calls $0.15
Texasmoney7: checks 
*** FLOP *** [5d 9c Td]
badplains: bets $0.25
Texasmoney7: folds 
OoDannyboyOo: calls $0.25
Joxxer88: calls $0.25
*** TURN *** [5d 9c Td] [4h]
badplains: bets $0.25
OoDannyboyOo: calls $0.25
Joxxer88: calls $0.25
*** RIVER *** [5d 9c Td 4h] [4s]
badplains: bets $0.50
OoDannyboyOo: raises $2.50 to $3
Joxxer88: folds 
Joxxer88 is sitting out
badplains: folds 
Uncalled bet ($2.50) returned to OoDannyboyOo
OoDannyboyOo collected $3.35 from pot
OoDannyboyOo: doesn't show hand 
Joxxer88 has returned
*** SUMMARY ***
Total pot $3.50 | Rake $0.15 
Board [5d 9c Td 4h 4s]
Seat 1: Alameda22 folded before Flop (didn't bet)
Seat 2: OoDannyboyOo collected ($3.35)
Seat 3: Lachesis85 folded before Flop (didn't bet)
Seat 4: Joxxer88 (button) folded on the River
Seat 5: badplains (small blind) folded on the River
Seat 6: Texasmoney7 (big blind) folded on the Flop
Seat 7: eintr84-ever folded before Flop (didn't bet)
Seat 8: crazy_tay folded before Flop (didn't bet)
Seat 9: erto13 folded before Flop (didn't bet)



PokerStars Game #19838127862:  Hold'em No Limit ($0.10/$0.25) - 2008/08/23 - 14:08:04 (ET)
Table 'Achilles V' 9-max Seat #5 is the button
Seat 1: Alameda22 ($23 in chips) 
Seat 2: OoDannyboyOo ($12.40 in chips) 
Seat 3: Lachesis85 ($25.50 in chips) 
Seat 4: Joxxer88 ($23.90 in chips) 
Seat 5: badplains ($9.10 in chips) 
Seat 6: Texasmoney7 ($9.75 in chips) 
Seat 8: crazy_tay ($22.75 in chips) 
Seat 9: erto13 ($102.15 in chips) 
Texasmoney7: posts small blind $0.10
crazy_tay: posts big blind $0.25
*** HOLE CARDS ***
Dealt to Alameda22 [7d 5h]
erto13: folds 
Alameda22: folds 
OoDannyboyOo: calls $0.25
Lachesis85: folds 
Joxxer88: folds 
badplains: folds 
Texasmoney7: raises $0.25 to $0.50
crazy_tay: folds 
OoDannyboyOo: calls $0.25
*** FLOP *** [Kd 2c Qd]
Texasmoney7: bets $0.50
OoDannyboyOo: folds 
Uncalled bet ($0.50) returned to Texasmoney7
Texasmoney7 collected $1.20 from pot
*** SUMMARY ***
Total pot $1.25 | Rake $0.05 
Board [Kd 2c Qd]
Seat 1: Alameda22 folded before Flop (didn't bet)
Seat 2: OoDannyboyOo folded on the Flop
Seat 3: Lachesis85 folded before Flop (didn't bet)
Seat 4: Joxxer88 folded before Flop (didn't bet)
Seat 5: badplains (button) folded before Flop (didn't bet)
Seat 6: Texasmoney7 (small blind) collected ($1.20)
Seat 8: crazy_tay (big blind) folded before Flop
Seat 9: erto13 folded before Flop (didn't bet)



PokerStars Game #19838143672:  Hold'em No Limit ($0.10/$0.25) - 2008/08/23 - 14:08:46 (ET)
Table 'Achilles V' 9-max Seat #6 is the button
Seat 1: Alameda22 ($23 in chips) 
Seat 2: OoDannyboyOo ($11.90 in chips) 
Seat 3: Lachesis85 ($25.50 in chips) 
Seat 4: Joxxer88 ($23.90 in chips) 
Seat 5: badplains ($9.10 in chips) 
Seat 6: Texasmoney7 ($10.45 in chips) 
Seat 8: crazy_tay ($22.50 in chips) 
Seat 9: erto13 ($102.15 in chips) 
crazy_tay: posts small blind $0.10
erto13: posts big blind $0.25
*** HOLE CARDS ***
Dealt to Alameda22 [9d 9c]
Alameda22: calls $0.25
OoDannyboyOo: folds 
daley5 joins the table at seat #7 
Lachesis85: folds 
Joxxer88: calls $0.25
badplains: folds 
Texasmoney7: folds 
crazy_tay: calls $0.15
erto13: checks 
*** FLOP *** [2c 2h 6s]
crazy_tay: bets $0.50
erto13: folds 
Alameda22: raises $1 to $1.50
Joxxer88: folds 
crazy_tay: folds 
Uncalled bet ($1) returned to Alameda22
Alameda22 collected $1.95 from pot
Alameda22: doesn't show hand 
*** SUMMARY ***
Total pot $2 | Rake $0.05 
Board [2c 2h 6s]
Seat 1: Alameda22 collected ($1.95)
Seat 2: OoDannyboyOo folded before Flop (didn't bet)
Seat 3: Lachesis85 folded before Flop (didn't bet)
Seat 4: Joxxer88 folded on the Flop
Seat 5: badplains folded before Flop (didn't bet)
Seat 6: Texasmoney7 (button) folded before Flop (didn't bet)
Seat 8: crazy_tay (small blind) folded on the Flop
Seat 9: erto13 (big blind) folded on the Flop



PokerStars Game #19838162034:  Hold'em No Limit ($0.10/$0.25) - 2008/08/23 - 14:09:35 (ET)
Table 'Achilles V' 9-max Seat #8 is the button
Seat 1: Alameda22 ($24.20 in chips) 
Seat 2: OoDannyboyOo ($11.90 in chips) 
Seat 3: Lachesis85 ($25.50 in chips) 
Seat 4: Joxxer88 ($23.65 in chips) 
Seat 5: badplains ($9.10 in chips) 
Seat 6: Texasmoney7 ($10.45 in chips) 
Seat 8: crazy_tay ($21.75 in chips) 
Seat 9: erto13 ($101.90 in chips) 
erto13: posts small blind $0.10
Alameda22: posts big blind $0.25
daley5: sits out 
*** HOLE CARDS ***
Dealt to Alameda22 [Qs 9h]
OoDannyboyOo: raises $0.50 to $0.75
Lachesis85: folds 
Joxxer88: calls $0.75
badplains: folds 
Texasmoney7: folds 
crazy_tay: folds 
erto13: folds 
Alameda22: folds 
*** FLOP *** [Ac 7h 7d]
OoDannyboyOo: checks 
Joxxer88: checks 
*** TURN *** [Ac 7h 7d] [Kc]
OoDannyboyOo: bets $1.50
Joxxer88: folds 
Uncalled bet ($1.50) returned to OoDannyboyOo
OoDannyboyOo collected $1.80 from pot
OoDannyboyOo: shows [Kd Ks] (a full house, Kings full of Sevens)
*** SUMMARY ***
Total pot $1.85 | Rake $0.05 
Board [Ac 7h 7d Kc]
Seat 1: Alameda22 (big blind) folded before Flop
Seat 2: OoDannyboyOo collected ($1.80)
Seat 3: Lachesis85 folded before Flop (didn't bet)
Seat 4: Joxxer88 folded on the Turn
Seat 5: badplains folded before Flop (didn't bet)
Seat 6: Texasmoney7 folded before Flop (didn't bet)
Seat 8: crazy_tay (button) folded before Flop (didn't bet)
Seat 9: erto13 (small blind) folded before Flop



PokerStars Game #19838189148:  Hold'em No Limit ($0.10/$0.25) - 2008/08/23 - 14:10:45 (ET)
Table 'Achilles V' 9-max Seat #9 is the button
Seat 1: Alameda22 ($23.95 in chips) 
Seat 2: OoDannyboyOo ($12.95 in chips) 
Seat 3: Lachesis85 ($25.50 in chips) 
Seat 4: Joxxer88 ($22.90 in chips) 
Seat 5: badplains ($9.10 in chips) 
Seat 6: Texasmoney7 ($10.45 in chips) 
Seat 8: crazy_tay ($21.75 in chips) 
Seat 9: erto13 ($101.80 in chips) 
Alameda22: posts small blind $0.10
OoDannyboyOo: posts big blind $0.25
daley5: sits out 
*** HOLE CARDS ***
Dealt to Alameda22 [Jd 5c]
Lachesis85: raises $0.75 to $1
Joxxer88: folds 
badplains: folds 
Texasmoney7: folds 
crazy_tay: folds 
erto13: folds 
Alameda22: folds 
OoDannyboyOo: folds 
Uncalled bet ($0.75) returned to Lachesis85
Lachesis85 collected $0.60 from pot
Lachesis85: doesn't show hand 
*** SUMMARY ***
Total pot $0.60 | Rake $0 
Seat 1: Alameda22 (small blind) folded before Flop
Seat 2: OoDannyboyOo (big blind) folded before Flop
Seat 3: Lachesis85 collected ($0.60)
Seat 4: Joxxer88 folded before Flop (didn't bet)
Seat 5: badplains folded before Flop (didn't bet)
Seat 6: Texasmoney7 folded before Flop (didn't bet)
Seat 8: crazy_tay folded before Flop (didn't bet)
Seat 9: erto13 (button) folded before Flop (didn't bet)



PokerStars Game #19838198958:  Hold'em No Limit ($0.10/$0.25) - 2008/08/23 - 14:11:11 (ET)
Table 'Achilles V' 9-max Seat #1 is the button
Seat 1: Alameda22 ($23.85 in chips) 
Seat 2: OoDannyboyOo ($12.70 in chips) 
Seat 3: Lachesis85 ($25.85 in chips) 
Seat 4: Joxxer88 ($22.90 in chips) 
Seat 5: badplains ($9.10 in chips) 
Seat 6: Texasmoney7 ($10.45 in chips) 
Seat 8: crazy_tay ($21.75 in chips) 
Seat 9: erto13 ($101.80 in chips) 
OoDannyboyOo: posts small blind $0.10
Lachesis85: posts big blind $0.25
daley5: sits out 
*** HOLE CARDS ***
Dealt to Alameda22 [9h 4c]
Joxxer88: calls $0.25
badplains: folds 
Texasmoney7: folds 
crazy_tay: raises $1 to $1.25
erto13: folds 
Alameda22: folds 
OoDannyboyOo: folds 
Lachesis85: folds 
Joxxer88: calls $1
*** FLOP *** [2d Ad Jc]
Joxxer88: checks 
crazy_tay: bets $1
Joxxer88: folds 
Uncalled bet ($1) returned to crazy_tay
crazy_tay collected $2.75 from pot
crazy_tay: doesn't show hand 
*** SUMMARY ***
Total pot $2.85 | Rake $0.10 
Board [2d Ad Jc]
Seat 1: Alameda22 (button) folded before Flop (didn't bet)
Seat 2: OoDannyboyOo (small blind) folded before Flop
Seat 3: Lachesis85 (big blind) folded before Flop
Seat 4: Joxxer88 folded on the Flop
Seat 5: badplains folded before Flop (didn't bet)
Seat 6: Texasmoney7 folded before Flop (didn't bet)
Seat 8: crazy_tay collected ($2.75)
Seat 9: erto13 folded before Flop (didn't bet)



PokerStars Game #19838213411:  Hold'em No Limit ($0.10/$0.25) - 2008/08/23 - 14:11:49 (ET)
Table 'Achilles V' 9-max Seat #2 is the button
Seat 1: Alameda22 ($23.85 in chips) 
Seat 2: OoDannyboyOo ($12.60 in chips) 
Seat 3: Lachesis85 ($25.60 in chips) 
Seat 4: Joxxer88 ($21.65 in chips) 
Seat 5: badplains ($9.10 in chips) 
Seat 6: Texasmoney7 ($10.45 in chips) 
Seat 8: crazy_tay ($23.25 in chips) 
Seat 9: erto13 ($101.80 in chips) 
Lachesis85: posts small blind $0.10
Joxxer88: posts big blind $0.25
daley5: sits out 
*** HOLE CARDS ***
Dealt to Alameda22 [Ad 6c]
badplains: folds 
Texasmoney7: folds 
crazy_tay: calls $0.25
erto13: folds 
Alameda22: folds 
OoDannyboyOo: folds 
Lachesis85: folds 
Joxxer88: checks 
*** FLOP *** [8c Kh 8h]
Joxxer88: checks 
crazy_tay: checks 
*** TURN *** [8c Kh 8h] [8s]
Joxxer88: checks 
crazy_tay: checks 
*** RIVER *** [8c Kh 8h 8s] [6s]
Joxxer88: checks 
crazy_tay: bets $0.50
Joxxer88: folds 
Uncalled bet ($0.50) returned to crazy_tay
crazy_tay collected $0.60 from pot
crazy_tay: doesn't show hand 
*** SUMMARY ***
Total pot $0.60 | Rake $0 
Board [8c Kh 8h 8s 6s]
Seat 1: Alameda22 folded before Flop (didn't bet)
Seat 2: OoDannyboyOo (button) folded before Flop (didn't bet)
Seat 3: Lachesis85 (small blind) folded before Flop
Seat 4: Joxxer88 (big blind) folded on the River
Seat 5: badplains folded before Flop (didn't bet)
Seat 6: Texasmoney7 folded before Flop (didn't bet)
Seat 8: crazy_tay collected ($0.60)
Seat 9: erto13 folded before Flop (didn't bet)



PokerStars Game #19838231391:  Hold'em No Limit ($0.10/$0.25) - 2008/08/23 - 14:12:36 (ET)
Table 'Achilles V' 9-max Seat #3 is the button
Seat 1: Alameda22 ($23.85 in chips) 
Seat 2: OoDannyboyOo ($12.60 in chips) 
Seat 3: Lachesis85 ($25.50 in chips) 
Seat 4: Joxxer88 ($21.40 in chips) 
Seat 5: badplains ($9.10 in chips) 
Seat 6: Texasmoney7 ($10.45 in chips) 
Seat 8: crazy_tay ($23.60 in chips) 
Seat 9: erto13 ($101.80 in chips) 
Joxxer88: posts small blind $0.10
badplains: posts big blind $0.25
daley5: sits out 
*** HOLE CARDS ***
Dealt to Alameda22 [6h 7s]
Texasmoney7: raises $0.50 to $0.75
crazy_tay: folds 
erto13: folds 
Alameda22: folds 
OoDannyboyOo: folds 
Lachesis85: folds 
Joxxer88: folds 
badplains: calls $0.50
*** FLOP *** [4h Jc Kd]
badplains: checks 
Texasmoney7: bets $1
badplains: calls $1
*** TURN *** [4h Jc Kd] [4s]
badplains: checks 
Texasmoney7: checks 
*** RIVER *** [4h Jc Kd 4s] [2c]
badplains: checks 
Texasmoney7: checks 
*** SHOW DOWN ***
badplains: shows [Qd Ac] (a pair of Fours)
Texasmoney7: shows [5d 5h] (two pair, Fives and Fours)
Texasmoney7 collected $3.45 from pot
*** SUMMARY ***
Total pot $3.60 | Rake $0.15 
Board [4h Jc Kd 4s 2c]
Seat 1: Alameda22 folded before Flop (didn't bet)
Seat 2: OoDannyboyOo folded before Flop (didn't bet)
Seat 3: Lachesis85 (button) folded before Flop (didn't bet)
Seat 4: Joxxer88 (small blind) folded before Flop
Seat 5: badplains (big blind) showed [Qd Ac] and lost with a pair of Fours
Seat 6: Texasmoney7 showed [5d 5h] and won ($3.45) with two pair, Fives and Fours
Seat 8: crazy_tay folded before Flop (didn't bet)
Seat 9: erto13 folded before Flop (didn't bet)



PokerStars Game #19838260663:  Hold'em No Limit ($0.10/$0.25) - 2008/08/23 - 14:13:54 (ET)
Table 'Achilles V' 9-max Seat #4 is the button
Seat 1: Alameda22 ($23.85 in chips) 
Seat 2: OoDannyboyOo ($12.60 in chips) 
Seat 3: Lachesis85 ($25.50 in chips) 
Seat 4: Joxxer88 ($21.30 in chips) 
Seat 5: badplains ($7.35 in chips) 
Seat 6: Texasmoney7 ($12.15 in chips) 
Seat 8: crazy_tay ($23.60 in chips) 
Seat 9: erto13 ($101.80 in chips) 
badplains: posts small blind $0.10
Texasmoney7: posts big blind $0.25
daley5: sits out 
*** HOLE CARDS ***
Dealt to Alameda22 [7h 2d]
crazy_tay: folds 
erto13: folds 
Alameda22: folds 
OoDannyboyOo: folds 
Lachesis85: folds 
Joxxer88: folds 
badplains: raises $0.25 to $0.50
Texasmoney7: calls $0.25
*** FLOP *** [8c Kc 5d]
badplains: bets $1
Texasmoney7: raises $1.50 to $2.50
badplains: raises $1.50 to $4
Texasmoney7: calls $1.50
*** TURN *** [8c Kc 5d] [4c]
badplains: bets $0.50
Texasmoney7: raises $1 to $1.50
badplains: calls $1
*** RIVER *** [8c Kc 5d 4c] [6c]
badplains: checks 
Texasmoney7: bets $1.75
badplains: calls $1.35 and is all-in
Uncalled bet ($0.40) returned to Texasmoney7
*** SHOW DOWN ***
Texasmoney7: shows [Jd Ks] (a pair of Kings)
badplains: shows [Tc Ts] (a flush, King high)
badplains collected $14 from pot
*** SUMMARY ***
Total pot $14.70 | Rake $0.70 
Board [8c Kc 5d 4c 6c]
Seat 1: Alameda22 folded before Flop (didn't bet)
Seat 2: OoDannyboyOo folded before Flop (didn't bet)
Seat 3: Lachesis85 folded before Flop (didn't bet)
Seat 4: Joxxer88 (button) folded before Flop (didn't bet)
Seat 5: badplains (small blind) showed [Tc Ts] and won ($14) with a flush, King high
Seat 6: Texasmoney7 (big blind) showed [Jd Ks] and lost with a pair of Kings
Seat 8: crazy_tay folded before Flop (didn't bet)
Seat 9: erto13 folded before Flop (didn't bet)



PokerStars Game #19838310027:  Hold'em No Limit ($0.10/$0.25) - 2008/08/23 - 14:16:02 (ET)
Table 'Achilles V' 9-max Seat #5 is the button
Seat 1: Alameda22 ($23.85 in chips) 
Seat 2: OoDannyboyOo ($12.60 in chips) 
Seat 3: Lachesis85 ($25.50 in chips) 
Seat 4: Joxxer88 ($21.30 in chips) 
Seat 5: badplains ($14 in chips) 
Seat 6: Texasmoney7 ($4.80 in chips) 
Seat 7: daley5 ($15 in chips) 
Seat 8: crazy_tay ($23.60 in chips) 
Seat 9: erto13 ($101.80 in chips) 
Texasmoney7: posts small blind $0.10
daley5: posts big blind $0.25
*** HOLE CARDS ***
Dealt to Alameda22 [8d 4d]
crazy_tay: folds 
erto13: folds 
Alameda22: folds 
OoDannyboyOo: folds 
Lachesis85: folds 
Joxxer88: folds 
badplains: calls $0.25
Texasmoney7: calls $0.15
daley5: checks 
*** FLOP *** [Ts 5d 7s]
Texasmoney7: checks 
daley5: checks 
badplains: checks 
*** TURN *** [Ts 5d 7s] [4s]
Texasmoney7: checks 
daley5: checks 
badplains: bets $0.50
Texasmoney7: folds 
daley5: calls $0.50
*** RIVER *** [Ts 5d 7s 4s] [Qh]
daley5: checks 
badplains: checks 
*** SHOW DOWN ***
daley5: shows [Qs 6d] (a pair of Queens)
badplains: mucks hand 
daley5 collected $1.70 from pot
*** SUMMARY ***
Total pot $1.75 | Rake $0.05 
Board [Ts 5d 7s 4s Qh]
Seat 1: Alameda22 folded before Flop (didn't bet)
Seat 2: OoDannyboyOo folded before Flop (didn't bet)
Seat 3: Lachesis85 folded before Flop (didn't bet)
Seat 4: Joxxer88 folded before Flop (didn't bet)
Seat 5: badplains (button) mucked [2c 3c]
Seat 6: Texasmoney7 (small blind) folded on the Turn
Seat 7: daley5 (big blind) showed [Qs 6d] and won ($1.70) with a pair of Queens
Seat 8: crazy_tay folded before Flop (didn't bet)
Seat 9: erto13 folded before Flop (didn't bet)



PokerStars Game #19838356515:  Hold'em No Limit ($0.10/$0.25) - 2008/08/23 - 14:18:02 (ET)
Table 'Achilles V' 9-max Seat #6 is the button
Seat 1: Alameda22 ($23.85 in chips) 
Seat 2: OoDannyboyOo ($12.60 in chips) 
Seat 3: Lachesis85 ($25.50 in chips) 
Seat 4: Joxxer88 ($21.30 in chips) 
Seat 5: badplains ($13.25 in chips) 
Seat 6: Texasmoney7 ($4.55 in chips) 
Seat 7: daley5 ($15.95 in chips) 
Seat 8: crazy_tay ($23.60 in chips) 
Seat 9: erto13 ($101.80 in chips) 
daley5: posts small blind $0.10
crazy_tay: posts big blind $0.25
*** HOLE CARDS ***
Dealt to Alameda22 [5c 6c]
erto13: folds 
Alameda22: folds 
OoDannyboyOo: folds 
Lachesis85: folds 
Joxxer88: folds 
badplains: calls $0.25
Texasmoney7: raises $0.50 to $0.75
daley5: folds 
crazy_tay: folds 
badplains: folds 
Uncalled bet ($0.50) returned to Texasmoney7
Texasmoney7 collected $0.85 from pot
*** SUMMARY ***
Total pot $0.85 | Rake $0 
Seat 1: Alameda22 folded before Flop (didn't bet)
Seat 2: OoDannyboyOo folded before Flop (didn't bet)
Seat 3: Lachesis85 folded before Flop (didn't bet)
Seat 4: Joxxer88 folded before Flop (didn't bet)
Seat 5: badplains folded before Flop
Seat 6: Texasmoney7 (button) collected ($0.85)
Seat 7: daley5 (small blind) folded before Flop
Seat 8: crazy_tay (big blind) folded before Flop
Seat 9: erto13 folded before Flop (didn't bet)



PokerStars Game #19838371823:  Hold'em No Limit ($0.10/$0.25) - 2008/08/23 - 14:18:42 (ET)
Table 'Achilles V' 9-max Seat #7 is the button
Seat 1: Alameda22 ($23.85 in chips) 
Seat 2: OoDannyboyOo ($12.60 in chips) 
Seat 3: Lachesis85 ($25.50 in chips) 
Seat 4: Joxxer88 ($21.30 in chips) 
Seat 5: badplains ($13 in chips) 
Seat 6: Texasmoney7 ($5.15 in chips) 
Seat 7: daley5 ($15.85 in chips) 
Seat 8: crazy_tay ($23.35 in chips) 
crazy_tay: posts small blind $0.10
erto13: is sitting out 
Alameda22: posts big blind $0.25
*** HOLE CARDS ***
Dealt to Alameda22 [2c 4s]
OoDannyboyOo: calls $0.25
Lachesis85: folds 
Joxxer88: folds 
erto13 leaves the table
badplains: calls $0.25
Texasmoney7: folds 
daley5: folds 
crazy_tay: calls $0.15
daley5 is sitting out
daley5 has returned
Alameda22: checks 
*** FLOP *** [Ks 2h 7h]
crazy_tay: checks 
Alameda22: checks 
OoDannyboyOo: checks 
badplains: checks 
*** TURN *** [Ks 2h 7h] [4h]
crazy_tay: checks 
Alameda22: bets $0.50
OoDannyboyOo: folds 
badplains: folds 
crazy_tay: folds 
Uncalled bet ($0.50) returned to Alameda22
Alameda22 collected $0.95 from pot
Alameda22: doesn't show hand 
*** SUMMARY ***
Total pot $1 | Rake $0.05 
Board [Ks 2h 7h 4h]
Seat 1: Alameda22 (big blind) collected ($0.95)
Seat 2: OoDannyboyOo folded on the Turn
Seat 3: Lachesis85 folded before Flop (didn't bet)
Seat 4: Joxxer88 folded before Flop (didn't bet)
Seat 5: badplains folded on the Turn
Seat 6: Texasmoney7 folded before Flop (didn't bet)
Seat 7: daley5 (button) folded before Flop (didn't bet)
Seat 8: crazy_tay (small blind) folded on the Turn



PokerStars Game #19838405175:  Hold'em No Limit ($0.10/$0.25) - 2008/08/23 - 14:20:09 (ET)
Table 'Achilles V' 9-max Seat #8 is the button
Seat 1: Alameda22 ($24.55 in chips) 
Seat 2: OoDannyboyOo ($12.35 in chips) 
Seat 3: Lachesis85 ($25.50 in chips) 
Seat 4: Joxxer88 ($21.30 in chips) 
Seat 5: badplains ($12.75 in chips) 
Seat 6: Texasmoney7 ($5.15 in chips) 
Seat 7: daley5 ($15.85 in chips) 
Seat 8: crazy_tay ($23.10 in chips) 
Alameda22: posts small blind $0.10
OoDannyboyOo: posts big blind $0.25
*** HOLE CARDS ***
Dealt to Alameda22 [Ah 5c]
Lachesis85: folds 
Joxxer88: folds 
badplains: calls $0.25
Texasmoney7: folds 
daley5: folds 
crazy_tay: folds 
Alameda22: folds 
Zensay joins the table at seat #9 
OoDannyboyOo: raises $0.50 to $0.75
badplains: calls $0.50
*** FLOP *** [4d 9s Ac]
OoDannyboyOo: checks 
badplains: checks 
*** TURN *** [4d 9s Ac] [4c]
OoDannyboyOo: bets $1.50
badplains: folds 
Uncalled bet ($1.50) returned to OoDannyboyOo
OoDannyboyOo collected $1.55 from pot
*** SUMMARY ***
Total pot $1.60 | Rake $0.05 
Board [4d 9s Ac 4c]
Seat 1: Alameda22 (small blind) folded before Flop
Seat 2: OoDannyboyOo (big blind) collected ($1.55)
Seat 3: Lachesis85 folded before Flop (didn't bet)
Seat 4: Joxxer88 folded before Flop (didn't bet)
Seat 5: badplains folded on the Turn
Seat 6: Texasmoney7 folded before Flop (didn't bet)
Seat 7: daley5 folded before Flop (didn't bet)
Seat 8: crazy_tay (button) folded before Flop (didn't bet)



PokerStars Game #19838426355:  Hold'em No Limit ($0.10/$0.25) - 2008/08/23 - 14:21:05 (ET)
Table 'Achilles V' 9-max Seat #1 is the button
Seat 1: Alameda22 ($24.45 in chips) 
Seat 2: OoDannyboyOo ($13.15 in chips) 
Seat 3: Lachesis85 ($25.50 in chips) 
Seat 4: Joxxer88 ($21.30 in chips) 
Seat 5: badplains ($12 in chips) 
Seat 6: Texasmoney7 ($5.15 in chips) 
Seat 7: daley5 ($15.85 in chips) 
Seat 8: crazy_tay ($23.10 in chips) 
Seat 9: Zensay ($25 in chips) 
OoDannyboyOo: posts small blind $0.10
Lachesis85: posts big blind $0.25
Zensay: posts big blind $0.25
*** HOLE CARDS ***
Dealt to Alameda22 [4d 3s]
Joxxer88: folds 
badplains: folds 
Texasmoney7: folds 
daley5: calls $0.25
crazy_tay: calls $0.25
Zensay: checks 
Alameda22: folds 
OoDannyboyOo: calls $0.15
Lachesis85: checks 
*** FLOP *** [Td Kd Qc]
OoDannyboyOo: bets $0.75
Lachesis85: calls $0.75
daley5: calls $0.75
crazy_tay: folds 
Zensay: calls $0.75
*** TURN *** [Td Kd Qc] [Jc]
OoDannyboyOo: bets $4
Lachesis85: folds 
daley5: raises $10.85 to $14.85 and is all-in
Zensay: folds 
OoDannyboyOo: calls $8.15 and is all-in
Uncalled bet ($2.70) returned to daley5
*** RIVER *** [Td Kd Qc Jc] [Ah]
*** SHOW DOWN ***
OoDannyboyOo: shows [9c Ac] (a straight, Ten to Ace)
daley5: shows [As Qh] (a straight, Ten to Ace)
OoDannyboyOo collected $13.60 from pot
daley5 collected $13.55 from pot
*** SUMMARY ***
Total pot $28.55 | Rake $1.40 
Board [Td Kd Qc Jc Ah]
Seat 1: Alameda22 (button) folded before Flop (didn't bet)
Seat 2: OoDannyboyOo (small blind) showed [9c Ac] and won ($13.60) with a straight, Ten to Ace
Seat 3: Lachesis85 (big blind) folded on the Turn
Seat 4: Joxxer88 folded before Flop (didn't bet)
Seat 5: badplains folded before Flop (didn't bet)
Seat 6: Texasmoney7 folded before Flop (didn't bet)
Seat 7: daley5 showed [As Qh] and won ($13.55) with a straight, Ten to Ace
Seat 8: crazy_tay folded on the Flop
Seat 9: Zensay folded on the Turn



PokerStars Game #19838462135:  Hold'em No Limit ($0.10/$0.25) - 2008/08/23 - 14:22:38 (ET)
Table 'Achilles V' 9-max Seat #2 is the button
Seat 1: Alameda22 ($24.45 in chips) 
Seat 2: OoDannyboyOo ($13.60 in chips) 
Seat 3: Lachesis85 ($24.50 in chips) 
Seat 4: Joxxer88 ($21.30 in chips) 
Seat 5: badplains ($12 in chips) 
Seat 6: Texasmoney7 ($5.15 in chips) 
Seat 7: daley5 ($16.25 in chips) 
Seat 8: crazy_tay ($22.85 in chips) 
Seat 9: Zensay ($24 in chips) 
Lachesis85: posts small blind $0.10
Joxxer88: posts big blind $0.25
*** HOLE CARDS ***
Dealt to Alameda22 [2c 6h]
badplains: folds 
Texasmoney7: folds 
daley5: folds 
crazy_tay: raises $0.50 to $0.75
Zensay: folds 
Alameda22: folds 
OoDannyboyOo: folds 
Lachesis85: folds 
Joxxer88: folds 
Uncalled bet ($0.50) returned to crazy_tay
crazy_tay collected $0.60 from pot
crazy_tay: doesn't show hand 
*** SUMMARY ***
Total pot $0.60 | Rake $0 
Seat 1: Alameda22 folded before Flop (didn't bet)
Seat 2: OoDannyboyOo (button) folded before Flop (didn't bet)
Seat 3: Lachesis85 (small blind) folded before Flop
Seat 4: Joxxer88 (big blind) folded before Flop
Seat 5: badplains folded before Flop (didn't bet)
Seat 6: Texasmoney7 folded before Flop (didn't bet)
Seat 7: daley5 folded before Flop (didn't bet)
Seat 8: crazy_tay collected ($0.60)
Seat 9: Zensay folded before Flop (didn't bet)



PokerStars Game #19838479295:  Hold'em No Limit ($0.10/$0.25) - 2008/08/23 - 14:23:22 (ET)
Table 'Achilles V' 9-max Seat #3 is the button
Seat 1: Alameda22 ($24.45 in chips) 
Seat 2: OoDannyboyOo ($13.60 in chips) 
Seat 3: Lachesis85 ($24.40 in chips) 
Seat 4: Joxxer88 ($21.05 in chips) 
Seat 5: badplains ($12 in chips) 
Seat 6: Texasmoney7 ($5.15 in chips) 
Seat 7: daley5 ($16.25 in chips) 
Seat 8: crazy_tay ($23.20 in chips) 
Seat 9: Zensay ($24 in chips) 
Joxxer88: posts small blind $0.10
badplains: posts big blind $0.25
*** HOLE CARDS ***
Dealt to Alameda22 [5c 7h]
Texasmoney7: folds 
daley5: folds 
crazy_tay: folds 
Zensay: calls $0.25
Alameda22: folds 
OoDannyboyOo: calls $0.25
Lachesis85: raises $1.25 to $1.50
Joxxer88: calls $1.40
badplains: folds 
Zensay: calls $1.25
OoDannyboyOo: folds 
*** FLOP *** [8s Jd 2s]
Joxxer88: checks 
Zensay: checks 
Lachesis85: checks 
*** TURN *** [8s Jd 2s] [4c]
Joxxer88: bets $3.25
Zensay: folds 
Lachesis85: folds 
Uncalled bet ($3.25) returned to Joxxer88
Joxxer88 collected $4.75 from pot
Joxxer88: doesn't show hand 
*** SUMMARY ***
Total pot $5 | Rake $0.25 
Board [8s Jd 2s 4c]
Seat 1: Alameda22 folded before Flop (didn't bet)
Seat 2: OoDannyboyOo folded before Flop
Seat 3: Lachesis85 (button) folded on the Turn
Seat 4: Joxxer88 (small blind) collected ($4.75)
Seat 5: badplains (big blind) folded before Flop
Seat 6: Texasmoney7 folded before Flop (didn't bet)
Seat 7: daley5 folded before Flop (didn't bet)
Seat 8: crazy_tay folded before Flop (didn't bet)
Seat 9: Zensay folded on the Turn



PokerStars Game #19838505261:  Hold'em No Limit ($0.10/$0.25) - 2008/08/23 - 14:24:29 (ET)
Table 'Achilles V' 9-max Seat #4 is the button
Seat 1: Alameda22 ($24.45 in chips) 
Seat 2: OoDannyboyOo ($13.35 in chips) 
Seat 3: Lachesis85 ($22.90 in chips) 
Seat 4: Joxxer88 ($24.30 in chips) 
Seat 5: badplains ($11.75 in chips) 
Seat 6: Texasmoney7 ($5.15 in chips) 
Seat 7: daley5 ($16.25 in chips) 
Seat 8: crazy_tay ($23.20 in chips) 
Seat 9: Zensay ($22.50 in chips) 
badplains: posts small blind $0.10
Texasmoney7: posts big blind $0.25
*** HOLE CARDS ***
Dealt to Alameda22 [Kh 3c]
daley5: folds 
crazy_tay: folds 
Zensay: folds 
Alameda22: folds 
OoDannyboyOo: folds 
Lachesis85: folds 
Joxxer88: folds 
badplains: calls $0.15
Texasmoney7: raises $0.25 to $0.50
badplains: calls $0.25
*** FLOP *** [Ks 7d 2h]
badplains: checks 
Texasmoney7: bets $0.50
badplains: folds 
Uncalled bet ($0.50) returned to Texasmoney7
Texasmoney7 collected $0.95 from pot
*** SUMMARY ***
Total pot $1 | Rake $0.05 
Board [Ks 7d 2h]
Seat 1: Alameda22 folded before Flop (didn't bet)
Seat 2: OoDannyboyOo folded before Flop (didn't bet)
Seat 3: Lachesis85 folded before Flop (didn't bet)
Seat 4: Joxxer88 (button) folded before Flop (didn't bet)
Seat 5: badplains (small blind) folded on the Flop
Seat 6: Texasmoney7 (big blind) collected ($0.95)
Seat 7: daley5 folded before Flop (didn't bet)
Seat 8: crazy_tay folded before Flop (didn't bet)
Seat 9: Zensay folded before Flop (didn't bet)



PokerStars Game #19838522066:  Hold'em No Limit ($0.10/$0.25) - 2008/08/23 - 14:25:13 (ET)
Table 'Achilles V' 9-max Seat #5 is the button
Seat 1: Alameda22 ($24.45 in chips) 
Seat 2: OoDannyboyOo ($13.35 in chips) 
Seat 3: Lachesis85 ($22.90 in chips) 
Seat 4: Joxxer88 ($24.30 in chips) 
Seat 5: badplains ($11.25 in chips) 
Seat 6: Texasmoney7 ($5.60 in chips) 
Seat 8: crazy_tay ($23.20 in chips) 
Seat 9: Zensay ($22.50 in chips) 
Texasmoney7: posts small blind $0.10
daley5: is sitting out 
crazy_tay: posts big blind $0.25
*** HOLE CARDS ***
Dealt to Alameda22 [8c Ts]
daley5 leaves the table
Zensay: folds 
Alameda22: folds 
OoDannyboyOo: folds 
Lachesis85: folds 
Joxxer88: folds 
badplains: calls $0.25
Texasmoney7: raises $0.50 to $0.75
crazy_tay: folds 
badplains: calls $0.50
*** FLOP *** [Tc Jh Kc]
onenoc joins the table at seat #7 
Texasmoney7: checks 
badplains: bets $0.50
Texasmoney7: raises $0.75 to $1.25
badplains: raises $0.75 to $2
Texasmoney7: raises $2.85 to $4.85 and is all-in
badplains: calls $2.85
*** TURN *** [Tc Jh Kc] [7s]
*** RIVER *** [Tc Jh Kc 7s] [6s]
*** SHOW DOWN ***
Texasmoney7: shows [Qh Qd] (a pair of Queens)
badplains: mucks hand 
Texasmoney7 collected $10.90 from pot
*** SUMMARY ***
Total pot $11.45 | Rake $0.55 
Board [Tc Jh Kc 7s 6s]
Seat 1: Alameda22 folded before Flop (didn't bet)
Seat 2: OoDannyboyOo folded before Flop (didn't bet)
Seat 3: Lachesis85 folded before Flop (didn't bet)
Seat 4: Joxxer88 folded before Flop (didn't bet)
Seat 5: badplains (button) mucked [3h As]
Seat 6: Texasmoney7 (small blind) showed [Qh Qd] and won ($10.90) with a pair of Queens
Seat 8: crazy_tay (big blind) folded before Flop
Seat 9: Zensay folded before Flop (didn't bet)



PokerStars Game #19838550256:  Hold'em No Limit ($0.10/$0.25) - 2008/08/23 - 14:26:27 (ET)
Table 'Achilles V' 9-max Seat #6 is the button
Seat 1: Alameda22 ($24.45 in chips) 
Seat 2: OoDannyboyOo ($13.35 in chips) 
Seat 3: Lachesis85 ($22.90 in chips) 
Seat 4: Joxxer88 ($24.30 in chips) 
Seat 5: badplains ($5.65 in chips) 
Seat 6: Texasmoney7 ($10.90 in chips) 
Seat 8: crazy_tay ($22.95 in chips) 
Seat 9: Zensay ($22.50 in chips) 
onenoc will be allowed to play after the button
crazy_tay: posts small blind $0.10
Zensay: posts big blind $0.25
*** HOLE CARDS ***
Dealt to Alameda22 [9h Js]
Alameda22: folds 
OoDannyboyOo: calls $0.25
Lachesis85: folds 
Joxxer88: folds 
badplains: folds 
Texasmoney7: raises $0.50 to $0.75
crazy_tay: folds 
Zensay: folds 
OoDannyboyOo: calls $0.50
*** FLOP *** [6h Kh 7h]
OoDannyboyOo: checks 
Texasmoney7: bets $0.75
OoDannyboyOo: raises $1.25 to $2
Texasmoney7: folds 
Uncalled bet ($1.25) returned to OoDannyboyOo
OoDannyboyOo collected $3.20 from pot
OoDannyboyOo: doesn't show hand 
*** SUMMARY ***
Total pot $3.35 | Rake $0.15 
Board [6h Kh 7h]
Seat 1: Alameda22 folded before Flop (didn't bet)
Seat 2: OoDannyboyOo collected ($3.20)
Seat 3: Lachesis85 folded before Flop (didn't bet)
Seat 4: Joxxer88 folded before Flop (didn't bet)
Seat 5: badplains folded before Flop (didn't bet)
Seat 6: Texasmoney7 (button) folded on the Flop
Seat 8: crazy_tay (small blind) folded before Flop
Seat 9: Zensay (big blind) folded before Flop



PokerStars Game #19838568726:  Hold'em No Limit ($0.10/$0.25) - 2008/08/23 - 14:27:15 (ET)
Table 'Achilles V' 9-max Seat #8 is the button
Seat 1: Alameda22 ($24.45 in chips) 
Seat 2: OoDannyboyOo ($15.05 in chips) 
Seat 3: Lachesis85 ($22.90 in chips) 
Seat 4: Joxxer88 ($24.30 in chips) 
Seat 5: badplains ($5.65 in chips) 
Seat 6: Texasmoney7 ($9.40 in chips) 
Seat 8: crazy_tay ($22.85 in chips) 
Seat 9: Zensay ($22.25 in chips) 
Zensay: posts small blind $0.10
Alameda22: posts big blind $0.25
onenoc: sits out 
*** HOLE CARDS ***
Dealt to Alameda22 [3c 5c]
OoDannyboyOo: folds 
Lachesis85: folds 
Joxxer88: folds 
badplains: folds 
Texasmoney7: folds 
crazy_tay: folds 
Zensay: calls $0.15
Alameda22: checks 
*** FLOP *** [9s 9h 9c]
Zensay: checks 
Alameda22: bets $0.25
Zensay: calls $0.25
*** TURN *** [9s 9h 9c] [7s]
Zensay: checks 
Alameda22: bets $0.75
Zensay: raises $1.75 to $2.50
Alameda22: folds 
Uncalled bet ($1.75) returned to Zensay
Zensay collected $2.40 from pot
Zensay: shows [7c 4c] (a full house, Nines full of Sevens)
*** SUMMARY ***
Total pot $2.50 | Rake $0.10 
Board [9s 9h 9c 7s]
Seat 1: Alameda22 (big blind) folded on the Turn
Seat 2: OoDannyboyOo folded before Flop (didn't bet)
Seat 3: Lachesis85 folded before Flop (didn't bet)
Seat 4: Joxxer88 folded before Flop (didn't bet)
Seat 5: badplains folded before Flop (didn't bet)
Seat 6: Texasmoney7 folded before Flop (didn't bet)
Seat 8: crazy_tay (button) folded before Flop (didn't bet)
Seat 9: Zensay (small blind) collected ($2.40)



PokerStars Game #19838591111:  Hold'em No Limit ($0.10/$0.25) - 2008/08/23 - 14:28:14 (ET)
Table 'Achilles V' 9-max Seat #9 is the button
Seat 1: Alameda22 ($23.20 in chips) 
Seat 2: OoDannyboyOo ($15.05 in chips) 
Seat 3: Lachesis85 ($22.90 in chips) 
Seat 4: Joxxer88 ($24.30 in chips) 
Seat 5: badplains ($5.65 in chips) 
Seat 6: Texasmoney7 ($9.40 in chips) 
Seat 8: crazy_tay ($22.85 in chips) 
Seat 9: Zensay ($23.40 in chips) 
Alameda22: posts small blind $0.10
OoDannyboyOo: posts big blind $0.25
onenoc: sits out 
*** HOLE CARDS ***
Dealt to Alameda22 [Qs 3d]
Lachesis85: folds 
Joxxer88: folds 
Lachesis85 leaves the table
badplains: folds 
Texasmoney7: calls $0.25
crazy_tay: folds 
Zensay: folds 
Alameda22: folds 
OoDannyboyOo: checks 
*** FLOP *** [8s 9h 8h]
OoDannyboyOo: bets $0.50
Texasmoney7: calls $0.50
*** TURN *** [8s 9h 8h] [Ks]
silver2871 joins the table at seat #3 
OoDannyboyOo: bets $0.50
Texasmoney7: calls $0.50
*** RIVER *** [8s 9h 8h Ks] [Tc]
OoDannyboyOo: bets $0.50
Texasmoney7: calls $0.50
*** SHOW DOWN ***
OoDannyboyOo: shows [4c 9s] (two pair, Nines and Eights)
Texasmoney7: shows [Td Ah] (two pair, Tens and Eights)
Texasmoney7 collected $3.45 from pot
*** SUMMARY ***
Total pot $3.60 | Rake $0.15 
Board [8s 9h 8h Ks Tc]
Seat 1: Alameda22 (small blind) folded before Flop
Seat 2: OoDannyboyOo (big blind) showed [4c 9s] and lost with two pair, Nines and Eights
Seat 3: Lachesis85 folded before Flop (didn't bet)
Seat 4: Joxxer88 folded before Flop (didn't bet)
Seat 5: badplains folded before Flop (didn't bet)
Seat 6: Texasmoney7 showed [Td Ah] and won ($3.45) with two pair, Tens and Eights
Seat 8: crazy_tay folded before Flop (didn't bet)
Seat 9: Zensay (button) folded before Flop (didn't bet)



PokerStars Game #19838609178:  Hold'em No Limit ($0.10/$0.25) - 2008/08/23 - 14:29:01 (ET)
Table 'Achilles V' 9-max Seat #1 is the button
Seat 1: Alameda22 ($23.10 in chips) 
Seat 2: OoDannyboyOo ($13.30 in chips) 
Seat 3: silver2871 ($25 in chips) 
Seat 4: Joxxer88 ($24.30 in chips) 
Seat 5: badplains ($5.65 in chips) 
Seat 6: Texasmoney7 ($11.10 in chips) 
Seat 8: crazy_tay ($22.85 in chips) 
Seat 9: Zensay ($23.40 in chips) 
OoDannyboyOo: posts small blind $0.10
silver2871: posts big blind $0.25
onenoc: sits out 
*** HOLE CARDS ***
Dealt to Alameda22 [7s 6s]
Joxxer88: folds 
badplains: calls $0.25
Texasmoney7: calls $0.25
crazy_tay: calls $0.25
Zensay: folds 
Alameda22: calls $0.25
OoDannyboyOo: raises $0.75 to $1
silver2871: calls $0.75
badplains: folds 
Texasmoney7: folds 
crazy_tay: calls $0.75
Alameda22: calls $0.75
*** FLOP *** [3d 6d 3c]
OoDannyboyOo: bets $1
silver2871: calls $1
crazy_tay: folds 
Alameda22: calls $1
*** TURN *** [3d 6d 3c] [2s]
OoDannyboyOo: bets $4
silver2871: folds 
Alameda22: raises $15.25 to $19.25
OoDannyboyOo: calls $7.30 and is all-in
Uncalled bet ($7.95) returned to Alameda22
*** RIVER *** [3d 6d 3c 2s] [3s]
*** SHOW DOWN ***
OoDannyboyOo: shows [Th Ad] (three of a kind, Threes)
Alameda22: shows [7s 6s] (a full house, Threes full of Sixes)
Alameda22 collected $28.65 from pot
*** SUMMARY ***
Total pot $30.10 | Rake $1.45 
Board [3d 6d 3c 2s 3s]
Seat 1: Alameda22 (button) showed [7s 6s] and won ($28.65) with a full house, Threes full of Sixes
Seat 2: OoDannyboyOo (small blind) showed [Th Ad] and lost with three of a kind, Threes
Seat 3: silver2871 (big blind) folded on the Turn
Seat 4: Joxxer88 folded before Flop (didn't bet)
Seat 5: badplains folded before Flop
Seat 6: Texasmoney7 folded before Flop
Seat 8: crazy_tay folded on the Flop
Seat 9: Zensay folded before Flop (didn't bet)



PokerStars Game #19838663385:  Hold'em No Limit ($0.10/$0.25) - 2008/08/23 - 14:31:22 (ET)
Table 'Achilles V' 9-max Seat #3 is the button
Seat 1: Alameda22 ($38.45 in chips) 
Seat 3: silver2871 ($23 in chips) 
Seat 4: Joxxer88 ($24.30 in chips) 
Seat 5: badplains ($5.40 in chips) 
Seat 6: Texasmoney7 ($10.85 in chips) 
Seat 8: crazy_tay ($21.85 in chips) 
Seat 9: Zensay ($23.40 in chips) 
Joxxer88: posts small blind $0.10
OoDannyboyOo has returned
badplains: posts big blind $0.25
onenoc: sits out 
*** HOLE CARDS ***
Dealt to Alameda22 [6c Jd]
OoDannyboyOo leaves the table
Texasmoney7: calls $0.25
crazy_tay: folds 
Zensay: raises $0.75 to $1
Alameda22: folds 
silver2871: folds 
Joxxer88: folds 
badplains: folds 
Texasmoney7: calls $0.75
*** FLOP *** [Ad 4c 8s]
Texasmoney7: checks 
Zensay: bets $1.50
Texasmoney7: folds 
Uncalled bet ($1.50) returned to Zensay
Zensay collected $2.25 from pot
Zensay: doesn't show hand 
*** SUMMARY ***
Total pot $2.35 | Rake $0.10 
Board [Ad 4c 8s]
Seat 1: Alameda22 folded before Flop (didn't bet)
Seat 3: silver2871 (button) folded before Flop (didn't bet)
Seat 4: Joxxer88 (small blind) folded before Flop
Seat 5: badplains (big blind) folded before Flop
Seat 6: Texasmoney7 folded on the Flop
Seat 8: crazy_tay folded before Flop (didn't bet)
Seat 9: Zensay collected ($2.25)



PokerStars Game #19838683775:  Hold'em No Limit ($0.10/$0.25) - 2008/08/23 - 14:32:16 (ET)
Table 'Achilles V' 9-max Seat #4 is the button
Seat 1: Alameda22 ($38.45 in chips) 
Seat 3: silver2871 ($23 in chips) 
Seat 4: Joxxer88 ($24.20 in chips) 
Seat 5: badplains ($5.15 in chips) 
Seat 6: Texasmoney7 ($9.85 in chips) 
Seat 8: crazy_tay ($21.85 in chips) 
Seat 9: Zensay ($24.65 in chips) 
badplains: posts small blind $0.10
Texasmoney7: posts big blind $0.25
onenoc: sits out 
*** HOLE CARDS ***
Dealt to Alameda22 [9s 3s]
crazy_tay: folds 
Zensay: folds 
Alameda22: folds 
Kamillentee joins the table at seat #2 
silver2871: folds 
Joxxer88: folds 
badplains: folds 
Uncalled bet ($0.15) returned to Texasmoney7
Texasmoney7 collected $0.20 from pot
*** SUMMARY ***
Total pot $0.20 | Rake $0 
Seat 1: Alameda22 folded before Flop (didn't bet)
Seat 3: silver2871 folded before Flop (didn't bet)
Seat 4: Joxxer88 (button) folded before Flop (didn't bet)
Seat 5: badplains (small blind) folded before Flop
Seat 6: Texasmoney7 (big blind) collected ($0.20)
Seat 8: crazy_tay folded before Flop (didn't bet)
Seat 9: Zensay folded before Flop (didn't bet)



PokerStars Game #19838695519:  Hold'em No Limit ($0.10/$0.25) - 2008/08/23 - 14:32:47 (ET)
Table 'Achilles V' 9-max Seat #5 is the button
Seat 1: Alameda22 ($38.45 in chips) 
Seat 2: Kamillentee ($25 in chips) 
Seat 3: silver2871 ($25 in chips) 
Seat 4: Joxxer88 ($24.20 in chips) 
Seat 5: badplains ($5.05 in chips) 
Seat 6: Texasmoney7 ($9.95 in chips) 
Seat 7: onenoc ($25 in chips) 
Seat 8: crazy_tay ($21.85 in chips) 
Seat 9: Zensay ($24.65 in chips) 
Texasmoney7: posts small blind $0.10
onenoc: posts big blind $0.25
Kamillentee: posts big blind $0.25
*** HOLE CARDS ***
Dealt to Alameda22 [Jd 5h]
crazy_tay: folds 
Zensay: folds 
Alameda22: folds 
Kamillentee: checks 
silver2871: calls $0.25
Joxxer88: folds 
badplains: folds 
Texasmoney7: calls $0.15
onenoc: checks 
*** FLOP *** [7c Qs 4c]
Texasmoney7: checks 
onenoc: checks 
Kamillentee: checks 
silver2871: checks 
*** TURN *** [7c Qs 4c] [7s]
Texasmoney7: checks 
onenoc: checks 
Kamillentee: checks 
silver2871: bets $0.75
Texasmoney7: folds 
onenoc: folds 
Kamillentee: folds 
Uncalled bet ($0.75) returned to silver2871
silver2871 collected $0.95 from pot
*** SUMMARY ***
Total pot $1 | Rake $0.05 
Board [7c Qs 4c 7s]
Seat 1: Alameda22 folded before Flop (didn't bet)
Seat 2: Kamillentee folded on the Turn
Seat 3: silver2871 collected ($0.95)
Seat 4: Joxxer88 folded before Flop (didn't bet)
Seat 5: badplains (button) folded before Flop (didn't bet)
Seat 6: Texasmoney7 (small blind) folded on the Turn
Seat 7: onenoc (big blind) folded on the Turn
Seat 8: crazy_tay folded before Flop (didn't bet)
Seat 9: Zensay folded before Flop (didn't bet)



PokerStars Game #19838725899:  Hold'em No Limit ($0.10/$0.25) - 2008/08/23 - 14:34:07 (ET)
Table 'Achilles V' 9-max Seat #6 is the button
Seat 1: Alameda22 ($38.45 in chips) 
Seat 2: Kamillentee ($24.75 in chips) 
Seat 3: silver2871 ($25.70 in chips) 
Seat 4: Joxxer88 ($24.20 in chips) 
Seat 5: badplains ($5.05 in chips) 
Seat 6: Texasmoney7 ($9.70 in chips) 
Seat 7: onenoc ($25 in chips) 
Seat 8: crazy_tay ($21.85 in chips) 
Seat 9: Zensay ($24.65 in chips) 
onenoc: posts small blind $0.10
crazy_tay: posts big blind $0.25
*** HOLE CARDS ***
Dealt to Alameda22 [7c 5d]
Zensay: folds 
Alameda22: folds 
Kamillentee: raises $0.75 to $1
silver2871: folds 
Joxxer88: calls $1
badplains: folds 
Texasmoney7: folds 
onenoc: folds 
crazy_tay: folds 
*** FLOP *** [Th 2c 7d]
Texasmoney7 leaves the table
Kamillentee: bets $1.25
Joxxer88: folds 
Uncalled bet ($1.25) returned to Kamillentee
Kamillentee collected $2.25 from pot
Kamillentee: doesn't show hand 
*** SUMMARY ***
Total pot $2.35 | Rake $0.10 
Board [Th 2c 7d]
Seat 1: Alameda22 folded before Flop (didn't bet)
Seat 2: Kamillentee collected ($2.25)
Seat 3: silver2871 folded before Flop (didn't bet)
Seat 4: Joxxer88 folded on the Flop
Seat 5: badplains folded before Flop (didn't bet)
Seat 6: Texasmoney7 (button) folded before Flop (didn't bet)
Seat 7: onenoc (small blind) folded before Flop
Seat 8: crazy_tay (big blind) folded before Flop
Seat 9: Zensay folded before Flop (didn't bet)



PokerStars Game #19838745996:  Hold'em No Limit ($0.10/$0.25) - 2008/08/23 - 14:35:00 (ET)
Table 'Achilles V' 9-max Seat #7 is the button
Seat 1: Alameda22 ($38.45 in chips) 
Seat 2: Kamillentee ($26 in chips) 
Seat 3: silver2871 ($25.70 in chips) 
Seat 4: Joxxer88 ($23.20 in chips) 
Seat 5: badplains ($5.05 in chips) 
Seat 7: onenoc ($24.90 in chips) 
Seat 8: crazy_tay ($21.60 in chips) 
Seat 9: Zensay ($24.65 in chips) 
crazy_tay: posts small blind $0.10
Zensay: posts big blind $0.25
*** HOLE CARDS ***
Dealt to Alameda22 [3d 3c]
Alameda22: folds 
Kamillentee: folds 
silver2871: folds 
Joxxer88: folds 
badplains: raises $0.25 to $0.50
onenoc: folds 
crazy_tay: folds 
Zensay: calls $0.25
*** FLOP *** [4h Tc 6h]
Zensay: checks 
badplains: bets $2.25
Zensay: folds 
Uncalled bet ($2.25) returned to badplains
badplains collected $1.05 from pot
*** SUMMARY ***
Total pot $1.10 | Rake $0.05 
Board [4h Tc 6h]
Seat 1: Alameda22 folded before Flop (didn't bet)
Seat 2: Kamillentee folded before Flop (didn't bet)
Seat 3: silver2871 folded before Flop (didn't bet)
Seat 4: Joxxer88 folded before Flop (didn't bet)
Seat 5: badplains collected ($1.05)
Seat 7: onenoc (button) folded before Flop (didn't bet)
Seat 8: crazy_tay (small blind) folded before Flop
Seat 9: Zensay (big blind) folded on the Flop



PokerStars Game #19838763437:  Hold'em No Limit ($0.10/$0.25) - 2008/08/23 - 14:35:46 (ET)
Table 'Achilles V' 9-max Seat #8 is the button
Seat 1: Alameda22 ($38.45 in chips) 
Seat 2: Kamillentee ($26 in chips) 
Seat 3: silver2871 ($25.70 in chips) 
Seat 4: Joxxer88 ($23.20 in chips) 
Seat 5: badplains ($5.60 in chips) 
Seat 7: onenoc ($25 in chips) 
Seat 8: crazy_tay ($21.50 in chips) 
Seat 9: Zensay ($24.15 in chips) 
Zensay: posts small blind $0.10
Alameda22: posts big blind $0.25
*** HOLE CARDS ***
Dealt to Alameda22 [8d 9c]
Kamillentee: folds 
silver2871: calls $0.25
Joxxer88: folds 
badplains: raises $0.25 to $0.50
onenoc: folds 
crazy_tay: folds 
Zensay: folds 
Alameda22: folds 
silver2871: calls $0.25
*** FLOP *** [3s 7h Jc]
silver2871: checks 
badplains: checks 
*** TURN *** [3s 7h Jc] [2d]
silver2871: bets $1
badplains: folds 
Uncalled bet ($1) returned to silver2871
silver2871 collected $1.30 from pot
*** SUMMARY ***
Total pot $1.35 | Rake $0.05 
Board [3s 7h Jc 2d]
Seat 1: Alameda22 (big blind) folded before Flop
Seat 2: Kamillentee folded before Flop (didn't bet)
Seat 3: silver2871 collected ($1.30)
Seat 4: Joxxer88 folded before Flop (didn't bet)
Seat 5: badplains folded on the Turn
Seat 7: onenoc folded before Flop (didn't bet)
Seat 8: crazy_tay (button) folded before Flop (didn't bet)
Seat 9: Zensay (small blind) folded before Flop



PokerStars Game #19838784603:  Hold'em No Limit ($0.10/$0.25) - 2008/08/23 - 14:36:43 (ET)
Table 'Achilles V' 9-max Seat #9 is the button
Seat 1: Alameda22 ($38.20 in chips) 
Seat 2: Kamillentee ($26 in chips) 
Seat 3: silver2871 ($26.50 in chips) 
Seat 4: Joxxer88 ($23.20 in chips) 
Seat 5: badplains ($5.10 in chips) 
Seat 7: onenoc ($25 in chips) 
Seat 8: crazy_tay ($21.50 in chips) 
Seat 9: Zensay ($24.05 in chips) 
Alameda22: posts small blind $0.10
Kamillentee: posts big blind $0.25
*** HOLE CARDS ***
Dealt to Alameda22 [9h 2h]
silver2871: raises $0.50 to $0.75
Joxxer88: folds 
badplains: folds 
onenoc: folds 
crazy_tay: folds 
Zensay: folds 
Alameda22: folds 
chef nasty joins the table at seat #6 
Kamillentee: folds 
Uncalled bet ($0.50) returned to silver2871
silver2871 collected $0.60 from pot
*** SUMMARY ***
Total pot $0.60 | Rake $0 
Seat 1: Alameda22 (small blind) folded before Flop
Seat 2: Kamillentee (big blind) folded before Flop
Seat 3: silver2871 collected ($0.60)
Seat 4: Joxxer88 folded before Flop (didn't bet)
Seat 5: badplains folded before Flop (didn't bet)
Seat 7: onenoc folded before Flop (didn't bet)
Seat 8: crazy_tay folded before Flop (didn't bet)
Seat 9: Zensay (button) folded before Flop (didn't bet)



PokerStars Game #19838795522:  Hold'em No Limit ($0.10/$0.25) - 2008/08/23 - 14:37:12 (ET)
Table 'Achilles V' 9-max Seat #1 is the button
Seat 1: Alameda22 ($38.10 in chips) 
Seat 2: Kamillentee ($25.75 in chips) 
Seat 3: silver2871 ($26.85 in chips) 
Seat 4: Joxxer88 ($23.20 in chips) 
Seat 5: badplains ($5.10 in chips) 
Seat 6: chef nasty ($15 in chips) 
Seat 7: onenoc ($25 in chips) 
Seat 8: crazy_tay ($21.50 in chips) 
Seat 9: Zensay ($24.05 in chips) 
Kamillentee: posts small blind $0.10
silver2871: posts big blind $0.25
chef nasty: posts big blind $0.25
*** HOLE CARDS ***
Dealt to Alameda22 [Kc 3h]
Joxxer88: calls $0.25
badplains: calls $0.25
chef nasty: checks 
onenoc: folds 
crazy_tay: folds 
Zensay: folds 
Alameda22: folds 
Kamillentee: folds 
silver2871: checks 
*** FLOP *** [6d Qh Qd]
silver2871: checks 
Joxxer88: checks 
badplains: bets $0.25
chef nasty: folds 
silver2871: folds 
Joxxer88: folds 
Uncalled bet ($0.25) returned to badplains
badplains collected $1.05 from pot
*** SUMMARY ***
Total pot $1.10 | Rake $0.05 
Board [6d Qh Qd]
Seat 1: Alameda22 (button) folded before Flop (didn't bet)
Seat 2: Kamillentee (small blind) folded before Flop
Seat 3: silver2871 (big blind) folded on the Flop
Seat 4: Joxxer88 folded on the Flop
Seat 5: badplains collected ($1.05)
Seat 6: chef nasty folded on the Flop
Seat 7: onenoc folded before Flop (didn't bet)
Seat 8: crazy_tay folded before Flop (didn't bet)
Seat 9: Zensay folded before Flop (didn't bet)



PokerStars Game #19838831341:  Hold'em No Limit ($0.10/$0.25) - 2008/08/23 - 14:38:47 (ET)
Table 'Achilles V' 9-max Seat #2 is the button
Seat 1: Alameda22 ($38.10 in chips) 
Seat 2: Kamillentee ($25.65 in chips) 
Seat 3: silver2871 ($26.60 in chips) 
Seat 4: Joxxer88 ($22.95 in chips) 
Seat 5: badplains ($5.90 in chips) 
Seat 6: chef nasty ($14.75 in chips) 
Seat 7: onenoc ($25 in chips) 
Seat 8: crazy_tay ($21.50 in chips) 
Seat 9: Zensay ($24.05 in chips) 
silver2871: posts small blind $0.10
Joxxer88: posts big blind $0.25
*** HOLE CARDS ***
Dealt to Alameda22 [7h 4d]
badplains: folds 
chef nasty: folds 
onenoc: folds 
crazy_tay: folds 
Zensay: folds 
Alameda22: folds 
Kamillentee: raises $0.50 to $0.75
silver2871: calls $0.65
Joxxer88: folds 
*** FLOP *** [Th Js 2d]
silver2871: checks 
Kamillentee: bets $1.25
silver2871: calls $1.25
*** TURN *** [Th Js 2d] [4h]
silver2871: checks 
Kamillentee: bets $1.75
silver2871: calls $1.75
*** RIVER *** [Th Js 2d 4h] [Ad]
silver2871: checks 
Kamillentee: bets $2.50
silver2871: calls $2.50
*** SHOW DOWN ***
Kamillentee: shows [8c 5s] (high card Ace)
silver2871: shows [Jd Kc] (a pair of Jacks)
silver2871 collected $12.15 from pot
*** SUMMARY ***
Total pot $12.75 | Rake $0.60 
Board [Th Js 2d 4h Ad]
Seat 1: Alameda22 folded before Flop (didn't bet)
Seat 2: Kamillentee (button) showed [8c 5s] and lost with high card Ace
Seat 3: silver2871 (small blind) showed [Jd Kc] and won ($12.15) with a pair of Jacks
Seat 4: Joxxer88 (big blind) folded before Flop
Seat 5: badplains folded before Flop (didn't bet)
Seat 6: chef nasty folded before Flop (didn't bet)
Seat 7: onenoc folded before Flop (didn't bet)
Seat 8: crazy_tay folded before Flop (didn't bet)
Seat 9: Zensay folded before Flop (didn't bet)



PokerStars Game #19838870907:  Hold'em No Limit ($0.10/$0.25) - 2008/08/23 - 14:40:31 (ET)
Table 'Achilles V' 9-max Seat #3 is the button
Seat 1: Alameda22 ($38.10 in chips) 
Seat 2: Kamillentee ($19.40 in chips) 
Seat 3: silver2871 ($32.50 in chips) 
Seat 4: Joxxer88 ($22.70 in chips) 
Seat 5: badplains ($5.90 in chips) 
Seat 6: chef nasty ($14.75 in chips) 
Seat 7: onenoc ($25 in chips) 
Seat 8: crazy_tay ($21.50 in chips) 
Seat 9: Zensay ($24.05 in chips) 
Joxxer88: posts small blind $0.10
badplains: posts big blind $0.25
*** HOLE CARDS ***
Dealt to Alameda22 [9h 6h]
chef nasty: raises $0.75 to $1
onenoc: folds 
crazy_tay: folds 
Zensay: folds 
Alameda22: folds 
Kamillentee: folds 
silver2871 has timed out
silver2871: folds 
silver2871 is sitting out
Joxxer88: folds 
badplains: folds 
Uncalled bet ($0.75) returned to chef nasty
chef nasty collected $0.60 from pot
*** SUMMARY ***
Total pot $0.60 | Rake $0 
Seat 1: Alameda22 folded before Flop (didn't bet)
Seat 2: Kamillentee folded before Flop (didn't bet)
Seat 3: silver2871 (button) folded before Flop (didn't bet)
Seat 4: Joxxer88 (small blind) folded before Flop
Seat 5: badplains (big blind) folded before Flop
Seat 6: chef nasty collected ($0.60)
Seat 7: onenoc folded before Flop (didn't bet)
Seat 8: crazy_tay folded before Flop (didn't bet)
Seat 9: Zensay folded before Flop (didn't bet)



PokerStars Game #19838897892:  Hold'em No Limit ($0.10/$0.25) - 2008/08/23 - 14:41:41 (ET)
Table 'Achilles V' 9-max Seat #4 is the button
Seat 1: Alameda22 ($38.10 in chips) 
Seat 2: Kamillentee ($19.40 in chips) 
Seat 4: Joxxer88 ($22.60 in chips) 
Seat 5: badplains ($5.65 in chips) 
Seat 6: chef nasty ($15.10 in chips) 
Seat 7: onenoc ($25 in chips) 
Seat 8: crazy_tay ($21.50 in chips) 
Seat 9: Zensay ($24.05 in chips) 
badplains: posts small blind $0.10
chef nasty: posts big blind $0.25
*** HOLE CARDS ***
Dealt to Alameda22 [As 9d]
onenoc: folds 
crazy_tay: folds 
Zensay: folds 
Alameda22: folds 
Kamillentee: folds 
Joxxer88: folds 
badplains: calls $0.15
chef nasty: checks 
*** FLOP *** [2c 3d 4d]
badplains: checks 
chef nasty: checks 
*** TURN *** [2c 3d 4d] [4s]
badplains: checks 
chef nasty: checks 
*** RIVER *** [2c 3d 4d 4s] [6d]
badplains: checks 
chef nasty: bets $0.50
badplains: folds 
Uncalled bet ($0.50) returned to chef nasty
chef nasty collected $0.50 from pot
chef nasty: doesn't show hand 
*** SUMMARY ***
Total pot $0.50 | Rake $0 
Board [2c 3d 4d 4s 6d]
Seat 1: Alameda22 folded before Flop (didn't bet)
Seat 2: Kamillentee folded before Flop (didn't bet)
Seat 4: Joxxer88 (button) folded before Flop (didn't bet)
Seat 5: badplains (small blind) folded on the River
Seat 6: chef nasty (big blind) collected ($0.50)
Seat 7: onenoc folded before Flop (didn't bet)
Seat 8: crazy_tay folded before Flop (didn't bet)
Seat 9: Zensay folded before Flop (didn't bet)



PokerStars Game #19838927559:  Hold'em No Limit ($0.10/$0.25) - 2008/08/23 - 14:42:58 (ET)
Table 'Achilles V' 9-max Seat #5 is the button
Seat 1: Alameda22 ($38.10 in chips) 
Seat 2: Kamillentee ($19.40 in chips) 
Seat 4: Joxxer88 ($22.60 in chips) 
Seat 5: badplains ($5.40 in chips) 
Seat 6: chef nasty ($15.35 in chips) 
Seat 7: onenoc ($25 in chips) 
Seat 8: crazy_tay ($21.50 in chips) 
Seat 9: Zensay ($24.05 in chips) 
chef nasty: posts small blind $0.10
onenoc: posts big blind $0.25
*** HOLE CARDS ***
Dealt to Alameda22 [Ts 9h]
crazy_tay: folds 
Zensay: folds 
Alameda22: folds 
Kamillentee is disconnected 
Kamillentee is connected 
Kamillentee: folds 
Joxxer88: folds 
badplains: folds 
chef nasty: calls $0.15
onenoc: checks 
*** FLOP *** [7d Qs Ad]
chef nasty: bets $0.75
onenoc: folds 
Uncalled bet ($0.75) returned to chef nasty
chef nasty collected $0.50 from pot
chef nasty: doesn't show hand 
*** SUMMARY ***
Total pot $0.50 | Rake $0 
Board [7d Qs Ad]
Seat 1: Alameda22 folded before Flop (didn't bet)
Seat 2: Kamillentee folded before Flop (didn't bet)
Seat 4: Joxxer88 folded before Flop (didn't bet)
Seat 5: badplains (button) folded before Flop (didn't bet)
Seat 6: chef nasty (small blind) collected ($0.50)
Seat 7: onenoc (big blind) folded on the Flop
Seat 8: crazy_tay folded before Flop (didn't bet)
Seat 9: Zensay folded before Flop (didn't bet)



PokerStars Game #19838955411:  Hold'em No Limit ($0.10/$0.25) - 2008/08/23 - 14:44:10 (ET)
Table 'Achilles V' 9-max Seat #6 is the button
Seat 1: Alameda22 ($38.10 in chips) 
Seat 2: Kamillentee ($19.40 in chips) 
Seat 4: Joxxer88 ($22.60 in chips) 
Seat 5: badplains ($5.40 in chips) 
Seat 6: chef nasty ($15.60 in chips) 
Seat 7: onenoc ($24.75 in chips) 
Seat 8: crazy_tay ($21.50 in chips) 
Seat 9: Zensay ($24.05 in chips) 
onenoc: posts small blind $0.10
crazy_tay: posts big blind $0.25
*** HOLE CARDS ***
Dealt to Alameda22 [5s 5c]
silver2871 has returned
Zensay: folds 
Alameda22: folds 
Kamillentee: folds 
Joxxer88: calls $0.25
badplains: calls $0.25
chef nasty: raises $0.75 to $1
onenoc: folds 
crazy_tay: folds 
Joxxer88: calls $0.75
badplains: calls $0.75
*** FLOP *** [Qh 9h 8s]
Joxxer88: checks 
badplains: checks 
chef nasty: bets $2
Joxxer88: folds 
badplains: folds 
Uncalled bet ($2) returned to chef nasty
chef nasty collected $3.20 from pot
*** SUMMARY ***
Total pot $3.35 | Rake $0.15 
Board [Qh 9h 8s]
Seat 1: Alameda22 folded before Flop (didn't bet)
Seat 2: Kamillentee folded before Flop (didn't bet)
Seat 4: Joxxer88 folded on the Flop
Seat 5: badplains folded on the Flop
Seat 6: chef nasty (button) collected ($3.20)
Seat 7: onenoc (small blind) folded before Flop
Seat 8: crazy_tay (big blind) folded before Flop
Seat 9: Zensay folded before Flop (didn't bet)



PokerStars Game #19838976344:  Hold'em No Limit ($0.10/$0.25) - 2008/08/23 - 14:45:04 (ET)
Table 'Achilles V' 9-max Seat #7 is the button
Seat 1: Alameda22 ($38.10 in chips) 
Seat 2: Kamillentee ($19.40 in chips) 
Seat 3: silver2871 ($32.50 in chips) 
Seat 4: Joxxer88 ($21.60 in chips) 
Seat 5: badplains ($4.40 in chips) 
Seat 6: chef nasty ($17.80 in chips) 
Seat 7: onenoc ($24.65 in chips) 
Seat 8: crazy_tay ($21.25 in chips) 
Seat 9: Zensay ($24.05 in chips) 
crazy_tay: posts small blind $0.10
Zensay: posts big blind $0.25
*** HOLE CARDS ***
Dealt to Alameda22 [3s 9s]
Alameda22: folds 
Kamillentee: folds 
silver2871: folds 
Joxxer88: folds 
badplains: calls $0.25
chef nasty: raises $0.75 to $1
onenoc: raises $2.70 to $3.70
crazy_tay: folds 
Zensay: folds 
badplains: folds 
chef nasty: raises $14.10 to $17.80 and is all-in
onenoc: calls $14.10
*** FLOP *** [Jh 3h Ad]
*** TURN *** [Jh 3h Ad] [5d]
*** RIVER *** [Jh 3h Ad 5d] [8c]
*** SHOW DOWN ***
chef nasty: shows [Ah Ks] (a pair of Aces)
onenoc: shows [As Ac] (three of a kind, Aces)
onenoc collected $34.40 from pot
chef nasty said, "wow"
*** SUMMARY ***
Total pot $36.20 | Rake $1.80 
Board [Jh 3h Ad 5d 8c]
Seat 1: Alameda22 folded before Flop (didn't bet)
Seat 2: Kamillentee folded before Flop (didn't bet)
Seat 3: silver2871 folded before Flop (didn't bet)
Seat 4: Joxxer88 folded before Flop (didn't bet)
Seat 5: badplains folded before Flop
Seat 6: chef nasty showed [Ah Ks] and lost with a pair of Aces
Seat 7: onenoc (button) showed [As Ac] and won ($34.40) with three of a kind, Aces
Seat 8: crazy_tay (small blind) folded before Flop
Seat 9: Zensay (big blind) folded before Flop



PokerStars Game #19838998257:  Hold'em No Limit ($0.10/$0.25) - 2008/08/23 - 14:46:02 (ET)
Table 'Achilles V' 9-max Seat #8 is the button
Seat 1: Alameda22 ($38.10 in chips) 
Seat 2: Kamillentee ($19.40 in chips) 
Seat 3: silver2871 ($32.50 in chips) 
Seat 4: Joxxer88 ($21.60 in chips) 
Seat 5: badplains ($4.15 in chips) 
Seat 7: onenoc ($41.25 in chips) 
Seat 8: crazy_tay ($21.15 in chips) 
Seat 9: Zensay ($23.80 in chips) 
chef nasty said, "nh"
Zensay: posts small blind $0.10
Alameda22: posts big blind $0.25
*** HOLE CARDS ***
Dealt to Alameda22 [2c Ah]
chef nasty has returned
Kamillentee: folds 
silver2871: calls $0.25
Joxxer88: folds 
badplains: folds 
onenoc: folds 
crazy_tay: calls $0.25
Zensay: folds 
Alameda22: checks 
*** FLOP *** [6h 4s 7c]
Alameda22: checks 
silver2871: bets $0.75
crazy_tay: calls $0.75
Alameda22: folds 
*** TURN *** [6h 4s 7c] [Qd]
silver2871: bets $1.50
crazy_tay: folds 
Uncalled bet ($1.50) returned to silver2871
silver2871 collected $2.25 from pot
*** SUMMARY ***
Total pot $2.35 | Rake $0.10 
Board [6h 4s 7c Qd]
Seat 1: Alameda22 (big blind) folded on the Flop
Seat 2: Kamillentee folded before Flop (didn't bet)
Seat 3: silver2871 collected ($2.25)
Seat 4: Joxxer88 folded before Flop (didn't bet)
Seat 5: badplains folded before Flop (didn't bet)
Seat 7: onenoc folded before Flop (didn't bet)
Seat 8: crazy_tay (button) folded on the Turn
Seat 9: Zensay (small blind) folded before Flop



PokerStars Game #19839027504:  Hold'em No Limit ($0.10/$0.25) - 2008/08/23 - 14:47:14 (ET)
Table 'Achilles V' 9-max Seat #9 is the button
Seat 1: Alameda22 ($37.85 in chips) 
Seat 2: Kamillentee ($19.40 in chips) 
Seat 3: silver2871 ($33.75 in chips) 
Seat 4: Joxxer88 ($21.60 in chips) 
Seat 5: badplains ($4.15 in chips) 
Seat 6: chef nasty ($15 in chips) 
Seat 7: onenoc ($41.25 in chips) 
Seat 8: crazy_tay ($20.15 in chips) 
Seat 9: Zensay ($23.70 in chips) 
Alameda22: posts small blind $0.10
Kamillentee: posts big blind $0.25
*** HOLE CARDS ***
Dealt to Alameda22 [Jc 2c]
silver2871: folds 
Joxxer88: folds 
badplains: raises $0.25 to $0.50
chef nasty: raises $0.50 to $1
onenoc: calls $1
crazy_tay: folds 
Zensay: calls $1
Alameda22: folds 
Kamillentee: raises $4 to $5
badplains: calls $3.65 and is all-in
chef nasty: calls $4
onenoc: folds 
Zensay: folds 
*** FLOP *** [Ac Th 2d]
Kamillentee: checks 
chef nasty: bets $2.50
Kamillentee: calls $2.50
*** TURN *** [Ac Th 2d] [Qh]
Kamillentee: checks 
chef nasty: bets $7.50 and is all-in
Kamillentee: calls $7.50
*** RIVER *** [Ac Th 2d Qh] [Td]
*** SHOW DOWN ***
Kamillentee: shows [Qd Qc] (a full house, Queens full of Tens)
chef nasty: shows [Jd Ah] (two pair, Aces and Tens)
Kamillentee collected $20.65 from side pot
badplains: mucks hand 
Kamillentee collected $13.85 from main pot
*** SUMMARY ***
Total pot $36.25 Main pot $13.85. Side pot $20.65. | Rake $1.75 
Board [Ac Th 2d Qh Td]
Seat 1: Alameda22 (small blind) folded before Flop
Seat 2: Kamillentee (big blind) showed [Qd Qc] and won ($34.50) with a full house, Queens full of Tens
Seat 3: silver2871 folded before Flop (didn't bet)
Seat 4: Joxxer88 folded before Flop (didn't bet)
Seat 5: badplains mucked [6c 6s]
Seat 6: chef nasty showed [Jd Ah] and lost with two pair, Aces and Tens
Seat 7: onenoc folded before Flop
Seat 8: crazy_tay folded before Flop (didn't bet)
Seat 9: Zensay (button) folded before Flop



PokerStars Game #19839065023:  Hold'em No Limit ($0.10/$0.25) - 2008/08/23 - 14:48:46 (ET)
Table 'Achilles V' 9-max Seat #1 is the button
Seat 1: Alameda22 ($37.75 in chips) 
Seat 2: Kamillentee ($38.90 in chips) 
Seat 3: silver2871 ($33.75 in chips) 
Seat 4: Joxxer88 ($21.60 in chips) 
Seat 7: onenoc ($40.25 in chips) 
Seat 8: crazy_tay ($20.15 in chips) 
Seat 9: Zensay ($22.70 in chips) 
Kamillentee: posts small blind $0.10
silver2871: posts big blind $0.25
*** HOLE CARDS ***
Dealt to Alameda22 [8h Qs]
Joxxer88: folds 
chef nasty has returned
onenoc: folds 
badplains leaves the table
crazy_tay: raises $0.50 to $0.75
Zensay: calls $0.75
Alameda22: folds 
Kamillentee: folds 
11pokeras11 joins the table at seat #5 
silver2871: calls $0.50
*** FLOP *** [7s 4h Qh]
silver2871: checks 
crazy_tay: checks 
Zensay: bets $2
silver2871: folds 
crazy_tay: folds 
Uncalled bet ($2) returned to Zensay
Zensay collected $2.25 from pot
Zensay: doesn't show hand 
*** SUMMARY ***
Total pot $2.35 | Rake $0.10 
Board [7s 4h Qh]
Seat 1: Alameda22 (button) folded before Flop (didn't bet)
Seat 2: Kamillentee (small blind) folded before Flop
Seat 3: silver2871 (big blind) folded on the Flop
Seat 4: Joxxer88 folded before Flop (didn't bet)
Seat 7: onenoc folded before Flop (didn't bet)
Seat 8: crazy_tay folded on the Flop
Seat 9: Zensay collected ($2.25)



PokerStars Game #19839090390:  Hold'em No Limit ($0.10/$0.25) - 2008/08/23 - 14:49:50 (ET)
Table 'Achilles V' 9-max Seat #2 is the button
Seat 1: Alameda22 ($37.75 in chips) 
Seat 2: Kamillentee ($38.80 in chips) 
Seat 3: silver2871 ($33 in chips) 
Seat 4: Joxxer88 ($21.60 in chips) 
Seat 6: chef nasty ($25 in chips) 
Seat 7: onenoc ($40.25 in chips) 
Seat 8: crazy_tay ($19.40 in chips) 
Seat 9: Zensay ($24.20 in chips) 
silver2871: posts small blind $0.10
Joxxer88: posts big blind $0.25
11pokeras11: sits out 
*** HOLE CARDS ***
Dealt to Alameda22 [6c 7d]
chef nasty: raises $0.75 to $1
onenoc: folds 
crazy_tay: folds 
Zensay: folds 
Alameda22: folds 
Kamillentee: folds 
silver2871: folds 
Joxxer88: folds 
Uncalled bet ($0.75) returned to chef nasty
chef nasty collected $0.60 from pot
*** SUMMARY ***
Total pot $0.60 | Rake $0 
Seat 1: Alameda22 folded before Flop (didn't bet)
Seat 2: Kamillentee (button) folded before Flop (didn't bet)
Seat 3: silver2871 (small blind) folded before Flop
Seat 4: Joxxer88 (big blind) folded before Flop
Seat 6: chef nasty collected ($0.60)
Seat 7: onenoc folded before Flop (didn't bet)
Seat 8: crazy_tay folded before Flop (didn't bet)
Seat 9: Zensay folded before Flop (didn't bet)



PokerStars Game #19839104066:  Hold'em No Limit ($0.10/$0.25) - 2008/08/23 - 14:50:24 (ET)
Table 'Achilles V' 9-max Seat #3 is the button
Seat 1: Alameda22 ($37.75 in chips) 
Seat 2: Kamillentee ($38.80 in chips) 
Seat 3: silver2871 ($32.90 in chips) 
Seat 4: Joxxer88 ($21.35 in chips) 
Seat 5: 11pokeras11 ($25 in chips) 
Seat 6: chef nasty ($25.35 in chips) 
Seat 7: onenoc ($40.25 in chips) 
Seat 8: crazy_tay ($19.40 in chips) 
Seat 9: Zensay ($24.20 in chips) 
Joxxer88: posts small blind $0.10
11pokeras11: posts big blind $0.25
*** HOLE CARDS ***
Dealt to Alameda22 [Ac 6h]
chef nasty: folds 
onenoc: folds 
crazy_tay: raises $0.50 to $0.75
Zensay: calls $0.75
Alameda22: folds 
Kamillentee: folds 
silver2871: folds 
Joxxer88: folds 
11pokeras11: folds 
*** FLOP *** [Js 5d 5c]
crazy_tay: bets $1
Zensay: folds 
Uncalled bet ($1) returned to crazy_tay
crazy_tay collected $1.80 from pot
crazy_tay: doesn't show hand 
*** SUMMARY ***
Total pot $1.85 | Rake $0.05 
Board [Js 5d 5c]
Seat 1: Alameda22 folded before Flop (didn't bet)
Seat 2: Kamillentee folded before Flop (didn't bet)
Seat 3: silver2871 (button) folded before Flop (didn't bet)
Seat 4: Joxxer88 (small blind) folded before Flop
Seat 5: 11pokeras11 (big blind) folded before Flop
Seat 6: chef nasty folded before Flop (didn't bet)
Seat 7: onenoc folded before Flop (didn't bet)
Seat 8: crazy_tay collected ($1.80)
Seat 9: Zensay folded on the Flop



PokerStars Game #19839125176:  Hold'em No Limit ($0.10/$0.25) - 2008/08/23 - 14:51:17 (ET)
Table 'Achilles V' 9-max Seat #4 is the button
Seat 1: Alameda22 ($37.75 in chips) 
Seat 2: Kamillentee ($38.80 in chips) 
Seat 3: silver2871 ($32.90 in chips) 
Seat 4: Joxxer88 ($21.25 in chips) 
Seat 5: 11pokeras11 ($24.75 in chips) 
Seat 6: chef nasty ($25.35 in chips) 
Seat 7: onenoc ($40.25 in chips) 
Seat 8: crazy_tay ($20.45 in chips) 
Seat 9: Zensay ($23.45 in chips) 
11pokeras11: posts small blind $0.10
chef nasty: posts big blind $0.25
*** HOLE CARDS ***
Dealt to Alameda22 [3c 3d]
onenoc: folds 
crazy_tay: folds 
Zensay: folds 
Alameda22: folds 
Kamillentee: folds 
silver2871: raises $0.50 to $0.75
Joxxer88: folds 
11pokeras11: folds 
chef nasty: calls $0.50
*** FLOP *** [As 8s 5d]
chef nasty: checks 
silver2871: bets $1
chef nasty: calls $1
*** TURN *** [As 8s 5d] [5c]
chef nasty: checks 
silver2871: checks 
*** RIVER *** [As 8s 5d 5c] [6s]
chef nasty: bets $1
silver2871: folds 
Uncalled bet ($1) returned to chef nasty
chef nasty collected $3.45 from pot
chef nasty: doesn't show hand 
*** SUMMARY ***
Total pot $3.60 | Rake $0.15 
Board [As 8s 5d 5c 6s]
Seat 1: Alameda22 folded before Flop (didn't bet)
Seat 2: Kamillentee folded before Flop (didn't bet)
Seat 3: silver2871 folded on the River
Seat 4: Joxxer88 (button) folded before Flop (didn't bet)
Seat 5: 11pokeras11 (small blind) folded before Flop
Seat 6: chef nasty (big blind) collected ($3.45)
Seat 7: onenoc folded before Flop (didn't bet)
Seat 8: crazy_tay folded before Flop (didn't bet)
Seat 9: Zensay folded before Flop (didn't bet)



PokerStars Game #19839151252:  Hold'em No Limit ($0.10/$0.25) - 2008/08/23 - 14:52:22 (ET)
Table 'Achilles V' 9-max Seat #5 is the button
Seat 1: Alameda22 ($37.75 in chips) 
Seat 2: Kamillentee ($38.80 in chips) 
Seat 3: silver2871 ($31.15 in chips) 
Seat 4: Joxxer88 ($21.25 in chips) 
Seat 5: 11pokeras11 ($24.65 in chips) 
Seat 6: chef nasty ($27.05 in chips) 
Seat 7: onenoc ($40.25 in chips) 
Seat 8: crazy_tay ($20.45 in chips) 
Seat 9: Zensay ($23.45 in chips) 
chef nasty: posts small blind $0.10
onenoc: posts big blind $0.25
*** HOLE CARDS ***
Dealt to Alameda22 [3d Kc]
crazy_tay: raises $0.50 to $0.75
Zensay: folds 
Alameda22: folds 
Kamillentee: calls $0.75
silver2871: folds 
Joxxer88: folds 
11pokeras11: folds 
chef nasty: folds 
onenoc: folds 
*** FLOP *** [5s 7c Qh]
crazy_tay: bets $1
Kamillentee: calls $1
*** TURN *** [5s 7c Qh] [9d]
crazy_tay: checks 
Kamillentee: bets $1.50
crazy_tay: calls $1.50
*** RIVER *** [5s 7c Qh 9d] [Jh]
crazy_tay: bets $3.25
Kamillentee: folds 
Uncalled bet ($3.25) returned to crazy_tay
crazy_tay collected $6.55 from pot
crazy_tay: doesn't show hand 
*** SUMMARY ***
Total pot $6.85 | Rake $0.30 
Board [5s 7c Qh 9d Jh]
Seat 1: Alameda22 folded before Flop (didn't bet)
Seat 2: Kamillentee folded on the River
Seat 3: silver2871 folded before Flop (didn't bet)
Seat 4: Joxxer88 folded before Flop (didn't bet)
Seat 5: 11pokeras11 (button) folded before Flop (didn't bet)
Seat 6: chef nasty (small blind) folded before Flop
Seat 7: onenoc (big blind) folded before Flop
Seat 8: crazy_tay collected ($6.55)
Seat 9: Zensay folded before Flop (didn't bet)



PokerStars Game #19839189981:  Hold'em No Limit ($0.10/$0.25) - 2008/08/23 - 14:53:59 (ET)
Table 'Achilles V' 9-max Seat #6 is the button
Seat 1: Alameda22 ($37.75 in chips) 
Seat 2: Kamillentee ($35.55 in chips) 
Seat 3: silver2871 ($31.15 in chips) 
Seat 4: Joxxer88 ($21.25 in chips) 
Seat 5: 11pokeras11 ($24.65 in chips) 
Seat 6: chef nasty ($26.95 in chips) 
Seat 7: onenoc ($40 in chips) 
Seat 8: crazy_tay ($23.75 in chips) 
Seat 9: Zensay ($23.45 in chips) 
onenoc: posts small blind $0.10
crazy_tay: posts big blind $0.25
*** HOLE CARDS ***
Dealt to Alameda22 [6c 4d]
Zensay: calls $0.25
Alameda22: folds 
Kamillentee: folds 
silver2871: folds 
Joxxer88: folds 
11pokeras11: calls $0.25
chef nasty: folds 
onenoc: folds 
crazy_tay: checks 
*** FLOP *** [Td 3c 2d]
crazy_tay: checks 
Zensay: bets $0.75
11pokeras11: folds 
crazy_tay: folds 
Uncalled bet ($0.75) returned to Zensay
Zensay collected $0.85 from pot
Zensay: doesn't show hand 
*** SUMMARY ***
Total pot $0.85 | Rake $0 
Board [Td 3c 2d]
Seat 1: Alameda22 folded before Flop (didn't bet)
Seat 2: Kamillentee folded before Flop (didn't bet)
Seat 3: silver2871 folded before Flop (didn't bet)
Seat 4: Joxxer88 folded before Flop (didn't bet)
Seat 5: 11pokeras11 folded on the Flop
Seat 6: chef nasty (button) folded before Flop (didn't bet)
Seat 7: onenoc (small blind) folded before Flop
Seat 8: crazy_tay (big blind) folded on the Flop
Seat 9: Zensay collected ($0.85)



PokerStars Game #19839220120:  Hold'em No Limit ($0.10/$0.25) - 2008/08/23 - 14:55:15 (ET)
Table 'Achilles V' 9-max Seat #7 is the button
Seat 1: Alameda22 ($37.75 in chips) 
Seat 2: Kamillentee ($35.55 in chips) 
Seat 3: silver2871 ($31.15 in chips) 
Seat 4: Joxxer88 ($21.25 in chips) 
Seat 5: 11pokeras11 ($24.40 in chips) 
Seat 6: chef nasty ($26.95 in chips) 
Seat 7: onenoc ($39.90 in chips) 
Seat 8: crazy_tay ($23.50 in chips) 
Seat 9: Zensay ($24.05 in chips) 
crazy_tay: posts small blind $0.10
Zensay: posts big blind $0.25
*** HOLE CARDS ***
Dealt to Alameda22 [Kh 3c]
Alameda22: folds 
Kamillentee: folds 
silver2871: folds 
Joxxer88: folds 
11pokeras11: calls $0.25
chef nasty: calls $0.25
onenoc: folds 
crazy_tay: folds 
Zensay: checks 
*** FLOP *** [6d Kd Jh]
Zensay: checks 
11pokeras11: checks 
chef nasty: checks 
*** TURN *** [6d Kd Jh] [Kc]
Zensay: bets $0.75
11pokeras11: calls $0.75
chef nasty: folds 
*** RIVER *** [6d Kd Jh Kc] [2c]
Zensay: checks 
11pokeras11: checks 
*** SHOW DOWN ***
Zensay: shows [Ad 9d] (a pair of Kings)
11pokeras11: mucks hand 
Zensay collected $2.25 from pot
*** SUMMARY ***
Total pot $2.35 | Rake $0.10 
Board [6d Kd Jh Kc 2c]
Seat 1: Alameda22 folded before Flop (didn't bet)
Seat 2: Kamillentee folded before Flop (didn't bet)
Seat 3: silver2871 folded before Flop (didn't bet)
Seat 4: Joxxer88 folded before Flop (didn't bet)
Seat 5: 11pokeras11 mucked [7d 8d]
Seat 6: chef nasty folded on the Turn
Seat 7: onenoc (button) folded before Flop (didn't bet)
Seat 8: crazy_tay (small blind) folded before Flop
Seat 9: Zensay (big blind) showed [Ad 9d] and won ($2.25) with a pair of Kings



PokerStars Game #19839253905:  Hold'em No Limit ($0.10/$0.25) - 2008/08/23 - 14:56:41 (ET)
Table 'Achilles V' 9-max Seat #8 is the button
Seat 1: Alameda22 ($37.75 in chips) 
Seat 2: Kamillentee ($35.55 in chips) 
Seat 3: silver2871 ($31.15 in chips) 
Seat 4: Joxxer88 ($21.25 in chips) 
Seat 5: 11pokeras11 ($23.40 in chips) 
Seat 6: chef nasty ($26.70 in chips) 
Seat 7: onenoc ($39.90 in chips) 
Seat 8: crazy_tay ($23.40 in chips) 
Seat 9: Zensay ($25.30 in chips) 
Zensay: posts small blind $0.10
Alameda22: posts big blind $0.25
*** HOLE CARDS ***
Dealt to Alameda22 [7d 3h]
Kamillentee: calls $0.25
silver2871: calls $0.25
Joxxer88: calls $0.25
11pokeras11: folds 
chef nasty: raises $0.75 to $1
onenoc: folds 
crazy_tay: folds 
Zensay: folds 
Alameda22: folds 
Kamillentee: calls $0.75
silver2871: folds 
Joxxer88: calls $0.75
*** FLOP *** [Qh 7c 2c]
Kamillentee: checks 
Joxxer88: checks 
chef nasty: checks 
*** TURN *** [Qh 7c 2c] [9c]
Kamillentee: bets $0.75
Joxxer88: raises $1.25 to $2
chef nasty: folds 
Kamillentee: calls $1.25
*** RIVER *** [Qh 7c 2c 9c] [6d]
Kamillentee: checks 
Joxxer88: bets $18.25 and is all-in
Kamillentee: folds 
Uncalled bet ($18.25) returned to Joxxer88
Joxxer88 collected $7.25 from pot
Joxxer88: doesn't show hand 
*** SUMMARY ***
Total pot $7.60 | Rake $0.35 
Board [Qh 7c 2c 9c 6d]
Seat 1: Alameda22 (big blind) folded before Flop
Seat 2: Kamillentee folded on the River
Seat 3: silver2871 folded before Flop
Seat 4: Joxxer88 collected ($7.25)
Seat 5: 11pokeras11 folded before Flop (didn't bet)
Seat 6: chef nasty folded on the Turn
Seat 7: onenoc folded before Flop (didn't bet)
Seat 8: crazy_tay (button) folded before Flop (didn't bet)
Seat 9: Zensay (small blind) folded before Flop



PokerStars Game #19839300064:  Hold'em No Limit ($0.10/$0.25) - 2008/08/23 - 14:58:38 (ET)
Table 'Achilles V' 9-max Seat #9 is the button
Seat 1: Alameda22 ($37.50 in chips) 
Seat 2: Kamillentee ($32.55 in chips) 
Seat 3: silver2871 ($30.90 in chips) 
Seat 4: Joxxer88 ($25.50 in chips) 
Seat 5: 11pokeras11 ($23.40 in chips) 
Seat 6: chef nasty ($25.70 in chips) 
Seat 7: onenoc ($39.90 in chips) 
Seat 8: crazy_tay ($23.40 in chips) 
Seat 9: Zensay ($25.20 in chips) 
Alameda22: posts small blind $0.10
Kamillentee: posts big blind $0.25
*** HOLE CARDS ***
Dealt to Alameda22 [Qc 5c]
silver2871: folds 
Joxxer88: folds 
11pokeras11: calls $0.25
chef nasty: raises $0.75 to $1
onenoc: folds 
crazy_tay: folds 
Zensay: folds 
chef nasty said, "call ill loose"
chef nasty said, "thats what i do"
Alameda22: folds 
Kamillentee: folds 
Kamillentee said, "aces? :P"
11pokeras11: folds 
Uncalled bet ($0.75) returned to chef nasty
chef nasty said, "no"
chef nasty collected $0.85 from pot
chef nasty said, "nopair"
*** SUMMARY ***
Total pot $0.85 | Rake $0 
Seat 1: Alameda22 (small blind) folded before Flop
Seat 2: Kamillentee (big blind) folded before Flop
Seat 3: silver2871 folded before Flop (didn't bet)
Seat 4: Joxxer88 folded before Flop (didn't bet)
Seat 5: 11pokeras11 folded before Flop
Seat 6: chef nasty collected ($0.85)
Seat 7: onenoc folded before Flop (didn't bet)
Seat 8: crazy_tay folded before Flop (didn't bet)
Seat 9: Zensay (button) folded before Flop (didn't bet)



PokerStars Game #19839315234:  Hold'em No Limit ($0.10/$0.25) - 2008/08/23 - 14:59:17 (ET)
Table 'Achilles V' 9-max Seat #1 is the button
Seat 1: Alameda22 ($37.40 in chips) 
Seat 2: Kamillentee ($32.30 in chips) 
Seat 3: silver2871 ($30.90 in chips) 
Seat 4: Joxxer88 ($25.50 in chips) 
Seat 5: 11pokeras11 ($23.15 in chips) 
Seat 6: chef nasty ($26.30 in chips) 
Seat 7: onenoc ($39.90 in chips) 
Seat 8: crazy_tay ($23.40 in chips) 
Seat 9: Zensay ($25.20 in chips) 
Kamillentee: posts small blind $0.10
silver2871: posts big blind $0.25
*** HOLE CARDS ***
Dealt to Alameda22 [3h 7d]
Kamillentee said, "ak"
Joxxer88: calls $0.25
11pokeras11: folds 
chef nasty: folds 
chef nasty said, "this ****in site"
onenoc: raises $0.75 to $1
crazy_tay: folds 
Zensay: folds 
Alameda22: folds 
Kamillentee: folds 
silver2871: folds 
Kamillentee said, "jokerstars"
Joxxer88: calls $0.75
*** FLOP *** [5h Jh 3c]
Joxxer88: checks 
Zensay said, "wouldnt blame it on the site but on the blindlevels"
onenoc: bets $1.75
Joxxer88: folds 
Uncalled bet ($1.75) returned to onenoc
onenoc collected $2.25 from pot
onenoc: doesn't show hand 
*** SUMMARY ***
Total pot $2.35 | Rake $0.10 
Board [5h Jh 3c]
Seat 1: Alameda22 (button) folded before Flop (didn't bet)
Seat 2: Kamillentee (small blind) folded before Flop
Seat 3: silver2871 (big blind) folded before Flop
Seat 4: Joxxer88 folded on the Flop
Seat 5: 11pokeras11 folded before Flop (didn't bet)
Seat 6: chef nasty folded before Flop (didn't bet)
Seat 7: onenoc collected ($2.25)
Seat 8: crazy_tay folded before Flop (didn't bet)
Seat 9: Zensay folded before Flop (didn't bet)



PokerStars Game #19839351978:  Hold'em No Limit ($0.10/$0.25) - 2008/08/23 - 15:00:47 (ET)
Table 'Achilles V' 9-max Seat #2 is the button
Seat 1: Alameda22 ($37.40 in chips) 
Seat 2: Kamillentee ($32.20 in chips) 
Seat 3: silver2871 ($30.65 in chips) 
Seat 4: Joxxer88 ($24.50 in chips) 
Seat 5: 11pokeras11 ($23.15 in chips) 
Seat 6: chef nasty ($26.30 in chips) 
Seat 7: onenoc ($41.15 in chips) 
Seat 8: crazy_tay ($23.40 in chips) 
Seat 9: Zensay ($25.20 in chips) 
silver2871: posts small blind $0.10
Joxxer88: posts big blind $0.25
*** HOLE CARDS ***
Dealt to Alameda22 [9s Tc]
11pokeras11: folds 
chef nasty: raises $0.50 to $0.75
Zensay said, "bound to get alot of ppl who go for luck at this levels"
onenoc: folds 
crazy_tay: folds 
Zensay: folds 
Alameda22: folds 
Kamillentee: folds 
silver2871: folds 
Joxxer88: folds 
Uncalled bet ($0.50) returned to chef nasty
Kamillentee said, "play higher lvls"
chef nasty collected $0.60 from pot
chef nasty is disconnected 
*** SUMMARY ***
Total pot $0.60 | Rake $0 
Seat 1: Alameda22 folded before Flop (didn't bet)
Seat 2: Kamillentee (button) folded before Flop (didn't bet)
Seat 3: silver2871 (small blind) folded before Flop
Seat 4: Joxxer88 (big blind) folded before Flop
Seat 5: 11pokeras11 folded before Flop (didn't bet)
Seat 6: chef nasty collected ($0.60)
Seat 7: onenoc folded before Flop (didn't bet)
Seat 8: crazy_tay folded before Flop (didn't bet)
Seat 9: Zensay folded before Flop (didn't bet)



PokerStars Game #19839374093:  Hold'em No Limit ($0.10/$0.25) - 2008/08/23 - 15:01:39 (ET)
Table 'Achilles V' 9-max Seat #3 is the button
Seat 1: Alameda22 ($37.40 in chips) 
Seat 2: Kamillentee ($32.20 in chips) 
Seat 3: silver2871 ($30.55 in chips) 
Seat 4: Joxxer88 ($24.25 in chips) 
Seat 5: 11pokeras11 ($23.15 in chips) 
Seat 6: chef nasty ($26.65 in chips) 
Seat 7: onenoc ($41.15 in chips) 
Seat 8: crazy_tay ($23.40 in chips) 
Seat 9: Zensay ($25.20 in chips) 
Joxxer88: posts small blind $0.10
11pokeras11: posts big blind $0.25
*** HOLE CARDS ***
Dealt to Alameda22 [Th Ac]
Zensay said, "obviously i dont have the money :-)"
Zensay said, "or i dont want to put all my money in online poker"
chef nasty has timed out while disconnected
chef nasty: folds 
chef nasty is sitting out
onenoc: folds 
crazy_tay: folds 
Zensay: folds 
Alameda22: folds 
Kamillentee: folds 
chef nasty is connected 
silver2871: raises $0.50 to $0.75
Joxxer88: folds 
11pokeras11: folds 
Uncalled bet ($0.50) returned to silver2871
chef nasty has returned
silver2871 collected $0.60 from pot
*** SUMMARY ***
Total pot $0.60 | Rake $0 
Seat 1: Alameda22 folded before Flop (didn't bet)
Seat 2: Kamillentee folded before Flop (didn't bet)
Seat 3: silver2871 (button) collected ($0.60)
Seat 4: Joxxer88 (small blind) folded before Flop
Seat 5: 11pokeras11 (big blind) folded before Flop
Seat 6: chef nasty folded before Flop (didn't bet)
Seat 7: onenoc folded before Flop (didn't bet)
Seat 8: crazy_tay folded before Flop (didn't bet)
Seat 9: Zensay folded before Flop (didn't bet)



PokerStars Game #19839403264:  Hold'em No Limit ($0.10/$0.25) - 2008/08/23 - 15:02:50 (ET)
Table 'Achilles V' 9-max Seat #4 is the button
Seat 1: Alameda22 ($37.40 in chips) 
Seat 2: Kamillentee ($32.20 in chips) 
Seat 3: silver2871 ($30.90 in chips) 
Seat 4: Joxxer88 ($24.15 in chips) 
Seat 5: 11pokeras11 ($22.90 in chips) 
Seat 6: chef nasty ($26.65 in chips) 
Seat 7: onenoc ($41.15 in chips) 
Seat 8: crazy_tay ($23.40 in chips) 
Seat 9: Zensay ($25.20 in chips) 
chef nasty said, "yea"
11pokeras11: posts small blind $0.10
chef nasty: posts big blind $0.25
*** HOLE CARDS ***
Dealt to Alameda22 [8d 6d]
onenoc: raises $0.75 to $1
crazy_tay: folds 
Zensay: folds 
chef nasty said, "****in disconect on my raise"
Kamillentee said, "online poker is pretty boring"
chef nasty said, "i cant believe this ****"
Alameda22: folds 
Kamillentee: folds 
silver2871: folds 
Joxxer88: folds 
11pokeras11: folds 
chef nasty: calls $0.75
*** FLOP *** [2h 8s Th]
chef nasty: checks 
onenoc: checks 
*** TURN *** [2h 8s Th] [4s]
chef nasty: bets $1
onenoc: raises $2.50 to $3.50
chef nasty: calls $2.50
*** RIVER *** [2h 8s Th 4s] [7h]
Kamillentee is sitting out
chef nasty: bets $4
onenoc: calls $4
*** SHOW DOWN ***
chef nasty: shows [2c Ah] (a pair of Deuces)
onenoc: shows [Qc Qd] (a pair of Queens)
onenoc collected $16.30 from pot
chef nasty said, "nh"
*** SUMMARY ***
Total pot $17.10 | Rake $0.80 
Board [2h 8s Th 4s 7h]
Seat 1: Alameda22 folded before Flop (didn't bet)
Seat 2: Kamillentee folded before Flop (didn't bet)
Seat 3: silver2871 folded before Flop (didn't bet)
Seat 4: Joxxer88 (button) folded before Flop (didn't bet)
Seat 5: 11pokeras11 (small blind) folded before Flop
Seat 6: chef nasty (big blind) showed [2c Ah] and lost with a pair of Deuces
Seat 7: onenoc showed [Qc Qd] and won ($16.30) with a pair of Queens
Seat 8: crazy_tay folded before Flop (didn't bet)
Seat 9: Zensay folded before Flop (didn't bet)



PokerStars Game #19839444605:  Hold'em No Limit ($0.10/$0.25) - 2008/08/23 - 15:04:29 (ET)
Table 'Achilles V' 9-max Seat #5 is the button
Seat 1: Alameda22 ($37.40 in chips) 
Seat 3: silver2871 ($30.90 in chips) 
Seat 4: Joxxer88 ($24.15 in chips) 
Seat 5: 11pokeras11 ($24.90 in chips) 
Seat 6: chef nasty ($18.15 in chips) 
Seat 7: onenoc ($48.95 in chips) 
Seat 8: crazy_tay ($23.40 in chips) 
Seat 9: Zensay ($25.20 in chips) 
chef nasty said, "hoped u would fold"
chef nasty: posts small blind $0.10
onenoc: posts big blind $0.25
*** HOLE CARDS ***
Dealt to Alameda22 [9s Qs]
crazy_tay: folds 
Zensay: folds 
Zensay said, "im just gonna go cause my card quality aint impvroving and currently im earning 20 cents  :-)"
Alameda22: folds 
Zensay said, "gl guys"
chef nasty said, "ty u 2"
Zensay said, "and girls maybe"
silver2871: folds 
Joxxer88: folds 
11pokeras11: folds 
chef nasty: calls $0.15
Zensay leaves the table
onenoc: checks 
*** FLOP *** [6s 2s Tc]
chef nasty: checks 
onenoc: bets $0.50
chef nasty: folds 
Uncalled bet ($0.50) returned to onenoc
onenoc collected $0.50 from pot
onenoc: doesn't show hand 
*** SUMMARY ***
Total pot $0.50 | Rake $0 
Board [6s 2s Tc]
Seat 1: Alameda22 folded before Flop (didn't bet)
Seat 3: silver2871 folded before Flop (didn't bet)
Seat 4: Joxxer88 folded before Flop (didn't bet)
Seat 5: 11pokeras11 (button) folded before Flop (didn't bet)
Seat 6: chef nasty (small blind) folded on the Flop
Seat 7: onenoc (big blind) collected ($0.50)
Seat 8: crazy_tay folded before Flop (didn't bet)
Seat 9: Zensay folded before Flop (didn't bet)



PokerStars Game #19839472540:  Hold'em No Limit ($0.10/$0.25) - 2008/08/23 - 15:05:36 (ET)
Table 'Achilles V' 9-max Seat #6 is the button
Seat 1: Alameda22 ($37.40 in chips) 
Seat 3: silver2871 ($30.90 in chips) 
Seat 4: Joxxer88 ($24.15 in chips) 
Seat 5: 11pokeras11 ($24.90 in chips) 
Seat 6: chef nasty ($17.90 in chips) 
Seat 7: onenoc ($49.20 in chips) 
Seat 8: crazy_tay ($23.40 in chips) 
onenoc: posts small blind $0.10
crazy_tay: posts big blind $0.25
*** HOLE CARDS ***
Dealt to Alameda22 [5c Ts]
Alameda22: folds 
pumpkinchip1 joins the table at seat #9 
silver2871: folds 
Joxxer88: folds 
11pokeras11: folds 
chef nasty: raises $0.50 to $0.75
onenoc: calls $0.65
crazy_tay: folds 
*** FLOP *** [5h 3h 4d]
onenoc: checks 
chef nasty: checks 
*** TURN *** [5h 3h 4d] [Ad]
onenoc: bets $1.25
chef nasty: calls $1.25
*** RIVER *** [5h 3h 4d Ad] [Qd]
onenoc: bets $3.60
chef nasty: raises $5.40 to $9
onenoc: calls $5.40
*** SHOW DOWN ***
chef nasty: shows [6h 7h] (a straight, Three to Seven)
onenoc: mucks hand 
chef nasty collected $21.15 from pot
*** SUMMARY ***
Total pot $22.25 | Rake $1.10 
Board [5h 3h 4d Ad Qd]
Seat 1: Alameda22 folded before Flop (didn't bet)
Seat 3: silver2871 folded before Flop (didn't bet)
Seat 4: Joxxer88 folded before Flop (didn't bet)
Seat 5: 11pokeras11 folded before Flop (didn't bet)
Seat 6: chef nasty (button) showed [6h 7h] and won ($21.15) with a straight, Three to Seven
Seat 7: onenoc (small blind) mucked [Qs Ac]
Seat 8: crazy_tay (big blind) folded before Flop



PokerStars Game #19839501283:  Hold'em No Limit ($0.10/$0.25) - 2008/08/23 - 15:06:46 (ET)
Table 'Achilles V' 9-max Seat #7 is the button
Seat 1: Alameda22 ($37.40 in chips) 
Seat 3: silver2871 ($30.90 in chips) 
Seat 4: Joxxer88 ($24.15 in chips) 
Seat 5: 11pokeras11 ($24.90 in chips) 
Seat 6: chef nasty ($28.05 in chips) 
Seat 7: onenoc ($38.20 in chips) 
Seat 8: crazy_tay ($23.15 in chips) 
Seat 9: pumpkinchip1 ($5 in chips) 
crazy_tay: posts small blind $0.10
pumpkinchip1: posts big blind $0.25
*** HOLE CARDS ***
Dealt to Alameda22 [7d 7s]
pumpkinchip1 said, "Grrrrrrrrrrrrrrrrrrrrrrrrrrrrrrrrrrrrrrrrrrrrrrrrrrr"
Alameda22: folds 
chef nasty said, "yea"
silver2871: folds 
Joxxer88: folds 
11pokeras11: folds 
chef nasty: folds 
onenoc: folds 
onenoc leaves the table
crazy_tay: calls $0.15
pumpkinchip1: raises $0.75 to $1
crazy_tay: folds 
Uncalled bet ($0.75) returned to pumpkinchip1
pumpkinchip1 collected $0.50 from pot
pumpkinchip1: doesn't show hand 
*** SUMMARY ***
Total pot $0.50 | Rake $0 
Seat 1: Alameda22 folded before Flop (didn't bet)
Seat 3: silver2871 folded before Flop (didn't bet)
Seat 4: Joxxer88 folded before Flop (didn't bet)
Seat 5: 11pokeras11 folded before Flop (didn't bet)
Seat 6: chef nasty folded before Flop (didn't bet)
Seat 7: onenoc (button) folded before Flop (didn't bet)
Seat 8: crazy_tay (small blind) folded before Flop
Seat 9: pumpkinchip1 (big blind) collected ($0.50)



PokerStars Game #19839522057:  Hold'em No Limit ($0.10/$0.25) - 2008/08/23 - 15:07:37 (ET)
Table 'Achilles V' 9-max Seat #8 is the button
Seat 1: Alameda22 ($37.40 in chips) 
Seat 3: silver2871 ($30.90 in chips) 
Seat 4: Joxxer88 ($24.15 in chips) 
Seat 5: 11pokeras11 ($24.90 in chips) 
Seat 6: chef nasty ($28.05 in chips) 
Seat 8: crazy_tay ($22.90 in chips) 
Seat 9: pumpkinchip1 ($5.25 in chips) 
pumpkinchip1: posts small blind $0.10
Alameda22: posts big blind $0.25
*** HOLE CARDS ***
Dealt to Alameda22 [Kd 8d]
silver2871: folds 
Joxxer88: calls $0.25
11pokeras11: calls $0.25
chef nasty: raises $0.75 to $1
crazy_tay: folds 
pumpkinchip1: calls $0.90
MinDaddy joins the table at seat #7 
Alameda22: folds 
Joxxer88: calls $0.75
11pokeras11: folds 
*** FLOP *** [Qd 3h 5d]
pumpkinchip1: bets $1.75
Joxxer88: folds 
chef nasty: raises $2 to $3.75
Kamillentee is disconnected 
Kamillentee is connected 
pumpkinchip1: raises $0.50 to $4.25 and is all-in
chef nasty: calls $0.50
*** TURN *** [Qd 3h 5d] [6d]
*** RIVER *** [Qd 3h 5d 6d] [5h]
*** SHOW DOWN ***
pumpkinchip1: shows [Qc 9s] (two pair, Queens and Fives)
chef nasty: shows [As Ah] (two pair, Aces and Fives)
chef nasty collected $11.45 from pot
*** SUMMARY ***
Total pot $12 | Rake $0.55 
Board [Qd 3h 5d 6d 5h]
Seat 1: Alameda22 (big blind) folded before Flop
Seat 3: silver2871 folded before Flop (didn't bet)
Seat 4: Joxxer88 folded on the Flop
Seat 5: 11pokeras11 folded before Flop
Seat 6: chef nasty showed [As Ah] and won ($11.45) with two pair, Aces and Fives
Seat 8: crazy_tay (button) folded before Flop (didn't bet)
Seat 9: pumpkinchip1 (small blind) showed [Qc 9s] and lost with two pair, Queens and Fives



PokerStars Game #19839553887:  Hold'em No Limit ($0.10/$0.25) - 2008/08/23 - 15:08:54 (ET)
Table 'Achilles V' 9-max Seat #1 is the button
Seat 1: Alameda22 ($37.15 in chips) 
Seat 3: silver2871 ($30.90 in chips) 
Seat 4: Joxxer88 ($23.15 in chips) 
Seat 5: 11pokeras11 ($24.65 in chips) 
Seat 6: chef nasty ($34.25 in chips) 
Seat 7: MinDaddy ($15 in chips) 
Seat 8: crazy_tay ($22.90 in chips) 
silver2871: posts small blind $0.10
Joxxer88: posts big blind $0.25
MinDaddy: posts big blind $0.25
*** HOLE CARDS ***
Dealt to Alameda22 [9c 7c]
11pokeras11: folds 
chef nasty: folds 
pumpkinchip1 has returned
MinDaddy: checks 
crazy_tay: folds 
Alameda22: folds 
silver2871: folds 
Joxxer88: checks 
*** FLOP *** [8c 3s Qh]
Joxxer88: checks 
MinDaddy: bets $0.50
Joxxer88: folds 
Uncalled bet ($0.50) returned to MinDaddy
MinDaddy collected $0.60 from pot
*** SUMMARY ***
Total pot $0.60 | Rake $0 
Board [8c 3s Qh]
Seat 1: Alameda22 (button) folded before Flop (didn't bet)
Seat 3: silver2871 (small blind) folded before Flop
Seat 4: Joxxer88 (big blind) folded on the Flop
Seat 5: 11pokeras11 folded before Flop (didn't bet)
Seat 6: chef nasty folded before Flop (didn't bet)
Seat 7: MinDaddy collected ($0.60)
Seat 8: crazy_tay folded before Flop (didn't bet)



PokerStars Game #19839576629:  Hold'em No Limit ($0.10/$0.25) - 2008/08/23 - 15:09:47 (ET)
Table 'Achilles V' 9-max Seat #3 is the button
Seat 1: Alameda22 ($37.15 in chips) 
Seat 3: silver2871 ($30.80 in chips) 
Seat 4: Joxxer88 ($22.90 in chips) 
Seat 5: 11pokeras11 ($24.65 in chips) 
Seat 6: chef nasty ($34.25 in chips) 
Seat 7: MinDaddy ($15.35 in chips) 
Seat 8: crazy_tay ($22.90 in chips) 
Seat 9: pumpkinchip1 ($5 in chips) 
Joxxer88: posts small blind $0.10
11pokeras11: posts big blind $0.25
*** HOLE CARDS ***
Dealt to Alameda22 [3c 8h]
chef nasty: folds 
MinDaddy: folds 
crazy_tay: raises $0.50 to $0.75
pumpkinchip1: folds 
Alameda22: folds 
silver2871: folds 
Joxxer88: folds 
11pokeras11: folds 
Uncalled bet ($0.50) returned to crazy_tay
crazy_tay collected $0.60 from pot
crazy_tay: doesn't show hand 
*** SUMMARY ***
Total pot $0.60 | Rake $0 
Seat 1: Alameda22 folded before Flop (didn't bet)
Seat 3: silver2871 (button) folded before Flop (didn't bet)
Seat 4: Joxxer88 (small blind) folded before Flop
Seat 5: 11pokeras11 (big blind) folded before Flop
Seat 6: chef nasty folded before Flop (didn't bet)
Seat 7: MinDaddy folded before Flop (didn't bet)
Seat 8: crazy_tay collected ($0.60)
Seat 9: pumpkinchip1 folded before Flop (didn't bet)



PokerStars Game #19839594709:  Hold'em No Limit ($0.10/$0.25) - 2008/08/23 - 15:10:31 (ET)
Table 'Achilles V' 9-max Seat #4 is the button
Seat 1: Alameda22 ($37.15 in chips) 
Seat 3: silver2871 ($30.80 in chips) 
Seat 4: Joxxer88 ($22.80 in chips) 
Seat 5: 11pokeras11 ($24.40 in chips) 
Seat 6: chef nasty ($34.25 in chips) 
Seat 7: MinDaddy ($15.35 in chips) 
Seat 8: crazy_tay ($23.25 in chips) 
Seat 9: pumpkinchip1 ($5 in chips) 
11pokeras11: posts small blind $0.10
chef nasty: posts big blind $0.25
*** HOLE CARDS ***
Dealt to Alameda22 [5c 7d]
MinDaddy: folds 
crazy_tay: folds 
pumpkinchip1: raises $0.50 to $0.75
Alameda22: folds 
silver2871: folds 
Joxxer88: folds 
11pokeras11: folds 
chef nasty: folds 
Uncalled bet ($0.50) returned to pumpkinchip1
pumpkinchip1 collected $0.60 from pot
pumpkinchip1: doesn't show hand 
*** SUMMARY ***
Total pot $0.60 | Rake $0 
Seat 1: Alameda22 folded before Flop (didn't bet)
Seat 3: silver2871 folded before Flop (didn't bet)
Seat 4: Joxxer88 (button) folded before Flop (didn't bet)
Seat 5: 11pokeras11 (small blind) folded before Flop
Seat 6: chef nasty (big blind) folded before Flop
Seat 7: MinDaddy folded before Flop (didn't bet)
Seat 8: crazy_tay folded before Flop (didn't bet)
Seat 9: pumpkinchip1 collected ($0.60)



PokerStars Game #19839611679:  Hold'em No Limit ($0.10/$0.25) - 2008/08/23 - 15:11:11 (ET)
Table 'Achilles V' 9-max Seat #5 is the button
Seat 1: Alameda22 ($37.15 in chips) 
Seat 3: silver2871 ($30.80 in chips) 
Seat 4: Joxxer88 ($22.80 in chips) 
Seat 5: 11pokeras11 ($24.30 in chips) 
Seat 6: chef nasty ($34 in chips) 
Seat 7: MinDaddy ($15.35 in chips) 
Seat 8: crazy_tay ($23.25 in chips) 
Seat 9: pumpkinchip1 ($5.35 in chips) 
chef nasty: posts small blind $0.10
MinDaddy: posts big blind $0.25
*** HOLE CARDS ***
Dealt to Alameda22 [2h 2d]
crazy_tay: folds 
pumpkinchip1: folds 
Alameda22: folds 
silver2871: raises $0.50 to $0.75
Joxxer88: calls $0.75
11pokeras11: folds 
chef nasty: calls $0.65
MinDaddy: calls $0.50
*** FLOP *** [2c Ad Jh]
chef nasty: checks 
MinDaddy: checks 
silver2871: bets $1.75
Joxxer88: calls $1.75
chef nasty: folds 
MinDaddy: calls $1.75
*** TURN *** [2c Ad Jh] [Kh]
MinDaddy: checks 
silver2871: checks 
Joxxer88: bets $2
MinDaddy: raises $4 to $6
Kamillentee has returned
silver2871: calls $6
Joxxer88: folds 
*** RIVER *** [2c Ad Jh Kh] [7s]
MinDaddy: bets $6.85 and is all-in
silver2871: folds 
Uncalled bet ($6.85) returned to MinDaddy
MinDaddy collected $21.20 from pot
*** SUMMARY ***
Total pot $22.25 | Rake $1.05 
Board [2c Ad Jh Kh 7s]
Seat 1: Alameda22 folded before Flop (didn't bet)
Seat 3: silver2871 folded on the River
Seat 4: Joxxer88 folded on the Turn
Seat 5: 11pokeras11 (button) folded before Flop (didn't bet)
Seat 6: chef nasty (small blind) folded on the Flop
Seat 7: MinDaddy (big blind) collected ($21.20)
Seat 8: crazy_tay folded before Flop (didn't bet)
Seat 9: pumpkinchip1 folded before Flop (didn't bet)



PokerStars Game #19839659189:  Hold'em No Limit ($0.10/$0.25) - 2008/08/23 - 15:13:04 (ET)
Table 'Achilles V' 9-max Seat #6 is the button
Seat 1: Alameda22 ($37.15 in chips) 
Seat 2: Kamillentee ($32.20 in chips) 
Seat 3: silver2871 ($22.30 in chips) 
Seat 4: Joxxer88 ($18.30 in chips) 
Seat 5: 11pokeras11 ($24.30 in chips) 
Seat 6: chef nasty ($33.25 in chips) 
Seat 7: MinDaddy ($28.05 in chips) 
Seat 8: crazy_tay ($23.25 in chips) 
Seat 9: pumpkinchip1 ($5.35 in chips) 
MinDaddy: posts small blind $0.10
crazy_tay: posts big blind $0.25
Kamillentee: posts small blind $0.10
*** HOLE CARDS ***
Dealt to Alameda22 [3s Ks]
pumpkinchip1: calls $0.25
Alameda22: folds 
Kamillentee is disconnected 
Kamillentee is connected 
Kamillentee: folds 
silver2871: calls $0.25
Joxxer88: folds 
11pokeras11: folds 
chef nasty: calls $0.25
MinDaddy: folds 
crazy_tay: checks 
*** FLOP *** [Jd 5h Jc]
crazy_tay: checks 
pumpkinchip1: checks 
silver2871: checks 
chef nasty: checks 
*** TURN *** [Jd 5h Jc] [2s]
crazy_tay: checks 
pumpkinchip1: bets $0.50
silver2871: calls $0.50
chef nasty: folds 
crazy_tay: folds 
*** RIVER *** [Jd 5h Jc 2s] [6d]
pumpkinchip1: bets $0.60
silver2871: calls $0.60
*** SHOW DOWN ***
pumpkinchip1: shows [As 4d] (a pair of Jacks)
silver2871: shows [7h 7s] (two pair, Jacks and Sevens)
silver2871 collected $3.25 from pot
*** SUMMARY ***
Total pot $3.40 | Rake $0.15 
Board [Jd 5h Jc 2s 6d]
Seat 1: Alameda22 folded before Flop (didn't bet)
Seat 2: Kamillentee folded before Flop
Seat 3: silver2871 showed [7h 7s] and won ($3.25) with two pair, Jacks and Sevens
Seat 4: Joxxer88 folded before Flop (didn't bet)
Seat 5: 11pokeras11 folded before Flop (didn't bet)
Seat 6: chef nasty (button) folded on the Turn
Seat 7: MinDaddy (small blind) folded before Flop
Seat 8: crazy_tay (big blind) folded on the Turn
Seat 9: pumpkinchip1 showed [As 4d] and lost with a pair of Jacks



PokerStars Game #19839724941:  Hold'em No Limit ($0.10/$0.25) - 2008/08/23 - 15:15:39 (ET)
Table 'Achilles V' 9-max Seat #7 is the button
Seat 1: Alameda22 ($37.15 in chips) 
Seat 2: Kamillentee ($32.10 in chips) 
Seat 3: silver2871 ($24.20 in chips) 
Seat 4: Joxxer88 ($18.30 in chips) 
Seat 5: 11pokeras11 ($24.30 in chips) 
Seat 6: chef nasty ($33 in chips) 
Seat 7: MinDaddy ($27.95 in chips) 
Seat 8: crazy_tay ($23 in chips) 
Seat 9: pumpkinchip1 ($4 in chips) 
crazy_tay: posts small blind $0.10
pumpkinchip1: posts big blind $0.25
*** HOLE CARDS ***
Dealt to Alameda22 [Ad 5d]
Alameda22: folds 
Kamillentee: folds 
silver2871: folds 
Joxxer88: folds 
11pokeras11: folds 
MinDaddy is disconnected 
chef nasty: raises $0.75 to $1
MinDaddy is connected 
MinDaddy: folds 
crazy_tay: folds 
pumpkinchip1: calls $0.75
*** FLOP *** [8c 3h 2c]
pumpkinchip1: bets $1
chef nasty: raises $2 to $3
pumpkinchip1: calls $2 and is all-in
*** TURN *** [8c 3h 2c] [6c]
*** RIVER *** [8c 3h 2c 6c] [3c]
*** SHOW DOWN ***
pumpkinchip1: shows [3s 8s] (a full house, Threes full of Eights)
chef nasty: mucks hand 
chef nasty said, "nh"
pumpkinchip1 collected $7.70 from pot
pumpkinchip1 said, "wow"
chef nasty said, "sicko"
*** SUMMARY ***
Total pot $8.10 | Rake $0.40 
Board [8c 3h 2c 6c 3c]
Seat 1: Alameda22 folded before Flop (didn't bet)
Seat 2: Kamillentee folded before Flop (didn't bet)
Seat 3: silver2871 folded before Flop (didn't bet)
Seat 4: Joxxer88 folded before Flop (didn't bet)
Seat 5: 11pokeras11 folded before Flop (didn't bet)
Seat 6: chef nasty mucked [Ah Qd]
Seat 7: MinDaddy (button) folded before Flop (didn't bet)
Seat 8: crazy_tay (small blind) folded before Flop
Seat 9: pumpkinchip1 (big blind) showed [3s 8s] and won ($7.70) with a full house, Threes full of Eights



PokerStars Game #19839751073:  Hold'em No Limit ($0.10/$0.25) - 2008/08/23 - 15:16:41 (ET)
Table 'Achilles V' 9-max Seat #8 is the button
Seat 1: Alameda22 ($37.15 in chips) 
Seat 2: Kamillentee ($32.10 in chips) 
Seat 3: silver2871 ($24.20 in chips) 
Seat 4: Joxxer88 ($18.30 in chips) 
Seat 5: 11pokeras11 ($24.30 in chips) 
Seat 6: chef nasty ($29 in chips) 
Seat 7: MinDaddy ($27.95 in chips) 
Seat 8: crazy_tay ($22.90 in chips) 
Seat 9: pumpkinchip1 ($7.70 in chips) 
pumpkinchip1: posts small blind $0.10
Alameda22: posts big blind $0.25
*** HOLE CARDS ***
Dealt to Alameda22 [5h Jc]
Kamillentee: folds 
silver2871: calls $0.25
pumpkinchip1 said, "tyvm"
Joxxer88: folds 
11pokeras11: calls $0.25
chef nasty: raises $0.75 to $1
MinDaddy: folds 
crazy_tay: folds 
pumpkinchip1: folds 
Alameda22: folds 
silver2871: calls $0.75
11pokeras11: folds 
*** FLOP *** [4c 7c 9s]
silver2871: checks 
chef nasty: bets $1.75
silver2871: folds 
Uncalled bet ($1.75) returned to chef nasty
chef nasty collected $2.50 from pot
chef nasty: doesn't show hand 
*** SUMMARY ***
Total pot $2.60 | Rake $0.10 
Board [4c 7c 9s]
Seat 1: Alameda22 (big blind) folded before Flop
Seat 2: Kamillentee folded before Flop (didn't bet)
Seat 3: silver2871 folded on the Flop
Seat 4: Joxxer88 folded before Flop (didn't bet)
Seat 5: 11pokeras11 folded before Flop
Seat 6: chef nasty collected ($2.50)
Seat 7: MinDaddy folded before Flop (didn't bet)
Seat 8: crazy_tay (button) folded before Flop (didn't bet)
Seat 9: pumpkinchip1 (small blind) folded before Flop



PokerStars Game #19839779677:  Hold'em No Limit ($0.10/$0.25) - 2008/08/23 - 15:17:48 (ET)
Table 'Achilles V' 9-max Seat #9 is the button
Seat 1: Alameda22 ($36.90 in chips) 
Seat 2: Kamillentee ($32.10 in chips) 
Seat 3: silver2871 ($23.20 in chips) 
Seat 4: Joxxer88 ($18.30 in chips) 
Seat 5: 11pokeras11 ($24.05 in chips) 
Seat 6: chef nasty ($30.50 in chips) 
Seat 7: MinDaddy ($27.95 in chips) 
Seat 8: crazy_tay ($22.90 in chips) 
Seat 9: pumpkinchip1 ($7.60 in chips) 
Alameda22: posts small blind $0.10
Kamillentee: posts big blind $0.25
*** HOLE CARDS ***
Dealt to Alameda22 [6c Ks]
silver2871: folds 
Joxxer88: folds 
11pokeras11: folds 
chef nasty: calls $0.25
MinDaddy: folds 
crazy_tay: folds 
pumpkinchip1: folds 
Alameda22: folds 
Kamillentee: checks 
*** FLOP *** [4h 3c 6h]
Kamillentee: checks 
chef nasty: bets $0.75
Kamillentee: folds 
Uncalled bet ($0.75) returned to chef nasty
chef nasty collected $0.60 from pot
chef nasty: doesn't show hand 
*** SUMMARY ***
Total pot $0.60 | Rake $0 
Board [4h 3c 6h]
Seat 1: Alameda22 (small blind) folded before Flop
Seat 2: Kamillentee (big blind) folded on the Flop
Seat 3: silver2871 folded before Flop (didn't bet)
Seat 4: Joxxer88 folded before Flop (didn't bet)
Seat 5: 11pokeras11 folded before Flop (didn't bet)
Seat 6: chef nasty collected ($0.60)
Seat 7: MinDaddy folded before Flop (didn't bet)
Seat 8: crazy_tay folded before Flop (didn't bet)
Seat 9: pumpkinchip1 (button) folded before Flop (didn't bet)



PokerStars Game #19839805690:  Hold'em No Limit ($0.10/$0.25) - 2008/08/23 - 15:18:49 (ET)
Table 'Achilles V' 9-max Seat #1 is the button
Seat 1: Alameda22 ($36.80 in chips) 
Seat 2: Kamillentee ($31.85 in chips) 
Seat 3: silver2871 ($23.20 in chips) 
Seat 4: Joxxer88 ($18.30 in chips) 
Seat 5: 11pokeras11 ($24.05 in chips) 
Seat 6: chef nasty ($30.85 in chips) 
Seat 7: MinDaddy ($27.95 in chips) 
Seat 8: crazy_tay ($22.90 in chips) 
Seat 9: pumpkinchip1 ($7.60 in chips) 
Kamillentee: posts small blind $0.10
silver2871: posts big blind $0.25
*** HOLE CARDS ***
Dealt to Alameda22 [Th Ks]
Joxxer88: folds 
11pokeras11: calls $0.25
chef nasty: folds 
MinDaddy: folds 
crazy_tay: folds 
pumpkinchip1: folds 
Alameda22: folds 
Kamillentee: calls $0.15
chef nasty said, "anyone kno how the fpp's work"
silver2871: checks 
*** FLOP *** [Qh 7d Ah]
chef nasty said, "like what it takes to get 1 point"
Kamillentee: checks 
silver2871: checks 
11pokeras11: checks 
*** TURN *** [Qh 7d Ah] [2s]
Kamillentee: bets $0.50
silver2871: folds 
11pokeras11: calls $0.50
*** RIVER *** [Qh 7d Ah 2s] [Jc]
Kamillentee: bets $1
11pokeras11: calls $1
*** SHOW DOWN ***
Kamillentee: shows [2h Ac] (two pair, Aces and Deuces)
11pokeras11: mucks hand 
Kamillentee collected $3.60 from pot
*** SUMMARY ***
Total pot $3.75 | Rake $0.15 
Board [Qh 7d Ah 2s Jc]
Seat 1: Alameda22 (button) folded before Flop (didn't bet)
Seat 2: Kamillentee (small blind) showed [2h Ac] and won ($3.60) with two pair, Aces and Deuces
Seat 3: silver2871 (big blind) folded on the Turn
Seat 4: Joxxer88 folded before Flop (didn't bet)
Seat 5: 11pokeras11 mucked [Qd Td]
Seat 6: chef nasty folded before Flop (didn't bet)
Seat 7: MinDaddy folded before Flop (didn't bet)
Seat 8: crazy_tay folded before Flop (didn't bet)
Seat 9: pumpkinchip1 folded before Flop (didn't bet)



PokerStars Game #19839844848:  Hold'em No Limit ($0.10/$0.25) - 2008/08/23 - 15:20:23 (ET)
Table 'Achilles V' 9-max Seat #2 is the button
Seat 1: Alameda22 ($36.80 in chips) 
Seat 2: Kamillentee ($33.70 in chips) 
Seat 3: silver2871 ($22.95 in chips) 
Seat 4: Joxxer88 ($18.30 in chips) 
Seat 5: 11pokeras11 ($22.30 in chips) 
Seat 6: chef nasty ($30.85 in chips) 
Seat 7: MinDaddy ($27.95 in chips) 
Seat 8: crazy_tay ($22.90 in chips) 
Seat 9: pumpkinchip1 ($7.60 in chips) 
silver2871: posts small blind $0.10
Joxxer88: posts big blind $0.25
*** HOLE CARDS ***
Dealt to Alameda22 [Kd As]
11pokeras11: folds 
chef nasty: folds 
MinDaddy: folds 
crazy_tay: folds 
pumpkinchip1: folds 
Alameda22: raises $0.50 to $0.75
Kamillentee is disconnected 
Kamillentee is connected 
pumpkinchip1 said, "............................'';;''................................"
Kamillentee: folds 
silver2871: folds 
Joxxer88: folds 
Uncalled bet ($0.50) returned to Alameda22
Alameda22 collected $0.60 from pot
Alameda22: doesn't show hand 
*** SUMMARY ***
Total pot $0.60 | Rake $0 
Seat 1: Alameda22 collected ($0.60)
Seat 2: Kamillentee (button) folded before Flop (didn't bet)
Seat 3: silver2871 (small blind) folded before Flop
Seat 4: Joxxer88 (big blind) folded before Flop
Seat 5: 11pokeras11 folded before Flop (didn't bet)
Seat 6: chef nasty folded before Flop (didn't bet)
Seat 7: MinDaddy folded before Flop (didn't bet)
Seat 8: crazy_tay folded before Flop (didn't bet)
Seat 9: pumpkinchip1 folded before Flop (didn't bet)



PokerStars Game #19839863150:  Hold'em No Limit ($0.10/$0.25) - 2008/08/23 - 15:21:06 (ET)
Table 'Achilles V' 9-max Seat #3 is the button
Seat 1: Alameda22 ($37.15 in chips) 
Seat 2: Kamillentee ($33.70 in chips) 
Seat 3: silver2871 ($22.85 in chips) 
Seat 4: Joxxer88 ($18.05 in chips) 
Seat 5: 11pokeras11 ($22.30 in chips) 
Seat 6: chef nasty ($30.85 in chips) 
Seat 7: MinDaddy ($27.95 in chips) 
Seat 8: crazy_tay ($22.90 in chips) 
Seat 9: pumpkinchip1 ($7.60 in chips) 
Joxxer88: posts small blind $0.10
11pokeras11: posts big blind $0.25
*** HOLE CARDS ***
Dealt to Alameda22 [7d 2s]
chef nasty: calls $0.25
MinDaddy: folds 
crazy_tay: folds 
pumpkinchip1: calls $0.25
Alameda22: folds 
Kamillentee: calls $0.25
silver2871: calls $0.25
Joxxer88: calls $0.15
11pokeras11: checks 
*** FLOP *** [2c 8s 7h]
Joxxer88: checks 
11pokeras11: checks 
chef nasty: checks 
pumpkinchip1: bets $1.35
Kamillentee: folds 
silver2871: folds 
Joxxer88: folds 
11pokeras11: folds 
chef nasty said, "83 again? haha"
chef nasty: folds 
Uncalled bet ($1.35) returned to pumpkinchip1
MinDaddy is disconnected 
pumpkinchip1 collected $1.45 from pot
pumpkinchip1: doesn't show hand 
*** SUMMARY ***
Total pot $1.50 | Rake $0.05 
Board [2c 8s 7h]
Seat 1: Alameda22 folded before Flop (didn't bet)
Seat 2: Kamillentee folded on the Flop
Seat 3: silver2871 (button) folded on the Flop
Seat 4: Joxxer88 (small blind) folded on the Flop
Seat 5: 11pokeras11 (big blind) folded on the Flop
Seat 6: chef nasty folded on the Flop
Seat 7: MinDaddy folded before Flop (didn't bet)
Seat 8: crazy_tay folded before Flop (didn't bet)
Seat 9: pumpkinchip1 collected ($1.45)



PokerStars Game #19839892604:  Hold'em No Limit ($0.10/$0.25) - 2008/08/23 - 15:22:16 (ET)
Table 'Achilles V' 9-max Seat #4 is the button
Seat 1: Alameda22 ($37.15 in chips) 
Seat 2: Kamillentee ($33.45 in chips) 
Seat 3: silver2871 ($22.60 in chips) 
Seat 4: Joxxer88 ($17.80 in chips) 
Seat 5: 11pokeras11 ($22.05 in chips) 
Seat 6: chef nasty ($30.60 in chips) 
Seat 7: MinDaddy ($27.95 in chips) 
Seat 8: crazy_tay ($22.90 in chips) 
Seat 9: pumpkinchip1 ($8.80 in chips) 
11pokeras11: posts small blind $0.10
chef nasty: posts big blind $0.25
*** HOLE CARDS ***
Dealt to Alameda22 [Js 2d]
pumpkinchip1 said, "lol"
MinDaddy is connected 
MinDaddy: folds 
crazy_tay: folds 
pumpkinchip1: folds 
Alameda22: folds 
Kamillentee: raises $0.75 to $1
silver2871: raises $2 to $3
Joxxer88: folds 
11pokeras11: folds 
chef nasty: folds 
chef nasty said, "i was callin one"
Kamillentee: calls $2
*** FLOP *** [Ah 2h Ad]
Kamillentee: checks 
silver2871: bets $3
Kamillentee: folds 
Uncalled bet ($3) returned to silver2871
silver2871 collected $6.05 from pot
chef nasty said, "with an ace"
*** SUMMARY ***
Total pot $6.35 | Rake $0.30 
Board [Ah 2h Ad]
Seat 1: Alameda22 folded before Flop (didn't bet)
Seat 2: Kamillentee folded on the Flop
Seat 3: silver2871 collected ($6.05)
Seat 4: Joxxer88 (button) folded before Flop (didn't bet)
Seat 5: 11pokeras11 (small blind) folded before Flop
Seat 6: chef nasty (big blind) folded before Flop
Seat 7: MinDaddy folded before Flop (didn't bet)
Seat 8: crazy_tay folded before Flop (didn't bet)
Seat 9: pumpkinchip1 folded before Flop (didn't bet)



PokerStars Game #19839930257:  Hold'em No Limit ($0.10/$0.25) - 2008/08/23 - 15:23:44 (ET)
Table 'Achilles V' 9-max Seat #5 is the button
Seat 1: Alameda22 ($37.15 in chips) 
Seat 2: Kamillentee ($30.45 in chips) 
Seat 3: silver2871 ($25.65 in chips) 
Seat 4: Joxxer88 ($17.80 in chips) 
Seat 5: 11pokeras11 ($21.95 in chips) 
Seat 6: chef nasty ($30.35 in chips) 
Seat 7: MinDaddy ($27.95 in chips) 
Seat 8: crazy_tay ($22.90 in chips) 
Seat 9: pumpkinchip1 ($8.80 in chips) 
chef nasty: posts small blind $0.10
MinDaddy: posts big blind $0.25
*** HOLE CARDS ***
Dealt to Alameda22 [Js 9c]
crazy_tay: raises $0.50 to $0.75
pumpkinchip1: calls $0.75
chef nasty said, "u screwed me joxxer"
Alameda22: folds 
pumpkinchip1 said, "lololol"
Kamillentee: calls $0.75
silver2871: calls $0.75
Joxxer88: folds 
11pokeras11: folds 
chef nasty: folds 
MinDaddy: folds 
*** FLOP *** [8h 3d 3s]
MinDaddy is sitting out
crazy_tay: bets $2.25
pumpkinchip1: folds 
Kamillentee: folds 
silver2871: folds 
Uncalled bet ($2.25) returned to crazy_tay
crazy_tay collected $3.20 from pot
crazy_tay: doesn't show hand 
*** SUMMARY ***
Total pot $3.35 | Rake $0.15 
Board [8h 3d 3s]
Seat 1: Alameda22 folded before Flop (didn't bet)
Seat 2: Kamillentee folded on the Flop
Seat 3: silver2871 folded on the Flop
Seat 4: Joxxer88 folded before Flop (didn't bet)
Seat 5: 11pokeras11 (button) folded before Flop (didn't bet)
Seat 6: chef nasty (small blind) folded before Flop
Seat 7: MinDaddy (big blind) folded before Flop
Seat 8: crazy_tay collected ($3.20)
Seat 9: pumpkinchip1 folded on the Flop



PokerStars Game #19839959258:  Hold'em No Limit ($0.10/$0.25) - 2008/08/23 - 15:24:52 (ET)
Table 'Achilles V' 9-max Seat #6 is the button
Seat 1: Alameda22 ($37.15 in chips) 
Seat 2: Kamillentee ($29.70 in chips) 
Seat 3: silver2871 ($24.90 in chips) 
Seat 4: Joxxer88 ($17.80 in chips) 
Seat 5: 11pokeras11 ($21.95 in chips) 
Seat 6: chef nasty ($30.25 in chips) 
Seat 8: crazy_tay ($25.35 in chips) 
Seat 9: pumpkinchip1 ($8.05 in chips) 
crazy_tay: posts small blind $0.10
chef nasty said, "im all in"
pumpkinchip1: posts big blind $0.25
*** HOLE CARDS ***
Dealt to Alameda22 [Ad Kd]
pumpkinchip1 said, "ok"
Alameda22: raises $0.50 to $0.75
chef nasty said, "maybe nexr hand"
Kamillentee: calls $0.75
silver2871: folds 
Joxxer88: folds 
11pokeras11: folds 
chef nasty: folds 
crazy_tay: folds 
pumpkinchip1: calls $0.50
*** FLOP *** [5c 9d 2s]
pumpkinchip1: checks 
Alameda22: bets $1.50
Kamillentee: folds 
pumpkinchip1: folds 
Uncalled bet ($1.50) returned to Alameda22
Alameda22 collected $2.25 from pot
Alameda22: doesn't show hand 
*** SUMMARY ***
Total pot $2.35 | Rake $0.10 
Board [5c 9d 2s]
Seat 1: Alameda22 collected ($2.25)
Seat 2: Kamillentee folded on the Flop
Seat 3: silver2871 folded before Flop (didn't bet)
Seat 4: Joxxer88 folded before Flop (didn't bet)
Seat 5: 11pokeras11 folded before Flop (didn't bet)
Seat 6: chef nasty (button) folded before Flop (didn't bet)
Seat 8: crazy_tay (small blind) folded before Flop
Seat 9: pumpkinchip1 (big blind) folded on the Flop



PokerStars Game #19840000997:  Hold'em No Limit ($0.10/$0.25) - 2008/08/23 - 15:26:30 (ET)
Table 'Achilles V' 9-max Seat #8 is the button
Seat 1: Alameda22 ($38.65 in chips) 
Seat 2: Kamillentee ($28.95 in chips) 
Seat 3: silver2871 ($24.90 in chips) 
Seat 4: Joxxer88 ($17.80 in chips) 
Seat 5: 11pokeras11 ($21.95 in chips) 
Seat 6: chef nasty ($30.25 in chips) 
Seat 8: crazy_tay ($25.25 in chips) 
Seat 9: pumpkinchip1 ($7.30 in chips) 
pumpkinchip1: posts small blind $0.10
Alameda22: posts big blind $0.25
*** HOLE CARDS ***
Dealt to Alameda22 [Ac Ts]
Kamillentee: folds 
silver2871: folds 
Joxxer88: calls $0.25
11pokeras11: folds 
chef nasty: folds 
crazy_tay: folds 
pumpkinchip1: calls $0.15
Alameda22: checks 
*** FLOP *** [5c 2s Jd]
pumpkinchip1: bets $0.25
Alameda22: folds 
Joxxer88: calls $0.25
*** TURN *** [5c 2s Jd] [Js]
pumpkinchip1: bets $0.50
Joxxer88: calls $0.50
*** RIVER *** [5c 2s Jd Js] [8d]
pumpkinchip1: bets $1.30
Joxxer88: folds 
Uncalled bet ($1.30) returned to pumpkinchip1
pumpkinchip1 collected $2.15 from pot
pumpkinchip1: doesn't show hand 
chef nasty said, "ahhhh i hate it"
*** SUMMARY ***
Total pot $2.25 | Rake $0.10 
Board [5c 2s Jd Js 8d]
Seat 1: Alameda22 (big blind) folded on the Flop
Seat 2: Kamillentee folded before Flop (didn't bet)
Seat 3: silver2871 folded before Flop (didn't bet)
Seat 4: Joxxer88 folded on the River
Seat 5: 11pokeras11 folded before Flop (didn't bet)
Seat 6: chef nasty folded before Flop (didn't bet)
Seat 8: crazy_tay (button) folded before Flop (didn't bet)
Seat 9: pumpkinchip1 (small blind) collected ($2.15)



PokerStars Game #19840025478:  Hold'em No Limit ($0.10/$0.25) - 2008/08/23 - 15:27:27 (ET)
Table 'Achilles V' 9-max Seat #9 is the button
Seat 1: Alameda22 ($38.40 in chips) 
Seat 2: Kamillentee ($28.95 in chips) 
Seat 3: silver2871 ($24.90 in chips) 
Seat 4: Joxxer88 ($16.80 in chips) 
Seat 5: 11pokeras11 ($21.95 in chips) 
Seat 6: chef nasty ($30.25 in chips) 
Seat 8: crazy_tay ($25.25 in chips) 
Seat 9: pumpkinchip1 ($8.45 in chips) 
Alameda22: posts small blind $0.10
Kamillentee: posts big blind $0.25
*** HOLE CARDS ***
Dealt to Alameda22 [7s 2c]
silver2871: folds 
Joxxer88: folds 
11pokeras11: folds 
chef nasty: folds 
chef nasty said, "J5"
crazy_tay: raises $0.50 to $0.75
pumpkinchip1: folds 
Alameda22: folds 
Kamillentee: calls $0.50
*** FLOP *** [7c Kh Tc]
Kamillentee: checks 
pumpkinchip1 said, "............'';;''.............."
crazy_tay: checks 
*** TURN *** [7c Kh Tc] [9s]
Kamillentee: checks 
crazy_tay: bets $1
Kamillentee: calls $1
*** RIVER *** [7c Kh Tc 9s] [Qd]
Kamillentee: bets $1.50
crazy_tay: raises $1.75 to $3.25
Kamillentee: folds 
Uncalled bet ($1.75) returned to crazy_tay
crazy_tay collected $6.30 from pot
crazy_tay: doesn't show hand 
*** SUMMARY ***
Total pot $6.60 | Rake $0.30 
Board [7c Kh Tc 9s Qd]
Seat 1: Alameda22 (small blind) folded before Flop
Seat 2: Kamillentee (big blind) folded on the River
Seat 3: silver2871 folded before Flop (didn't bet)
Seat 4: Joxxer88 folded before Flop (didn't bet)
Seat 5: 11pokeras11 folded before Flop (didn't bet)
Seat 6: chef nasty folded before Flop (didn't bet)
Seat 8: crazy_tay collected ($6.30)
Seat 9: pumpkinchip1 (button) folded before Flop (didn't bet)



PokerStars Game #19840047338:  Hold'em No Limit ($0.10/$0.25) - 2008/08/23 - 15:28:19 (ET)
Table 'Achilles V' 9-max Seat #1 is the button
Seat 1: Alameda22 ($38.30 in chips) 
Seat 2: Kamillentee ($25.70 in chips) 
Seat 3: silver2871 ($24.90 in chips) 
Seat 4: Joxxer88 ($16.80 in chips) 
Seat 5: 11pokeras11 ($21.95 in chips) 
Seat 6: chef nasty ($30.25 in chips) 
Seat 8: crazy_tay ($28.30 in chips) 
Seat 9: pumpkinchip1 ($8.45 in chips) 
Kamillentee: posts small blind $0.10
silver2871: posts big blind $0.25
*** HOLE CARDS ***
Dealt to Alameda22 [9c 6d]
Joxxer88: folds 
11pokeras11: folds 
chef nasty: folds 
crazy_tay: folds 
pumpkinchip1: folds 
Alameda22: folds 
Kamillentee: calls $0.15
silver2871: checks 
*** FLOP *** [Kh 9h 9s]
Kamillentee: checks 
silver2871: checks 
*** TURN *** [Kh 9h 9s] [5c]
Kamillentee: checks 
silver2871: bets $0.50
Kamillentee: calls $0.50
*** RIVER *** [Kh 9h 9s 5c] [Ad]
Kamillentee: checks 
silver2871: checks 
*** SHOW DOWN ***
Kamillentee: shows [Th Ac] (two pair, Aces and Nines)
silver2871: mucks hand 
Kamillentee collected $1.45 from pot
*** SUMMARY ***
Total pot $1.50 | Rake $0.05 
Board [Kh 9h 9s 5c Ad]
Seat 1: Alameda22 (button) folded before Flop (didn't bet)
Seat 2: Kamillentee (small blind) showed [Th Ac] and won ($1.45) with two pair, Aces and Nines
Seat 3: silver2871 (big blind) mucked [Jc 7d]
Seat 4: Joxxer88 folded before Flop (didn't bet)
Seat 5: 11pokeras11 folded before Flop (didn't bet)
Seat 6: chef nasty folded before Flop (didn't bet)
Seat 8: crazy_tay folded before Flop (didn't bet)
Seat 9: pumpkinchip1 folded before Flop (didn't bet)



PokerStars Game #19840085983:  Hold'em No Limit ($0.10/$0.25) - 2008/08/23 - 15:29:50 (ET)
Table 'Achilles V' 9-max Seat #2 is the button
Seat 1: Alameda22 ($38.30 in chips) 
Seat 2: Kamillentee ($26.40 in chips) 
Seat 3: silver2871 ($24.15 in chips) 
Seat 4: Joxxer88 ($16.80 in chips) 
Seat 5: 11pokeras11 ($21.95 in chips) 
Seat 6: chef nasty ($30.25 in chips) 
Seat 8: crazy_tay ($28.30 in chips) 
Seat 9: pumpkinchip1 ($8.45 in chips) 
silver2871: posts small blind $0.10
Joxxer88: posts big blind $0.25
*** HOLE CARDS ***
Dealt to Alameda22 [7s 6d]
11pokeras11: calls $0.25
pumpkinchip1 said, "ouiouiou"
chef nasty: raises $0.75 to $1
crazy_tay: folds 
pumpkinchip1: folds 
Alameda22: folds 
Kamillentee: folds 
silver2871: folds 
Joxxer88: folds 
11pokeras11: folds 
Uncalled bet ($0.75) returned to chef nasty
chef nasty collected $0.85 from pot
chef nasty: doesn't show hand 
*** SUMMARY ***
Total pot $0.85 | Rake $0 
Seat 1: Alameda22 folded before Flop (didn't bet)
Seat 2: Kamillentee (button) folded before Flop (didn't bet)
Seat 3: silver2871 (small blind) folded before Flop
Seat 4: Joxxer88 (big blind) folded before Flop
Seat 5: 11pokeras11 folded before Flop
Seat 6: chef nasty collected ($0.85)
Seat 8: crazy_tay folded before Flop (didn't bet)
Seat 9: pumpkinchip1 folded before Flop (didn't bet)



