PokerStars Game #20142497546:  Hold'em No Limit ($0.10/$0.25) - 2008/09/04 13:58:06 ET
Table 'Badenia' 9-max Seat #4 is the button
Seat 1: Sick M ($51.15 in chips) 
Seat 2: Bahb ($2.90 in chips) 
Seat 3: skooby814 ($17.25 in chips) 
Seat 4: Tenato ($20.75 in chips) 
Seat 5: AtrY ($24.40 in chips) 
Seat 6: Alameda22 ($25 in chips) 
Seat 7: Lyugofor ($14.60 in chips) 
Seat 8: Rig Sick* ($15.15 in chips) 
Seat 9: pcboi ($56.75 in chips) 
AtrY: posts small blind $0.10
Alameda22: posts big blind $0.25
*** HOLE CARDS ***
Dealt to Alameda22 [7d 8h]
Lyugofor: folds 
Rig Sick*: folds 
pcboi: folds 
Sick M: folds 
Bahb: folds 
skooby814: calls $0.25
Tenato: calls $0.25
AtrY: folds 
Alameda22: checks 
*** FLOP *** [Kh 4h 3d]
Alameda22: checks 
skooby814: checks 
Tenato: bets $0.75
Alameda22: folds 
skooby814: folds 
Uncalled bet ($0.75) returned to Tenato
Tenato collected $0.85 from pot
Tenato: doesn't show hand 
*** SUMMARY ***
Total pot $0.85 | Rake $0 
Board [Kh 4h 3d]
Seat 1: Sick M folded before Flop (didn't bet)
Seat 2: Bahb folded before Flop (didn't bet)
Seat 3: skooby814 folded on the Flop
Seat 4: Tenato (button) collected ($0.85)
Seat 5: AtrY (small blind) folded before Flop
Seat 6: Alameda22 (big blind) folded on the Flop
Seat 7: Lyugofor folded before Flop (didn't bet)
Seat 8: Rig Sick* folded before Flop (didn't bet)
Seat 9: pcboi folded before Flop (didn't bet)



PokerStars Game #20142520901:  Hold'em No Limit ($0.10/$0.25) - 2008/09/04 13:59:05 ET
Table 'Badenia' 9-max Seat #5 is the button
Seat 1: Sick M ($51.15 in chips) 
Seat 2: Bahb ($2.90 in chips) 
Seat 3: skooby814 ($17 in chips) 
Seat 4: Tenato ($21.35 in chips) 
Seat 5: AtrY ($24.30 in chips) 
Seat 6: Alameda22 ($24.75 in chips) 
Seat 7: Lyugofor ($14.60 in chips) 
Seat 8: Rig Sick* ($15.15 in chips) 
Seat 9: pcboi ($56.75 in chips) 
Alameda22: posts small blind $0.10
Lyugofor: posts big blind $0.25
*** HOLE CARDS ***
Dealt to Alameda22 [Qc 9c]
Rig Sick*: folds 
pcboi: folds 
Sick M: folds 
Bahb: folds 
skooby814: folds 
Tenato: calls $0.25
AtrY: raises $1 to $1.25
Alameda22: folds 
Lyugofor: folds 
Tenato: calls $1
*** FLOP *** [2s 9h 8d]
Tenato: checks 
AtrY: bets $1.75
Tenato: calls $1.75
*** TURN *** [2s 9h 8d] [7s]
Tenato: checks 
AtrY: bets $3.75
pcboi is sitting out
Tenato: calls $3.75
*** RIVER *** [2s 9h 8d 7s] [6c]
Tenato: bets $1.50
AtrY: raises $6 to $7.50
Tenato: calls $6
*** SHOW DOWN ***
AtrY: shows [5h 4h] (a straight, Five to Nine)
Tenato: shows [8h 7d] (two pair, Eights and Sevens)
AtrY collected $27.45 from pot
*** SUMMARY ***
Total pot $28.85 | Rake $1.40 
Board [2s 9h 8d 7s 6c]
Seat 1: Sick M folded before Flop (didn't bet)
Seat 2: Bahb folded before Flop (didn't bet)
Seat 3: skooby814 folded before Flop (didn't bet)
Seat 4: Tenato showed [8h 7d] and lost with two pair, Eights and Sevens
Seat 5: AtrY (button) showed [5h 4h] and won ($27.45) with a straight, Five to Nine
Seat 6: Alameda22 (small blind) folded before Flop
Seat 7: Lyugofor (big blind) folded before Flop
Seat 8: Rig Sick* folded before Flop (didn't bet)
Seat 9: pcboi folded before Flop (didn't bet)



PokerStars Game #20142602874:  Hold'em No Limit ($0.10/$0.25) - 2008/09/04 14:02:28 ET
Table 'Badenia' 9-max Seat #6 is the button
Seat 1: Sick M ($51.15 in chips) 
Seat 2: Bahb ($2.90 in chips) 
Seat 3: skooby814 ($17 in chips) 
Seat 4: Tenato ($7.10 in chips) 
Seat 5: AtrY ($37.50 in chips) 
Seat 6: Alameda22 ($24.65 in chips) 
Seat 7: Lyugofor ($14.35 in chips) 
Seat 8: Rig Sick* ($15.15 in chips) 
Lyugofor: posts small blind $0.10
Rig Sick*: posts big blind $0.25
*** HOLE CARDS ***
Dealt to Alameda22 [Js Ad]
Sick M: folds 
Bahb: folds 
skooby814: folds 
Tenato: folds 
AtrY: folds 
Tenato said, "nh"
Alameda22: folds 
Lyugofor: calls $0.15
Rig Sick*: checks 
*** FLOP *** [8d Ac Ks]
Lyugofor: bets $0.25
Rig Sick*: folds 
Uncalled bet ($0.25) returned to Lyugofor
Lyugofor collected $0.50 from pot
Lyugofor: doesn't show hand 
*** SUMMARY ***
Total pot $0.50 | Rake $0 
Board [8d Ac Ks]
Seat 1: Sick M folded before Flop (didn't bet)
Seat 2: Bahb folded before Flop (didn't bet)
Seat 3: skooby814 folded before Flop (didn't bet)
Seat 4: Tenato folded before Flop (didn't bet)
Seat 5: AtrY folded before Flop (didn't bet)
Seat 6: Alameda22 (button) folded before Flop (didn't bet)
Seat 7: Lyugofor (small blind) collected ($0.50)
Seat 8: Rig Sick* (big blind) folded on the Flop



PokerStars Game #20142621140:  Hold'em No Limit ($0.10/$0.25) - 2008/09/04 14:03:13 ET
Table 'Badenia' 9-max Seat #7 is the button
Seat 1: Sick M ($51.15 in chips) 
Seat 2: Bahb ($2.90 in chips) 
Seat 3: skooby814 ($17 in chips) 
Seat 4: Tenato ($7.10 in chips) 
Seat 5: AtrY ($37.50 in chips) 
Seat 6: Alameda22 ($24.65 in chips) 
Seat 7: Lyugofor ($14.60 in chips) 
Seat 8: Rig Sick* ($25 in chips) 
Rig Sick*: posts small blind $0.10
Sick M: posts big blind $0.25
*** HOLE CARDS ***
Dealt to Alameda22 [Kd 4d]
Bahb: calls $0.25
skooby814: folds 
Tenato: calls $0.25
AtrY: folds 
Alameda22: folds 
Lyugofor: folds 
Rig Sick*: calls $0.15
Sick M: checks 
*** FLOP *** [9c 3h 3c]
Rig Sick*: checks 
Sick M: checks 
Bahb: checks 
Tenato: checks 
*** TURN *** [9c 3h 3c] [5c]
Rig Sick*: checks 
Sick M: checks 
Bahb: checks 
Tenato: checks 
*** RIVER *** [9c 3h 3c 5c] [2c]
Rig Sick*: bets $0.75
Sick M: calls $0.75
Bahb: folds 
Tenato: folds 
*** SHOW DOWN ***
Rig Sick*: shows [3s 2d] (a full house, Threes full of Deuces)
Sick M: mucks hand 
Rig Sick* collected $2.40 from pot
*** SUMMARY ***
Total pot $2.50 | Rake $0.10 
Board [9c 3h 3c 5c 2c]
Seat 1: Sick M (big blind) mucked [7s Kc]
Seat 2: Bahb folded on the River
Seat 3: skooby814 folded before Flop (didn't bet)
Seat 4: Tenato folded on the River
Seat 5: AtrY folded before Flop (didn't bet)
Seat 6: Alameda22 folded before Flop (didn't bet)
Seat 7: Lyugofor (button) folded before Flop (didn't bet)
Seat 8: Rig Sick* (small blind) showed [3s 2d] and won ($2.40) with a full house, Threes full of Deuces



PokerStars Game #20142659905:  Hold'em No Limit ($0.10/$0.25) - 2008/09/04 14:04:47 ET
Table 'Badenia' 9-max Seat #8 is the button
Seat 1: Sick M ($50.15 in chips) 
Seat 2: Bahb ($2.65 in chips) 
Seat 3: skooby814 ($17 in chips) 
Seat 4: Tenato ($6.85 in chips) 
Seat 5: AtrY ($37.50 in chips) 
Seat 6: Alameda22 ($24.65 in chips) 
Seat 7: Lyugofor ($14.60 in chips) 
Seat 8: Rig Sick* ($26.40 in chips) 
Sick M: posts small blind $0.10
Bahb: posts big blind $0.25
*** HOLE CARDS ***
Dealt to Alameda22 [3d 4h]
skooby814: folds 
Tenato: raises $0.50 to $0.75
AtrY: folds 
Alameda22: folds 
Lyugofor: folds 
Rig Sick*: folds 
Sick M: folds 
Bahb: calls $0.50
*** FLOP *** [As Jd 2c]
Bahb: bets $0.25
Tenato: calls $0.25
*** TURN *** [As Jd 2c] [8h]
Bahb: checks 
Tenato: checks 
*** RIVER *** [As Jd 2c 8h] [Qd]
Bahb: checks 
Tenato: checks 
*** SHOW DOWN ***
Bahb: shows [9s 9c] (a pair of Nines)
Tenato: mucks hand 
Bahb collected $2 from pot
*** SUMMARY ***
Total pot $2.10 | Rake $0.10 
Board [As Jd 2c 8h Qd]
Seat 1: Sick M (small blind) folded before Flop
Seat 2: Bahb (big blind) showed [9s 9c] and won ($2) with a pair of Nines
Seat 3: skooby814 folded before Flop (didn't bet)
Seat 4: Tenato mucked [5d Kd]
Seat 5: AtrY folded before Flop (didn't bet)
Seat 6: Alameda22 folded before Flop (didn't bet)
Seat 7: Lyugofor folded before Flop (didn't bet)
Seat 8: Rig Sick* (button) folded before Flop (didn't bet)



PokerStars Game #20142698920:  Hold'em No Limit ($0.10/$0.25) - 2008/09/04 14:06:21 ET
Table 'Badenia' 9-max Seat #1 is the button
Seat 1: Sick M ($50.05 in chips) 
Seat 2: Bahb ($3.65 in chips) 
Seat 3: skooby814 ($17 in chips) 
Seat 4: Tenato ($5.85 in chips) 
Seat 5: AtrY ($37.50 in chips) 
Seat 6: Alameda22 ($24.65 in chips) 
Seat 7: Lyugofor ($14.60 in chips) 
Seat 8: Rig Sick* ($26.40 in chips) 
Bahb: posts small blind $0.10
skooby814: posts big blind $0.25
*** HOLE CARDS ***
Dealt to Alameda22 [Kc 3h]
Tenato: calls $0.25
AtrY: folds 
Alameda22: folds 
Lyugofor: calls $0.25
Rig Sick*: calls $0.25
Sick M: folds 
Bahb: calls $0.15
skooby814: checks 
*** FLOP *** [6h 8c 8s]
Bahb: checks 
skooby814: bets $0.75
Tenato: folds 
Lyugofor: folds 
Rig Sick*: folds 
Bahb: folds 
Uncalled bet ($0.75) returned to skooby814
skooby814 collected $1.20 from pot
*** SUMMARY ***
Total pot $1.25 | Rake $0.05 
Board [6h 8c 8s]
Seat 1: Sick M (button) folded before Flop (didn't bet)
Seat 2: Bahb (small blind) folded on the Flop
Seat 3: skooby814 (big blind) collected ($1.20)
Seat 4: Tenato folded on the Flop
Seat 5: AtrY folded before Flop (didn't bet)
Seat 6: Alameda22 folded before Flop (didn't bet)
Seat 7: Lyugofor folded on the Flop
Seat 8: Rig Sick* folded on the Flop



PokerStars Game #20142720660:  Hold'em No Limit ($0.10/$0.25) - 2008/09/04 14:07:14 ET
Table 'Badenia' 9-max Seat #2 is the button
Seat 1: Sick M ($50.05 in chips) 
Seat 2: Bahb ($3.40 in chips) 
Seat 3: skooby814 ($17.95 in chips) 
Seat 4: Tenato ($5.60 in chips) 
Seat 5: AtrY ($37.50 in chips) 
Seat 6: Alameda22 ($24.65 in chips) 
Seat 7: Lyugofor ($14.35 in chips) 
Seat 8: Rig Sick* ($26.15 in chips) 
skooby814: posts small blind $0.10
Tenato: posts big blind $0.25
*** HOLE CARDS ***
Dealt to Alameda22 [8h Qd]
AtrY: folds 
Alameda22: folds 
Lyugofor: folds 
Rig Sick*: raises $0.75 to $1
Sick M: folds 
Bahb: folds 
skooby814: folds 
Tenato: calls $0.75
*** FLOP *** [4s Jc 7d]
Tenato: bets $0.75
Rig Sick*: raises $2 to $2.75
Tenato: raises $1.85 to $4.60 and is all-in
Rig Sick*: calls $1.85
*** TURN *** [4s Jc 7d] [Ts]
*** RIVER *** [4s Jc 7d Ts] [3c]
*** SHOW DOWN ***
Tenato: shows [Qs Js] (a pair of Jacks)
Rig Sick*: shows [Jd Kc] (a pair of Jacks - King kicker)
Rig Sick* collected $10.75 from pot
*** SUMMARY ***
Total pot $11.30 | Rake $0.55 
Board [4s Jc 7d Ts 3c]
Seat 1: Sick M folded before Flop (didn't bet)
Seat 2: Bahb (button) folded before Flop (didn't bet)
Seat 3: skooby814 (small blind) folded before Flop
Seat 4: Tenato (big blind) showed [Qs Js] and lost with a pair of Jacks
Seat 5: AtrY folded before Flop (didn't bet)
Seat 6: Alameda22 folded before Flop (didn't bet)
Seat 7: Lyugofor folded before Flop (didn't bet)
Seat 8: Rig Sick* showed [Jd Kc] and won ($10.75) with a pair of Jacks



PokerStars Game #20142752765:  Hold'em No Limit ($0.10/$0.25) - 2008/09/04 14:08:32 ET
Table 'Badenia' 9-max Seat #3 is the button
Seat 1: Sick M ($50.05 in chips) 
Seat 2: Bahb ($3.40 in chips) 
Seat 3: skooby814 ($17.85 in chips) 
Seat 5: AtrY ($37.50 in chips) 
Seat 6: Alameda22 ($24.65 in chips) 
Seat 7: Lyugofor ($14.35 in chips) 
Seat 8: Rig Sick* ($31.30 in chips) 
AtrY: posts small blind $0.10
Alameda22: posts big blind $0.25
*** HOLE CARDS ***
Dealt to Alameda22 [Tc 7d]
Lyugofor: folds 
Rig Sick*: folds 
Tenato has returned
Sick M: folds 
Bahb: folds 
skooby814: calls $0.25
AtrY: folds 
Alameda22: checks 
*** FLOP *** [6d Qh 3c]
Alameda22: checks 
skooby814: bets $0.75
Alameda22: folds 
Uncalled bet ($0.75) returned to skooby814
skooby814 collected $0.60 from pot
*** SUMMARY ***
Total pot $0.60 | Rake $0 
Board [6d Qh 3c]
Seat 1: Sick M folded before Flop (didn't bet)
Seat 2: Bahb folded before Flop (didn't bet)
Seat 3: skooby814 (button) collected ($0.60)
Seat 5: AtrY (small blind) folded before Flop
Seat 6: Alameda22 (big blind) folded on the Flop
Seat 7: Lyugofor folded before Flop (didn't bet)
Seat 8: Rig Sick* folded before Flop (didn't bet)



PokerStars Game #20142773726:  Hold'em No Limit ($0.10/$0.25) - 2008/09/04 14:09:21 ET
Table 'Badenia' 9-max Seat #5 is the button
Seat 1: Sick M ($50.05 in chips) 
Seat 2: Bahb ($3.40 in chips) 
Seat 3: skooby814 ($18.20 in chips) 
Seat 5: AtrY ($37.40 in chips) 
Seat 6: Alameda22 ($24.40 in chips) 
Seat 7: Lyugofor ($14.35 in chips) 
Seat 8: Rig Sick* ($31.30 in chips) 
Alameda22: posts small blind $0.10
Lyugofor: posts big blind $0.25
*** HOLE CARDS ***
Dealt to Alameda22 [2d 8h]
Rig Sick*: folds 
Sick M: folds 
Bahb: raises $0.50 to $0.75
skooby814: folds 
Tenato has returned
AtrY: folds 
Alameda22: folds 
Lyugofor: folds 
Uncalled bet ($0.50) returned to Bahb
Bahb collected $0.60 from pot
*** SUMMARY ***
Total pot $0.60 | Rake $0 
Seat 1: Sick M folded before Flop (didn't bet)
Seat 2: Bahb collected ($0.60)
Seat 3: skooby814 folded before Flop (didn't bet)
Seat 5: AtrY (button) folded before Flop (didn't bet)
Seat 6: Alameda22 (small blind) folded before Flop
Seat 7: Lyugofor (big blind) folded before Flop
Seat 8: Rig Sick* folded before Flop (didn't bet)



PokerStars Game #20142788980:  Hold'em No Limit ($0.10/$0.25) - 2008/09/04 14:09:58 ET
Table 'Badenia' 9-max Seat #6 is the button
Seat 1: Sick M ($50.05 in chips) 
Seat 2: Bahb ($3.75 in chips) 
Seat 3: skooby814 ($18.20 in chips) 
Seat 4: Tenato ($5 in chips) 
Seat 5: AtrY ($37.40 in chips) 
Seat 6: Alameda22 ($24.30 in chips) 
Seat 7: Lyugofor ($14.10 in chips) 
Seat 8: Rig Sick* ($31.30 in chips) 
Lyugofor: posts small blind $0.10
Rig Sick*: posts big blind $0.25
Tenato: posts small blind $0.10
*** HOLE CARDS ***
Dealt to Alameda22 [8c 7d]
Sick M: folds 
Bahb: folds 
skooby814: folds 
Tenato: calls $0.25
AtrY: folds 
Alameda22: folds 
Lyugofor: folds 
Lyugofor is sitting out
Rig Sick*: checks 
*** FLOP *** [7h Jh 9d]
Rig Sick*: checks 
Tenato: checks 
*** TURN *** [7h Jh 9d] [4h]
Rig Sick*: checks 
Tenato: checks 
*** RIVER *** [7h Jh 9d 4h] [Kh]
Rig Sick*: checks 
Tenato: checks 
*** SHOW DOWN ***
Rig Sick*: shows [5c Kd] (a pair of Kings)
Tenato: mucks hand 
Rig Sick* collected $0.70 from pot
*** SUMMARY ***
Total pot $0.70 | Rake $0 
Board [7h Jh 9d 4h Kh]
Seat 1: Sick M folded before Flop (didn't bet)
Seat 2: Bahb folded before Flop (didn't bet)
Seat 3: skooby814 folded before Flop (didn't bet)
Seat 4: Tenato mucked [8s 6c]
Seat 5: AtrY folded before Flop (didn't bet)
Seat 6: Alameda22 (button) folded before Flop (didn't bet)
Seat 7: Lyugofor (small blind) folded before Flop
Seat 8: Rig Sick* (big blind) showed [5c Kd] and won ($0.70) with a pair of Kings



PokerStars Game #20142828464:  Hold'em No Limit ($0.10/$0.25) - 2008/09/04 14:11:31 ET
Table 'Badenia' 9-max Seat #8 is the button
Seat 1: Sick M ($50.05 in chips) 
Seat 2: Bahb ($3.75 in chips) 
Seat 3: skooby814 ($18.20 in chips) 
Seat 4: Tenato ($4.65 in chips) 
Seat 5: AtrY ($37.40 in chips) 
Seat 6: Alameda22 ($24.30 in chips) 
Seat 8: Rig Sick* ($31.75 in chips) 
Sick M: posts small blind $0.10
Bahb: posts big blind $0.25
*** HOLE CARDS ***
Dealt to Alameda22 [Js 4s]
skooby814: raises $0.50 to $0.75
Tenato: folds 
AtrY: folds 
Alameda22: folds 
Lyugofor has returned
Rig Sick*: folds 
Sick M: folds 
Bahb: folds 
Uncalled bet ($0.50) returned to skooby814
skooby814 collected $0.60 from pot
*** SUMMARY ***
Total pot $0.60 | Rake $0 
Seat 1: Sick M (small blind) folded before Flop
Seat 2: Bahb (big blind) folded before Flop
Seat 3: skooby814 collected ($0.60)
Seat 4: Tenato folded before Flop (didn't bet)
Seat 5: AtrY folded before Flop (didn't bet)
Seat 6: Alameda22 folded before Flop (didn't bet)
Seat 8: Rig Sick* (button) folded before Flop (didn't bet)



PokerStars Game #20142847673:  Hold'em No Limit ($0.10/$0.25) - 2008/09/04 14:12:17 ET
Table 'Badenia' 9-max Seat #1 is the button
Seat 1: Sick M ($49.95 in chips) 
Seat 2: Bahb ($3.50 in chips) 
Seat 3: skooby814 ($18.55 in chips) 
Seat 4: Tenato ($4.65 in chips) 
Seat 5: AtrY ($37.40 in chips) 
Seat 6: Alameda22 ($24.30 in chips) 
Seat 7: Lyugofor ($14 in chips) 
Seat 8: Rig Sick* ($31.75 in chips) 
Bahb: posts small blind $0.10
skooby814: posts big blind $0.25
*** HOLE CARDS ***
Dealt to Alameda22 [Jh 4c]
Tenato: raises $0.50 to $0.75
AtrY: folds 
Alameda22: folds 
Lyugofor: folds 
Rig Sick*: folds 
Sick M: folds 
Bahb: folds 
skooby814: folds 
Uncalled bet ($0.50) returned to Tenato
Tenato collected $0.60 from pot
Tenato: doesn't show hand 
*** SUMMARY ***
Total pot $0.60 | Rake $0 
Seat 1: Sick M (button) folded before Flop (didn't bet)
Seat 2: Bahb (small blind) folded before Flop
Seat 3: skooby814 (big blind) folded before Flop
Seat 4: Tenato collected ($0.60)
Seat 5: AtrY folded before Flop (didn't bet)
Seat 6: Alameda22 folded before Flop (didn't bet)
Seat 7: Lyugofor folded before Flop (didn't bet)
Seat 8: Rig Sick* folded before Flop (didn't bet)



PokerStars Game #20142878329:  Hold'em No Limit ($0.10/$0.25) - 2008/09/04 14:13:31 ET
Table 'Badenia' 9-max Seat #2 is the button
Seat 1: Sick M ($49.95 in chips) 
Seat 2: Bahb ($3.40 in chips) 
Seat 3: skooby814 ($18.30 in chips) 
Seat 4: Tenato ($5 in chips) 
Seat 5: AtrY ($37.40 in chips) 
Seat 6: Alameda22 ($24.30 in chips) 
Seat 7: Lyugofor ($14 in chips) 
Seat 8: Rig Sick* ($31.75 in chips) 
skooby814: posts small blind $0.10
Tenato: posts big blind $0.25
*** HOLE CARDS ***
Dealt to Alameda22 [4c 7s]
pcboi is disconnected 
AtrY: calls $0.25
Alameda22: folds 
Lyugofor: folds 
Rig Sick*: folds 
Sick M: folds 
Bahb: raises $0.50 to $0.75
skooby814: folds 
Tenato: raises $4.25 to $5 and is all-in
AtrY: folds 
Bahb: calls $2.65 and is all-in
Uncalled bet ($1.60) returned to Tenato
*** FLOP *** [8d 4h Qs]
*** TURN *** [8d 4h Qs] [4s]
*** RIVER *** [8d 4h Qs 4s] [3h]
*** SHOW DOWN ***
Tenato: shows [2d Ad] (a pair of Fours)
Bahb: shows [Jc Ah] (a pair of Fours - Ace+Queen+Jack kicker)
Bahb collected $6.80 from pot
*** SUMMARY ***
Total pot $7.15 | Rake $0.35 
Board [8d 4h Qs 4s 3h]
Seat 1: Sick M folded before Flop (didn't bet)
Seat 2: Bahb (button) showed [Jc Ah] and won ($6.80) with a pair of Fours
Seat 3: skooby814 (small blind) folded before Flop
Seat 4: Tenato (big blind) showed [2d Ad] and lost with a pair of Fours
Seat 5: AtrY folded before Flop
Seat 6: Alameda22 folded before Flop (didn't bet)
Seat 7: Lyugofor folded before Flop (didn't bet)
Seat 8: Rig Sick* folded before Flop (didn't bet)



PokerStars Game #20142908801:  Hold'em No Limit ($0.10/$0.25) - 2008/09/04 14:14:45 ET
Table 'Badenia' 9-max Seat #3 is the button
Seat 1: Sick M ($49.95 in chips) 
Seat 2: Bahb ($6.80 in chips) 
Seat 3: skooby814 ($18.20 in chips) 
Seat 4: Tenato ($1.60 in chips) 
Seat 5: AtrY ($37.15 in chips) 
Seat 6: Alameda22 ($24.30 in chips) 
Seat 7: Lyugofor ($14 in chips) 
Seat 8: Rig Sick* ($31.75 in chips) 
Tenato: posts small blind $0.10
AtrY: posts big blind $0.25
*** HOLE CARDS ***
Dealt to Alameda22 [6c Ac]
Alameda22: folds 
Lyugofor: calls $0.25
Rig Sick*: raises $1 to $1.25
Sick M: folds 
Bahb: folds 
skooby814: folds 
Tenato: folds 
AtrY: folds 
Lyugofor: folds 
Uncalled bet ($1) returned to Rig Sick*
Rig Sick* collected $0.85 from pot
Rig Sick*: doesn't show hand 
*** SUMMARY ***
Total pot $0.85 | Rake $0 
Seat 1: Sick M folded before Flop (didn't bet)
Seat 2: Bahb folded before Flop (didn't bet)
Seat 3: skooby814 (button) folded before Flop (didn't bet)
Seat 4: Tenato (small blind) folded before Flop
Seat 5: AtrY (big blind) folded before Flop
Seat 6: Alameda22 folded before Flop (didn't bet)
Seat 7: Lyugofor folded before Flop
Seat 8: Rig Sick* collected ($0.85)



PokerStars Game #20142930778:  Hold'em No Limit ($0.10/$0.25) - 2008/09/04 14:15:37 ET
Table 'Badenia' 9-max Seat #4 is the button
Seat 1: Sick M ($49.95 in chips) 
Seat 2: Bahb ($6.80 in chips) 
Seat 3: skooby814 ($18.20 in chips) 
Seat 4: Tenato ($1.50 in chips) 
Seat 5: AtrY ($36.90 in chips) 
Seat 6: Alameda22 ($24.30 in chips) 
Seat 7: Lyugofor ($13.75 in chips) 
Seat 8: Rig Sick* ($32.35 in chips) 
AtrY: posts small blind $0.10
Alameda22: posts big blind $0.25
*** HOLE CARDS ***
Dealt to Alameda22 [Qh 7d]
Lyugofor: folds 
Rig Sick*: raises $0.50 to $0.75
Sick M: folds 
Bahb: folds 
skooby814: folds 
Tenato: folds 
AtrY: folds 
Alameda22: folds 
Uncalled bet ($0.50) returned to Rig Sick*
Rig Sick* collected $0.60 from pot
Rig Sick*: doesn't show hand 
*** SUMMARY ***
Total pot $0.60 | Rake $0 
Seat 1: Sick M folded before Flop (didn't bet)
Seat 2: Bahb folded before Flop (didn't bet)
Seat 3: skooby814 folded before Flop (didn't bet)
Seat 4: Tenato (button) folded before Flop (didn't bet)
Seat 5: AtrY (small blind) folded before Flop
Seat 6: Alameda22 (big blind) folded before Flop
Seat 7: Lyugofor folded before Flop (didn't bet)
Seat 8: Rig Sick* collected ($0.60)



PokerStars Game #20142951235:  Hold'em No Limit ($0.10/$0.25) - 2008/09/04 14:16:26 ET
Table 'Badenia' 9-max Seat #5 is the button
Seat 1: Sick M ($49.95 in chips) 
Seat 2: Bahb ($6.80 in chips) 
Seat 3: skooby814 ($18.20 in chips) 
Seat 4: Tenato ($1.50 in chips) 
Seat 5: AtrY ($36.80 in chips) 
Seat 6: Alameda22 ($24.05 in chips) 
Seat 7: Lyugofor ($13.75 in chips) 
Seat 8: Rig Sick* ($32.70 in chips) 
Alameda22: posts small blind $0.10
Lyugofor: posts big blind $0.25
*** HOLE CARDS ***
Dealt to Alameda22 [9d 4c]
Rig Sick*: folds 
Sick M: folds 
Bahb: calls $0.25
skooby814: folds 
Tenato: raises $1.25 to $1.50 and is all-in
AtrY: folds 
Alameda22: folds 
Lyugofor: raises $1.50 to $3
Bahb: folds 
Uncalled bet ($1.50) returned to Lyugofor
*** FLOP *** [8d 7h Ad]
*** TURN *** [8d 7h Ad] [5s]
*** RIVER *** [8d 7h Ad 5s] [Kd]
*** SHOW DOWN ***
Lyugofor: shows [Qh Qs] (a pair of Queens)
Tenato: mucks hand 
Lyugofor collected $3.20 from pot
*** SUMMARY ***
Total pot $3.35 | Rake $0.15 
Board [8d 7h Ad 5s Kd]
Seat 1: Sick M folded before Flop (didn't bet)
Seat 2: Bahb folded before Flop
Seat 3: skooby814 folded before Flop (didn't bet)
Seat 4: Tenato mucked [Qc 3c]
Seat 5: AtrY (button) folded before Flop (didn't bet)
Seat 6: Alameda22 (small blind) folded before Flop
Seat 7: Lyugofor (big blind) showed [Qh Qs] and won ($3.20) with a pair of Queens
Seat 8: Rig Sick* folded before Flop (didn't bet)



PokerStars Game #20142982787:  Hold'em No Limit ($0.10/$0.25) - 2008/09/04 14:17:42 ET
Table 'Badenia' 9-max Seat #6 is the button
Seat 1: Sick M ($49.95 in chips) 
Seat 2: Bahb ($6.55 in chips) 
Seat 3: skooby814 ($18.20 in chips) 
Seat 5: AtrY ($36.80 in chips) 
Seat 6: Alameda22 ($23.95 in chips) 
Seat 7: Lyugofor ($15.45 in chips) 
Seat 8: Rig Sick* ($32.70 in chips) 
Lyugofor: posts small blind $0.10
Rig Sick*: posts big blind $0.25
*** HOLE CARDS ***
Dealt to Alameda22 [Td 2c]
Tenato leaves the table
Sick M: folds 
Bahb: folds 
emannn2010 joins the table at seat #4 
skooby814: folds 
AtrY: folds 
Alameda22: folds 
Lyugofor: calls $0.15
Rig Sick*: checks 
*** FLOP *** [2h 2d 3d]
Lyugofor: checks 
Rig Sick*: bets $0.25
Lyugofor: folds 
Uncalled bet ($0.25) returned to Rig Sick*
Rig Sick* collected $0.50 from pot
*** SUMMARY ***
Total pot $0.50 | Rake $0 
Board [2h 2d 3d]
Seat 1: Sick M folded before Flop (didn't bet)
Seat 2: Bahb folded before Flop (didn't bet)
Seat 3: skooby814 folded before Flop (didn't bet)
Seat 5: AtrY folded before Flop (didn't bet)
Seat 6: Alameda22 (button) folded before Flop (didn't bet)
Seat 7: Lyugofor (small blind) folded on the Flop
Seat 8: Rig Sick* (big blind) collected ($0.50)



PokerStars Game #20143006076:  Hold'em No Limit ($0.10/$0.25) - 2008/09/04 14:18:39 ET
Table 'Badenia' 9-max Seat #7 is the button
Seat 1: Sick M ($49.95 in chips) 
Seat 2: Bahb ($6.55 in chips) 
Seat 3: skooby814 ($18.20 in chips) 
Seat 4: emannn2010 ($15 in chips) 
Seat 5: AtrY ($36.80 in chips) 
Seat 6: Alameda22 ($23.95 in chips) 
Seat 7: Lyugofor ($15.20 in chips) 
Seat 8: Rig Sick* ($32.95 in chips) 
Rig Sick*: posts small blind $0.10
Sick M: posts big blind $0.25
emannn2010: posts big blind $0.25
*** HOLE CARDS ***
Dealt to Alameda22 [8h 7c]
Bahb: calls $0.25
skooby814: folds 
emannn2010: checks 
AtrY: folds 
Alameda22: folds 
Lyugofor: calls $0.25
Rig Sick*: calls $0.15
Sick M: checks 
*** FLOP *** [7h 4h Qs]
Rig Sick*: checks 
Sick M: checks 
Bahb: bets $0.25
emannn2010: folds 
Lyugofor: raises $0.50 to $0.75
Rig Sick*: folds 
Sick M: folds 
Bahb: folds 
Uncalled bet ($0.50) returned to Lyugofor
Lyugofor collected $1.70 from pot
Lyugofor: doesn't show hand 
*** SUMMARY ***
Total pot $1.75 | Rake $0.05 
Board [7h 4h Qs]
Seat 1: Sick M (big blind) folded on the Flop
Seat 2: Bahb folded on the Flop
Seat 3: skooby814 folded before Flop (didn't bet)
Seat 4: emannn2010 folded on the Flop
Seat 5: AtrY folded before Flop (didn't bet)
Seat 6: Alameda22 folded before Flop (didn't bet)
Seat 7: Lyugofor (button) collected ($1.70)
Seat 8: Rig Sick* (small blind) folded on the Flop



PokerStars Game #20143029448:  Hold'em No Limit ($0.10/$0.25) - 2008/09/04 14:19:35 ET
Table 'Badenia' 9-max Seat #8 is the button
Seat 1: Sick M ($49.70 in chips) 
Seat 2: Bahb ($6.05 in chips) 
Seat 3: skooby814 ($18.20 in chips) 
Seat 4: emannn2010 ($14.75 in chips) 
Seat 5: AtrY ($36.80 in chips) 
Seat 6: Alameda22 ($23.95 in chips) 
Seat 7: Lyugofor ($16.40 in chips) 
Seat 8: Rig Sick* ($32.70 in chips) 
Sick M: posts small blind $0.10
Bahb: posts big blind $0.25
*** HOLE CARDS ***
Dealt to Alameda22 [2c Jc]
skooby814: folds 
emannn2010: folds 
AtrY: folds 
Alameda22: folds 
Lyugofor: calls $0.25
Rig Sick*: calls $0.25
Sick M: folds 
Bahb: checks 
*** FLOP *** [9c 2s 5s]
Bahb: checks 
Lyugofor: checks 
Rig Sick*: checks 
*** TURN *** [9c 2s 5s] [3d]
Bahb: checks 
Lyugofor: checks 
Rig Sick*: checks 
*** RIVER *** [9c 2s 5s 3d] [Ts]
Bahb: bets $0.75
Lyugofor: calls $0.75
Rig Sick*: folds 
*** SHOW DOWN ***
Bahb: shows [8s Ks] (a flush, King high)
Lyugofor: mucks hand 
Bahb collected $2.25 from pot
*** SUMMARY ***
Total pot $2.35 | Rake $0.10 
Board [9c 2s 5s 3d Ts]
Seat 1: Sick M (small blind) folded before Flop
Seat 2: Bahb (big blind) showed [8s Ks] and won ($2.25) with a flush, King high
Seat 3: skooby814 folded before Flop (didn't bet)
Seat 4: emannn2010 folded before Flop (didn't bet)
Seat 5: AtrY folded before Flop (didn't bet)
Seat 6: Alameda22 folded before Flop (didn't bet)
Seat 7: Lyugofor mucked [Th Qd]
Seat 8: Rig Sick* (button) folded on the River



PokerStars Game #20143067672:  Hold'em No Limit ($0.10/$0.25) - 2008/09/04 14:21:06 ET
Table 'Badenia' 9-max Seat #1 is the button
Seat 1: Sick M ($49.60 in chips) 
Seat 2: Bahb ($7.30 in chips) 
Seat 3: skooby814 ($18.20 in chips) 
Seat 4: emannn2010 ($14.75 in chips) 
Seat 5: AtrY ($36.80 in chips) 
Seat 6: Alameda22 ($23.95 in chips) 
Seat 7: Lyugofor ($15.40 in chips) 
Seat 8: Rig Sick* ($32.45 in chips) 
Bahb: posts small blind $0.10
skooby814: posts big blind $0.25
*** HOLE CARDS ***
Dealt to Alameda22 [As 6d]
emannn2010: folds 
AtrY: folds 
Alameda22: folds 
Lyugofor: calls $0.25
Rig Sick*: raises $0.75 to $1
Sick M: folds 
Bahb: folds 
skooby814: folds 
Lyugofor: folds 
Uncalled bet ($0.75) returned to Rig Sick*
Rig Sick* collected $0.85 from pot
Rig Sick*: doesn't show hand 
*** SUMMARY ***
Total pot $0.85 | Rake $0 
Seat 1: Sick M (button) folded before Flop (didn't bet)
Seat 2: Bahb (small blind) folded before Flop
Seat 3: skooby814 (big blind) folded before Flop
Seat 4: emannn2010 folded before Flop (didn't bet)
Seat 5: AtrY folded before Flop (didn't bet)
Seat 6: Alameda22 folded before Flop (didn't bet)
Seat 7: Lyugofor folded before Flop
Seat 8: Rig Sick* collected ($0.85)



PokerStars Game #20143090773:  Hold'em No Limit ($0.10/$0.25) - 2008/09/04 14:22:01 ET
Table 'Badenia' 9-max Seat #2 is the button
Seat 1: Sick M ($49.60 in chips) 
Seat 2: Bahb ($7.20 in chips) 
Seat 3: skooby814 ($17.95 in chips) 
Seat 4: emannn2010 ($14.75 in chips) 
Seat 5: AtrY ($36.80 in chips) 
Seat 6: Alameda22 ($23.95 in chips) 
Seat 7: Lyugofor ($15.15 in chips) 
Seat 8: Rig Sick* ($33.05 in chips) 
skooby814: posts small blind $0.10
emannn2010: posts big blind $0.25
*** HOLE CARDS ***
Dealt to Alameda22 [Ad 4h]
AtrY: folds 
Alameda22: folds 
Lyugofor: folds 
Rig Sick*: folds 
Sick M: folds 
Bahb: raises $0.50 to $0.75
skooby814: folds 
emannn2010: raises $1.25 to $2
Bahb: calls $1.25
*** FLOP *** [3d Kc 9c]
emannn2010: bets $2.25
Bahb: raises $2.95 to $5.20 and is all-in
emannn2010: calls $2.95
*** TURN *** [3d Kc 9c] [7h]
*** RIVER *** [3d Kc 9c 7h] [Qc]
*** SHOW DOWN ***
emannn2010: shows [Tc As] (high card Ace)
Bahb: shows [Js Jc] (a pair of Jacks)
Bahb collected $13.80 from pot
*** SUMMARY ***
Total pot $14.50 | Rake $0.70 
Board [3d Kc 9c 7h Qc]
Seat 1: Sick M folded before Flop (didn't bet)
Seat 2: Bahb (button) showed [Js Jc] and won ($13.80) with a pair of Jacks
Seat 3: skooby814 (small blind) folded before Flop
Seat 4: emannn2010 (big blind) showed [Tc As] and lost with high card Ace
Seat 5: AtrY folded before Flop (didn't bet)
Seat 6: Alameda22 folded before Flop (didn't bet)
Seat 7: Lyugofor folded before Flop (didn't bet)
Seat 8: Rig Sick* folded before Flop (didn't bet)



PokerStars Game #20143126091:  Hold'em No Limit ($0.10/$0.25) - 2008/09/04 14:23:25 ET
Table 'Badenia' 9-max Seat #3 is the button
Seat 1: Sick M ($49.60 in chips) 
Seat 2: Bahb ($13.80 in chips) 
Seat 3: skooby814 ($17.85 in chips) 
Seat 4: emannn2010 ($7.55 in chips) 
Seat 5: AtrY ($36.80 in chips) 
Seat 6: Alameda22 ($23.95 in chips) 
Seat 7: Lyugofor ($15.15 in chips) 
Seat 8: Rig Sick* ($33.05 in chips) 
emannn2010: posts small blind $0.10
AtrY: posts big blind $0.25
*** HOLE CARDS ***
Dealt to Alameda22 [6d 7d]
pcboi was removed from the table for failing to post
Alameda22: folds 
Lyugofor: calls $0.25
Rig Sick*: raises $0.75 to $1
Sick M: calls $1
Bahb: folds 
skooby814: folds 
emannn2010: folds 
AtrY: folds 
Lyugofor: calls $0.75
*** FLOP *** [8c Ac Tc]
Lyugofor: checks 
Rig Sick*: checks 
Sick M: checks 
*** TURN *** [8c Ac Tc] [Td]
Lyugofor: checks 
yuki08 joins the table at seat #9 
Rig Sick*: checks 
Sick M: checks 
*** RIVER *** [8c Ac Tc Td] [2s]
Lyugofor: bets $1.50
Rig Sick*: folds 
Sick M: folds 
Uncalled bet ($1.50) returned to Lyugofor
Lyugofor collected $3.20 from pot
Lyugofor: doesn't show hand 
*** SUMMARY ***
Total pot $3.35 | Rake $0.15 
Board [8c Ac Tc Td 2s]
Seat 1: Sick M folded on the River
Seat 2: Bahb folded before Flop (didn't bet)
Seat 3: skooby814 (button) folded before Flop (didn't bet)
Seat 4: emannn2010 (small blind) folded before Flop
Seat 5: AtrY (big blind) folded before Flop
Seat 6: Alameda22 folded before Flop (didn't bet)
Seat 7: Lyugofor collected ($3.20)
Seat 8: Rig Sick* folded on the River



PokerStars Game #20143165182:  Hold'em No Limit ($0.10/$0.25) - 2008/09/04 14:24:58 ET
Table 'Badenia' 9-max Seat #4 is the button
Seat 1: Sick M ($48.60 in chips) 
Seat 2: Bahb ($13.80 in chips) 
Seat 3: skooby814 ($17.85 in chips) 
Seat 4: emannn2010 ($17.45 in chips) 
Seat 5: AtrY ($36.55 in chips) 
Seat 6: Alameda22 ($23.95 in chips) 
Seat 7: Lyugofor ($17.35 in chips) 
Seat 8: Rig Sick* ($32.05 in chips) 
Seat 9: yuki08 ($8 in chips) 
AtrY: posts small blind $0.10
Alameda22: posts big blind $0.25
yuki08: posts big blind $0.25
*** HOLE CARDS ***
Dealt to Alameda22 [Kc 8h]
Lyugofor: folds 
Lyugofor leaves the table
Rig Sick*: folds 
yuki08: checks 
Sick M: folds 
Bahb: calls $0.25
skooby814: folds 
emannn2010: folds 
AtrY: folds 
Alameda22: checks 
*** FLOP *** [Ah 3c 6d]
stocktech joins the table at seat #7 
Alameda22: checks 
yuki08: checks 
Bahb: bets $0.50
Alameda22: folds 
yuki08: folds 
Uncalled bet ($0.50) returned to Bahb
yuki08 leaves the table
Bahb collected $0.85 from pot
*** SUMMARY ***
Total pot $0.85 | Rake $0 
Board [Ah 3c 6d]
Seat 1: Sick M folded before Flop (didn't bet)
Seat 2: Bahb collected ($0.85)
Seat 3: skooby814 folded before Flop (didn't bet)
Seat 4: emannn2010 (button) folded before Flop (didn't bet)
Seat 5: AtrY (small blind) folded before Flop
Seat 6: Alameda22 (big blind) folded on the Flop
Seat 7: Lyugofor folded before Flop (didn't bet)
Seat 8: Rig Sick* folded before Flop (didn't bet)
Seat 9: yuki08 folded on the Flop



PokerStars Game #20143192840:  Hold'em No Limit ($0.10/$0.25) - 2008/09/04 14:26:05 ET
Table 'Badenia' 9-max Seat #5 is the button
Seat 1: Sick M ($48.60 in chips) 
Seat 2: Bahb ($14.40 in chips) 
Seat 3: skooby814 ($17.85 in chips) 
Seat 4: emannn2010 ($17.45 in chips) 
Seat 5: AtrY ($36.45 in chips) 
Seat 6: Alameda22 ($23.70 in chips) 
Seat 7: stocktech ($25 in chips) 
Seat 8: Rig Sick* ($32.05 in chips) 
Alameda22: posts small blind $0.10
stocktech: posts big blind $0.25
*** HOLE CARDS ***
Dealt to Alameda22 [2d 4c]
Rig Sick*: folds 
Sick M: raises $0.75 to $1
Bahb: folds 
skooby814: folds 
emannn2010: folds 
AtrY: folds 
Alameda22: folds 
stocktech: folds 
Uncalled bet ($0.75) returned to Sick M
Sick M collected $0.60 from pot
Sick M: doesn't show hand 
*** SUMMARY ***
Total pot $0.60 | Rake $0 
Seat 1: Sick M collected ($0.60)
Seat 2: Bahb folded before Flop (didn't bet)
Seat 3: skooby814 folded before Flop (didn't bet)
Seat 4: emannn2010 folded before Flop (didn't bet)
Seat 5: AtrY (button) folded before Flop (didn't bet)
Seat 6: Alameda22 (small blind) folded before Flop
Seat 7: stocktech (big blind) folded before Flop
Seat 8: Rig Sick* folded before Flop (didn't bet)



PokerStars Game #20143208731:  Hold'em No Limit ($0.10/$0.25) - 2008/09/04 14:26:43 ET
Table 'Badenia' 9-max Seat #6 is the button
Seat 1: Sick M ($48.95 in chips) 
Seat 2: Bahb ($14.40 in chips) 
Seat 3: skooby814 ($17.85 in chips) 
Seat 4: emannn2010 ($17.45 in chips) 
Seat 5: AtrY ($36.45 in chips) 
Seat 6: Alameda22 ($23.60 in chips) 
Seat 7: stocktech ($24.75 in chips) 
Seat 8: Rig Sick* ($32.05 in chips) 
stocktech: posts small blind $0.10
Rig Sick*: posts big blind $0.25
*** HOLE CARDS ***
Dealt to Alameda22 [6s Kc]
Sick M: raises $0.75 to $1
Bahb: folds 
skooby814: folds 
emannn2010: folds 
AtrY: folds 
Alameda22: folds 
stocktech: folds 
Rig Sick*: folds 
Uncalled bet ($0.75) returned to Sick M
Sick M collected $0.60 from pot
Sick M: doesn't show hand 
*** SUMMARY ***
Total pot $0.60 | Rake $0 
Seat 1: Sick M collected ($0.60)
Seat 2: Bahb folded before Flop (didn't bet)
Seat 3: skooby814 folded before Flop (didn't bet)
Seat 4: emannn2010 folded before Flop (didn't bet)
Seat 5: AtrY folded before Flop (didn't bet)
Seat 6: Alameda22 (button) folded before Flop (didn't bet)
Seat 7: stocktech (small blind) folded before Flop
Seat 8: Rig Sick* (big blind) folded before Flop



PokerStars Game #20143225371:  Hold'em No Limit ($0.10/$0.25) - 2008/09/04 14:27:24 ET
Table 'Badenia' 9-max Seat #7 is the button
Seat 1: Sick M ($49.30 in chips) 
Seat 2: Bahb ($14.40 in chips) 
Seat 3: skooby814 ($17.85 in chips) 
Seat 4: emannn2010 ($17.45 in chips) 
Seat 5: AtrY ($36.45 in chips) 
Seat 6: Alameda22 ($23.60 in chips) 
Seat 7: stocktech ($24.65 in chips) 
Seat 8: Rig Sick* ($31.80 in chips) 
Rig Sick*: posts small blind $0.10
Sick M: posts big blind $0.25
*** HOLE CARDS ***
Dealt to Alameda22 [2s 6s]
Bahb: folds 
jacky20 joins the table at seat #9 
skooby814: folds 
emannn2010: folds 
AtrY: raises $0.75 to $1
Alameda22: folds 
stocktech: folds 
Rig Sick*: folds 
Sick M: folds 
Uncalled bet ($0.75) returned to AtrY
AtrY collected $0.60 from pot
AtrY: doesn't show hand 
*** SUMMARY ***
Total pot $0.60 | Rake $0 
Seat 1: Sick M (big blind) folded before Flop
Seat 2: Bahb folded before Flop (didn't bet)
Seat 3: skooby814 folded before Flop (didn't bet)
Seat 4: emannn2010 folded before Flop (didn't bet)
Seat 5: AtrY collected ($0.60)
Seat 6: Alameda22 folded before Flop (didn't bet)
Seat 7: stocktech (button) folded before Flop (didn't bet)
Seat 8: Rig Sick* (small blind) folded before Flop



PokerStars Game #20143255756:  Hold'em No Limit ($0.10/$0.25) - 2008/09/04 14:28:38 ET
Table 'Badenia' 9-max Seat #8 is the button
Seat 1: Sick M ($49.05 in chips) 
Seat 2: Bahb ($14.40 in chips) 
Seat 3: skooby814 ($17.85 in chips) 
Seat 4: emannn2010 ($17.45 in chips) 
Seat 5: AtrY ($36.80 in chips) 
Seat 6: Alameda22 ($23.60 in chips) 
Seat 7: stocktech ($24.65 in chips) 
Seat 8: Rig Sick* ($31.70 in chips) 
jacky20 will be allowed to play after the button
Sick M: posts small blind $0.10
Bahb: posts big blind $0.25
*** HOLE CARDS ***
Dealt to Alameda22 [6d Qd]
skooby814: folds 
emannn2010: folds 
AtrY: folds 
Alameda22: folds 
stocktech: folds 
Rig Sick*: folds 
Sick M: folds 
Uncalled bet ($0.15) returned to Bahb
Bahb collected $0.20 from pot
*** SUMMARY ***
Total pot $0.20 | Rake $0 
Seat 1: Sick M (small blind) folded before Flop
Seat 2: Bahb (big blind) collected ($0.20)
Seat 3: skooby814 folded before Flop (didn't bet)
Seat 4: emannn2010 folded before Flop (didn't bet)
Seat 5: AtrY folded before Flop (didn't bet)
Seat 6: Alameda22 folded before Flop (didn't bet)
Seat 7: stocktech folded before Flop (didn't bet)
Seat 8: Rig Sick* (button) folded before Flop (didn't bet)



PokerStars Game #20143278167:  Hold'em No Limit ($0.10/$0.25) - 2008/09/04 14:29:32 ET
Table 'Badenia' 9-max Seat #1 is the button
Seat 1: Sick M ($48.95 in chips) 
Seat 2: Bahb ($14.50 in chips) 
Seat 3: skooby814 ($17.85 in chips) 
Seat 4: emannn2010 ($17.45 in chips) 
Seat 5: AtrY ($36.80 in chips) 
Seat 6: Alameda22 ($23.60 in chips) 
Seat 7: stocktech ($24.65 in chips) 
Seat 8: Rig Sick* ($31.70 in chips) 
Bahb: posts small blind $0.10
skooby814: posts big blind $0.25
jacky20: sits out 
*** HOLE CARDS ***
Dealt to Alameda22 [Js 2s]
emannn2010: folds 
AtrY: raises $0.75 to $1
Alameda22: folds 
stocktech: folds 
Rig Sick*: folds 
Sick M: calls $1
Bahb: folds 
skooby814: raises $2 to $3
AtrY: folds 
Sick M: folds 
Uncalled bet ($2) returned to skooby814
skooby814 collected $3.10 from pot
*** SUMMARY ***
Total pot $3.10 | Rake $0 
Seat 1: Sick M (button) folded before Flop
Seat 2: Bahb (small blind) folded before Flop
Seat 3: skooby814 (big blind) collected ($3.10)
Seat 4: emannn2010 folded before Flop (didn't bet)
Seat 5: AtrY folded before Flop
Seat 6: Alameda22 folded before Flop (didn't bet)
Seat 7: stocktech folded before Flop (didn't bet)
Seat 8: Rig Sick* folded before Flop (didn't bet)



PokerStars Game #20143306849:  Hold'em No Limit ($0.10/$0.25) - 2008/09/04 14:30:42 ET
Table 'Badenia' 9-max Seat #2 is the button
Seat 1: Sick M ($47.95 in chips) 
Seat 2: Bahb ($14.40 in chips) 
Seat 3: skooby814 ($19.95 in chips) 
Seat 4: emannn2010 ($17.45 in chips) 
Seat 5: AtrY ($35.80 in chips) 
Seat 6: Alameda22 ($23.60 in chips) 
Seat 7: stocktech ($24.65 in chips) 
Seat 8: Rig Sick* ($31.70 in chips) 
Seat 9: jacky20 ($25 in chips) 
skooby814: posts small blind $0.10
emannn2010: posts big blind $0.25
jacky20: posts big blind $0.25
*** HOLE CARDS ***
Dealt to Alameda22 [3s 2d]
AtrY: folds 
Alameda22: folds 
stocktech: folds 
Rig Sick*: folds 
jacky20: checks 
Sick M: folds 
Bahb: folds 
skooby814: folds 
emannn2010: checks 
*** FLOP *** [Qc 2c 9h]
emannn2010: checks 
jacky20: checks 
*** TURN *** [Qc 2c 9h] [5s]
emannn2010: bets $0.50
jacky20: calls $0.50
*** RIVER *** [Qc 2c 9h 5s] [Tc]
emannn2010: checks 
jacky20: checks 
*** SHOW DOWN ***
emannn2010: shows [6c Ah] (high card Ace)
jacky20: shows [5d Ac] (a pair of Fives)
jacky20 collected $1.55 from pot
*** SUMMARY ***
Total pot $1.60 | Rake $0.05 
Board [Qc 2c 9h 5s Tc]
Seat 1: Sick M folded before Flop (didn't bet)
Seat 2: Bahb (button) folded before Flop (didn't bet)
Seat 3: skooby814 (small blind) folded before Flop
Seat 4: emannn2010 (big blind) showed [6c Ah] and lost with high card Ace
Seat 5: AtrY folded before Flop (didn't bet)
Seat 6: Alameda22 folded before Flop (didn't bet)
Seat 7: stocktech folded before Flop (didn't bet)
Seat 8: Rig Sick* folded before Flop (didn't bet)
Seat 9: jacky20 showed [5d Ac] and won ($1.55) with a pair of Fives



PokerStars Game #20143336077:  Hold'em No Limit ($0.10/$0.25) - 2008/09/04 14:31:56 ET
Table 'Badenia' 9-max Seat #3 is the button
Seat 1: Sick M ($47.95 in chips) 
Seat 2: Bahb ($14.40 in chips) 
Seat 3: skooby814 ($19.85 in chips) 
Seat 4: emannn2010 ($16.70 in chips) 
Seat 5: AtrY ($35.80 in chips) 
Seat 6: Alameda22 ($23.60 in chips) 
Seat 7: stocktech ($24.65 in chips) 
Seat 8: Rig Sick* ($31.70 in chips) 
Seat 9: jacky20 ($25.80 in chips) 
emannn2010: posts small blind $0.10
AtrY: posts big blind $0.25
*** HOLE CARDS ***
Dealt to Alameda22 [Qd 4d]
Alameda22: folds 
stocktech: folds 
Rig Sick*: raises $0.50 to $0.75
jacky20: calls $0.75
Sick M: calls $0.75
Bahb: folds 
skooby814: calls $0.75
emannn2010: folds 
AtrY: calls $0.50
*** FLOP *** [5d 8h 4h]
AtrY: bets $2.75
Rig Sick*: folds 
jacky20: folds 
Sick M: raises $4.50 to $7.25
skooby814: folds 
emannn2010 leaves the table
AtrY: folds 
Uncalled bet ($4.50) returned to Sick M
Sick M collected $8.90 from pot
Sick M: doesn't show hand 
*** SUMMARY ***
Total pot $9.35 | Rake $0.45 
Board [5d 8h 4h]
Seat 1: Sick M collected ($8.90)
Seat 2: Bahb folded before Flop (didn't bet)
Seat 3: skooby814 (button) folded on the Flop
Seat 4: emannn2010 (small blind) folded before Flop
Seat 5: AtrY (big blind) folded on the Flop
Seat 6: Alameda22 folded before Flop (didn't bet)
Seat 7: stocktech folded before Flop (didn't bet)
Seat 8: Rig Sick* folded on the Flop
Seat 9: jacky20 folded on the Flop



PokerStars Game #20143375360:  Hold'em No Limit ($0.10/$0.25) - 2008/09/04 14:33:36 ET
Table 'Badenia' 9-max Seat #5 is the button
Seat 1: Sick M ($53.35 in chips) 
Seat 2: Bahb ($14.40 in chips) 
Seat 3: skooby814 ($19.10 in chips) 
Seat 5: AtrY ($32.30 in chips) 
Seat 6: Alameda22 ($23.60 in chips) 
Seat 7: stocktech ($24.65 in chips) 
Seat 8: Rig Sick* ($30.95 in chips) 
Seat 9: jacky20 ($25.05 in chips) 
Alameda22: posts small blind $0.10
stocktech: posts big blind $0.25
*** HOLE CARDS ***
Dealt to Alameda22 [4s 7h]
Rig Sick*: folds 
jacky20: folds 
Sick M: folds 
Bahb: folds 
skooby814: raises $0.50 to $0.75
AtrY: folds 
Alameda22: folds 
stocktech: folds 
Uncalled bet ($0.50) returned to skooby814
skooby814 collected $0.60 from pot
*** SUMMARY ***
Total pot $0.60 | Rake $0 
Seat 1: Sick M folded before Flop (didn't bet)
Seat 2: Bahb folded before Flop (didn't bet)
Seat 3: skooby814 collected ($0.60)
Seat 5: AtrY (button) folded before Flop (didn't bet)
Seat 6: Alameda22 (small blind) folded before Flop
Seat 7: stocktech (big blind) folded before Flop
Seat 8: Rig Sick* folded before Flop (didn't bet)
Seat 9: jacky20 folded before Flop (didn't bet)



PokerStars Game #20143389401:  Hold'em No Limit ($0.10/$0.25) - 2008/09/04 14:34:12 ET
Table 'Badenia' 9-max Seat #6 is the button
Seat 1: Sick M ($53.35 in chips) 
Seat 2: Bahb ($14.40 in chips) 
Seat 3: skooby814 ($19.45 in chips) 
Seat 5: AtrY ($32.30 in chips) 
Seat 6: Alameda22 ($23.50 in chips) 
Seat 7: stocktech ($24.40 in chips) 
Seat 8: Rig Sick* ($30.95 in chips) 
Seat 9: jacky20 ($25.05 in chips) 
stocktech: posts small blind $0.10
Rig Sick*: posts big blind $0.25
*** HOLE CARDS ***
Dealt to Alameda22 [Ts 5s]
jacky20: folds 
Sick M: folds 
Bahb: folds 
*Cafo* joins the table at seat #4 
skooby814: raises $0.50 to $0.75
AtrY: folds 
Alameda22: folds 
stocktech: calls $0.65
Rig Sick*: calls $0.50
*** FLOP *** [Jh 6s 2d]
stocktech: checks 
Rig Sick*: checks 
skooby814: checks 
*** TURN *** [Jh 6s 2d] [6d]
stocktech: checks 
Rig Sick*: bets $1
skooby814: folds 
stocktech: calls $1
*** RIVER *** [Jh 6s 2d 6d] [Jd]
stocktech: checks 
Rig Sick*: checks 
*** SHOW DOWN ***
stocktech: shows [2c 2s] (a full house, Deuces full of Jacks)
Rig Sick*: mucks hand 
stocktech collected $4.05 from pot
*** SUMMARY ***
Total pot $4.25 | Rake $0.20 
Board [Jh 6s 2d 6d Jd]
Seat 1: Sick M folded before Flop (didn't bet)
Seat 2: Bahb folded before Flop (didn't bet)
Seat 3: skooby814 folded on the Turn
Seat 5: AtrY folded before Flop (didn't bet)
Seat 6: Alameda22 (button) folded before Flop (didn't bet)
Seat 7: stocktech (small blind) showed [2c 2s] and won ($4.05) with a full house, Deuces full of Jacks
Seat 8: Rig Sick* (big blind) mucked [3h As]
Seat 9: jacky20 folded before Flop (didn't bet)



PokerStars Game #20143426840:  Hold'em No Limit ($0.10/$0.25) - 2008/09/04 14:35:48 ET
Table 'Badenia' 9-max Seat #7 is the button
Seat 1: Sick M ($53.35 in chips) 
Seat 2: Bahb ($14.40 in chips) 
Seat 3: skooby814 ($18.70 in chips) 
Seat 4: *Cafo* ($5 in chips) 
Seat 5: AtrY ($32.30 in chips) 
Seat 6: Alameda22 ($23.50 in chips) 
Seat 7: stocktech ($26.70 in chips) 
Seat 8: Rig Sick* ($29.20 in chips) 
Seat 9: jacky20 ($25.05 in chips) 
Rig Sick*: posts small blind $0.10
jacky20: posts big blind $0.25
*Cafo*: posts big blind $0.25
*** HOLE CARDS ***
Dealt to Alameda22 [Jh 4c]
Sick M: folds 
Bahb: folds 
Bahb leaves the table
skooby814: folds 
*Cafo*: checks 
AtrY: folds 
Alameda22: folds 
stocktech: folds 
Rig Sick*: calls $0.15
jacky20: checks 
*** FLOP *** [Ad Td Ah]
allinmakro joins the table at seat #2 
Rig Sick*: bets $0.50
jacky20: folds 
*Cafo*: folds 
Uncalled bet ($0.50) returned to Rig Sick*
jacky20 leaves the table
Rig Sick* collected $0.75 from pot
Rig Sick*: doesn't show hand 
*** SUMMARY ***
Total pot $0.75 | Rake $0 
Board [Ad Td Ah]
Seat 1: Sick M folded before Flop (didn't bet)
Seat 2: Bahb folded before Flop (didn't bet)
Seat 3: skooby814 folded before Flop (didn't bet)
Seat 4: *Cafo* folded on the Flop
Seat 5: AtrY folded before Flop (didn't bet)
Seat 6: Alameda22 folded before Flop (didn't bet)
Seat 7: stocktech (button) folded before Flop (didn't bet)
Seat 8: Rig Sick* (small blind) collected ($0.75)
Seat 9: jacky20 (big blind) folded on the Flop



PokerStars Game #20143458824:  Hold'em No Limit ($0.10/$0.25) - 2008/09/04 14:37:10 ET
Table 'Badenia' 9-max Seat #8 is the button
Seat 1: Sick M ($53.35 in chips) 
Seat 2: allinmakro ($5 in chips) 
Seat 3: skooby814 ($18.70 in chips) 
Seat 4: *Cafo* ($4.75 in chips) 
Seat 5: AtrY ($32.30 in chips) 
Seat 6: Alameda22 ($23.50 in chips) 
Seat 7: stocktech ($26.70 in chips) 
Seat 8: Rig Sick* ($29.70 in chips) 
Sick M: posts small blind $0.10
allinmakro: posts big blind $0.25
*** HOLE CARDS ***
Dealt to Alameda22 [7s Ad]
skooby814: folds 
*Cafo*: folds 
AtrY: folds 
Alameda22: folds 
stocktech: folds 
Rig Sick*: raises $0.50 to $0.75
Sick M: folds 
allinmakro: folds 
Uncalled bet ($0.50) returned to Rig Sick*
Rig Sick* collected $0.60 from pot
*** SUMMARY ***
Total pot $0.60 | Rake $0 
Seat 1: Sick M (small blind) folded before Flop
Seat 2: allinmakro (big blind) folded before Flop
Seat 3: skooby814 folded before Flop (didn't bet)
Seat 4: *Cafo* folded before Flop (didn't bet)
Seat 5: AtrY folded before Flop (didn't bet)
Seat 6: Alameda22 folded before Flop (didn't bet)
Seat 7: stocktech folded before Flop (didn't bet)
Seat 8: Rig Sick* (button) collected ($0.60)



PokerStars Game #20143483571:  Hold'em No Limit ($0.10/$0.25) - 2008/09/04 14:38:13 ET
Table 'Badenia' 9-max Seat #1 is the button
Seat 1: Sick M ($53.25 in chips) 
Seat 2: allinmakro ($4.75 in chips) 
Seat 3: skooby814 ($18.70 in chips) 
Seat 4: *Cafo* ($4.75 in chips) 
Seat 5: AtrY ($32.30 in chips) 
Seat 6: Alameda22 ($23.50 in chips) 
Seat 7: stocktech ($26.70 in chips) 
Seat 8: Rig Sick* ($30.05 in chips) 
allinmakro: posts small blind $0.10
skooby814: posts big blind $0.25
*** HOLE CARDS ***
Dealt to Alameda22 [7c 7s]
*Cafo*: folds 
AtrY: folds 
Alameda22: folds 
stocktech: folds 
Rig Sick*: raises $0.50 to $0.75
Sick M: folds 
allinmakro: calls $0.65
skooby814: calls $0.50
*** FLOP *** [3s 9s Jd]
allinmakro: checks 
skooby814: checks 
Rig Sick*: checks 
*** TURN *** [3s 9s Jd] [Jh]
allinmakro: bets $1
skooby814: folds 
Rig Sick*: folds 
Uncalled bet ($1) returned to allinmakro
allinmakro collected $2.15 from pot
allinmakro: doesn't show hand 
*** SUMMARY ***
Total pot $2.25 | Rake $0.10 
Board [3s 9s Jd Jh]
Seat 1: Sick M (button) folded before Flop (didn't bet)
Seat 2: allinmakro (small blind) collected ($2.15)
Seat 3: skooby814 (big blind) folded on the Turn
Seat 4: *Cafo* folded before Flop (didn't bet)
Seat 5: AtrY folded before Flop (didn't bet)
Seat 6: Alameda22 folded before Flop (didn't bet)
Seat 7: stocktech folded before Flop (didn't bet)
Seat 8: Rig Sick* folded on the Turn



PokerStars Game #20143521237:  Hold'em No Limit ($0.10/$0.25) - 2008/09/04 14:39:48 ET
Table 'Badenia' 9-max Seat #2 is the button
Seat 1: Sick M ($53.25 in chips) 
Seat 2: allinmakro ($6.15 in chips) 
Seat 3: skooby814 ($17.95 in chips) 
Seat 4: *Cafo* ($4.75 in chips) 
Seat 5: AtrY ($32.30 in chips) 
Seat 6: Alameda22 ($23.50 in chips) 
Seat 7: stocktech ($26.70 in chips) 
Seat 8: Rig Sick* ($29.30 in chips) 
skooby814: posts small blind $0.10
*Cafo*: posts big blind $0.25
*** HOLE CARDS ***
Dealt to Alameda22 [Kd 4s]
AtrY: folds 
Alameda22: folds 
yjqian23 joins the table at seat #9 
stocktech: folds 
Rig Sick*: folds 
Sick M: folds 
allinmakro: folds 
skooby814: folds 
Uncalled bet ($0.15) returned to *Cafo*
*Cafo* collected $0.20 from pot
*Cafo*: doesn't show hand 
*** SUMMARY ***
Total pot $0.20 | Rake $0 
Seat 1: Sick M folded before Flop (didn't bet)
Seat 2: allinmakro (button) folded before Flop (didn't bet)
Seat 3: skooby814 (small blind) folded before Flop
Seat 4: *Cafo* (big blind) collected ($0.20)
Seat 5: AtrY folded before Flop (didn't bet)
Seat 6: Alameda22 folded before Flop (didn't bet)
Seat 7: stocktech folded before Flop (didn't bet)
Seat 8: Rig Sick* folded before Flop (didn't bet)



PokerStars Game #20143539590:  Hold'em No Limit ($0.10/$0.25) - 2008/09/04 14:40:35 ET
Table 'Badenia' 9-max Seat #3 is the button
Seat 1: Sick M ($53.25 in chips) 
Seat 2: allinmakro ($6.15 in chips) 
Seat 3: skooby814 ($17.85 in chips) 
Seat 4: *Cafo* ($4.85 in chips) 
Seat 5: AtrY ($32.30 in chips) 
Seat 6: Alameda22 ($23.50 in chips) 
Seat 7: stocktech ($26.70 in chips) 
Seat 8: Rig Sick* ($29.30 in chips) 
*Cafo*: posts small blind $0.10
AtrY: posts big blind $0.25
yjqian23: sits out 
*** HOLE CARDS ***
Dealt to Alameda22 [7c 9h]
Alameda22: folds 
stocktech: folds 
Rig Sick*: folds 
Sick M: folds 
allinmakro: calls $0.25
skooby814: raises $1 to $1.25
*Cafo*: folds 
AtrY: folds 
allinmakro: calls $1
*** FLOP *** [9c Js 5d]
allinmakro: checks 
skooby814: checks 
*** TURN *** [9c Js 5d] [Ad]
allinmakro: bets $0.75
skooby814: folds 
Uncalled bet ($0.75) returned to allinmakro
allinmakro collected $2.75 from pot
allinmakro: doesn't show hand 
*** SUMMARY ***
Total pot $2.85 | Rake $0.10 
Board [9c Js 5d Ad]
Seat 1: Sick M folded before Flop (didn't bet)
Seat 2: allinmakro collected ($2.75)
Seat 3: skooby814 (button) folded on the Turn
Seat 4: *Cafo* (small blind) folded before Flop
Seat 5: AtrY (big blind) folded before Flop
Seat 6: Alameda22 folded before Flop (didn't bet)
Seat 7: stocktech folded before Flop (didn't bet)
Seat 8: Rig Sick* folded before Flop (didn't bet)



PokerStars Game #20143574039:  Hold'em No Limit ($0.10/$0.25) - 2008/09/04 14:42:02 ET
Table 'Badenia' 9-max Seat #4 is the button
Seat 1: Sick M ($53.25 in chips) 
Seat 2: allinmakro ($7.65 in chips) 
Seat 3: skooby814 ($16.60 in chips) 
Seat 4: *Cafo* ($4.75 in chips) 
Seat 5: AtrY ($32.05 in chips) 
Seat 6: Alameda22 ($23.50 in chips) 
Seat 7: stocktech ($26.70 in chips) 
Seat 8: Rig Sick* ($29.30 in chips) 
AtrY: posts small blind $0.10
Alameda22: posts big blind $0.25
yjqian23: sits out 
*** HOLE CARDS ***
Dealt to Alameda22 [9c Ts]
stocktech: folds 
Rig Sick*: folds 
Sick M: folds 
allinmakro: folds 
skooby814: folds 
*Cafo*: folds 
AtrY: folds 
Uncalled bet ($0.15) returned to Alameda22
Alameda22 collected $0.20 from pot
Alameda22: doesn't show hand 
*** SUMMARY ***
Total pot $0.20 | Rake $0 
Seat 1: Sick M folded before Flop (didn't bet)
Seat 2: allinmakro folded before Flop (didn't bet)
Seat 3: skooby814 folded before Flop (didn't bet)
Seat 4: *Cafo* (button) folded before Flop (didn't bet)
Seat 5: AtrY (small blind) folded before Flop
Seat 6: Alameda22 (big blind) collected ($0.20)
Seat 7: stocktech folded before Flop (didn't bet)
Seat 8: Rig Sick* folded before Flop (didn't bet)



PokerStars Game #20143585520:  Hold'em No Limit ($0.10/$0.25) - 2008/09/04 14:42:31 ET
Table 'Badenia' 9-max Seat #5 is the button
Seat 1: Sick M ($53.25 in chips) 
Seat 2: allinmakro ($7.65 in chips) 
Seat 3: skooby814 ($16.60 in chips) 
Seat 4: *Cafo* ($4.75 in chips) 
Seat 5: AtrY ($31.95 in chips) 
Seat 6: Alameda22 ($23.60 in chips) 
Seat 7: stocktech ($26.70 in chips) 
Seat 8: Rig Sick* ($29.30 in chips) 
Alameda22: posts small blind $0.10
stocktech: posts big blind $0.25
yjqian23: sits out 
*** HOLE CARDS ***
Dealt to Alameda22 [8d Ah]
Rig Sick*: folds 
Sick M: folds 
allinmakro: calls $0.25
skooby814: folds 
*Cafo*: folds 
AtrY: folds 
Alameda22: folds 
stocktech: checks 
*** FLOP *** [8h 2d 9c]
stocktech: checks 
allinmakro: bets $0.25
stocktech: folds 
Uncalled bet ($0.25) returned to allinmakro
allinmakro collected $0.60 from pot
allinmakro: doesn't show hand 
*** SUMMARY ***
Total pot $0.60 | Rake $0 
Board [8h 2d 9c]
Seat 1: Sick M folded before Flop (didn't bet)
Seat 2: allinmakro collected ($0.60)
Seat 3: skooby814 folded before Flop (didn't bet)
Seat 4: *Cafo* folded before Flop (didn't bet)
Seat 5: AtrY (button) folded before Flop (didn't bet)
Seat 6: Alameda22 (small blind) folded before Flop
Seat 7: stocktech (big blind) folded on the Flop
Seat 8: Rig Sick* folded before Flop (didn't bet)



PokerStars Game #20143620330:  Hold'em No Limit ($0.10/$0.25) - 2008/09/04 14:44:00 ET
Table 'Badenia' 9-max Seat #6 is the button
Seat 1: Sick M ($53.25 in chips) 
Seat 2: allinmakro ($8 in chips) 
Seat 3: skooby814 ($16.60 in chips) 
Seat 4: *Cafo* ($4.75 in chips) 
Seat 5: AtrY ($31.95 in chips) 
Seat 6: Alameda22 ($23.50 in chips) 
Seat 7: stocktech ($26.45 in chips) 
Seat 8: Rig Sick* ($29.30 in chips) 
stocktech: posts small blind $0.10
Rig Sick*: posts big blind $0.25
yjqian23: sits out 
*** HOLE CARDS ***
Dealt to Alameda22 [5h 2h]
Sick M: folds 
allinmakro: folds 
skooby814: folds 
*Cafo*: folds 
AtrY: folds 
Alameda22: folds 
stocktech: calls $0.15
Rig Sick*: checks 
*** FLOP *** [4s Kd Ks]
stocktech: checks 
Rig Sick*: bets $0.25
stocktech: folds 
Uncalled bet ($0.25) returned to Rig Sick*
Rig Sick* collected $0.50 from pot
Rig Sick*: doesn't show hand 
*** SUMMARY ***
Total pot $0.50 | Rake $0 
Board [4s Kd Ks]
Seat 1: Sick M folded before Flop (didn't bet)
Seat 2: allinmakro folded before Flop (didn't bet)
Seat 3: skooby814 folded before Flop (didn't bet)
Seat 4: *Cafo* folded before Flop (didn't bet)
Seat 5: AtrY folded before Flop (didn't bet)
Seat 6: Alameda22 (button) folded before Flop (didn't bet)
Seat 7: stocktech (small blind) folded on the Flop
Seat 8: Rig Sick* (big blind) collected ($0.50)



PokerStars Game #20143641162:  Hold'em No Limit ($0.10/$0.25) - 2008/09/04 14:44:53 ET
Table 'Badenia' 9-max Seat #7 is the button
Seat 1: Sick M ($53.25 in chips) 
Seat 2: allinmakro ($8 in chips) 
Seat 3: skooby814 ($16.60 in chips) 
Seat 4: *Cafo* ($4.75 in chips) 
Seat 5: AtrY ($31.95 in chips) 
Seat 6: Alameda22 ($23.50 in chips) 
Seat 7: stocktech ($26.20 in chips) 
Seat 8: Rig Sick* ($29.55 in chips) 
Seat 9: yjqian23 ($25 in chips) 
Rig Sick*: posts small blind $0.10
yjqian23: posts big blind $0.25
*** HOLE CARDS ***
Dealt to Alameda22 [Ad Qh]
Sick M: folds 
allinmakro: folds 
skooby814: raises $0.50 to $0.75
*Cafo*: folds 
AtrY: calls $0.75
Alameda22: folds 
stocktech: folds 
allinmakro leaves the table
Rig Sick*: calls $0.65
yjqian23: folds 
*** FLOP *** [Qd 4c Qc]
Rig Sick*: checks 
skooby814: checks 
AtrY: checks 
*** TURN *** [Qd 4c Qc] [Kd]
Rig Sick*: checks 
skooby814: bets $0.75
AtrY: folds 
Rig Sick*: calls $0.75
*** RIVER *** [Qd 4c Qc Kd] [Kh]
Rig Sick*: checks 
brisko007 joins the table at seat #2 
skooby814: bets $2.75
Rig Sick*: folds 
Uncalled bet ($2.75) returned to skooby814
skooby814 collected $3.85 from pot
*** SUMMARY ***
Total pot $4 | Rake $0.15 
Board [Qd 4c Qc Kd Kh]
Seat 1: Sick M folded before Flop (didn't bet)
Seat 2: allinmakro folded before Flop (didn't bet)
Seat 3: skooby814 collected ($3.85)
Seat 4: *Cafo* folded before Flop (didn't bet)
Seat 5: AtrY folded on the Turn
Seat 6: Alameda22 folded before Flop (didn't bet)
Seat 7: stocktech (button) folded before Flop (didn't bet)
Seat 8: Rig Sick* (small blind) folded on the River
Seat 9: yjqian23 (big blind) folded before Flop



PokerStars Game #20143688236:  Hold'em No Limit ($0.10/$0.25) - 2008/09/04 14:46:48 ET
Table 'Badenia' 9-max Seat #8 is the button
Seat 1: Sick M ($53.25 in chips) 
Seat 3: skooby814 ($18.95 in chips) 
Seat 4: *Cafo* ($4.75 in chips) 
Seat 5: AtrY ($31.20 in chips) 
Seat 6: Alameda22 ($23.50 in chips) 
Seat 7: stocktech ($26.20 in chips) 
Seat 8: Rig Sick* ($28.05 in chips) 
Seat 9: yjqian23 ($24.75 in chips) 
yjqian23: posts small blind $0.10
Sick M: posts big blind $0.25
brisko007: sits out 
*** HOLE CARDS ***
Dealt to Alameda22 [Qc Jh]
skooby814: folds 
*Cafo*: folds 
*Cafo* leaves the table
AtrY: folds 
therealmp joins the table at seat #4 
Alameda22: folds 
stocktech: calls $0.25
Rig Sick*: folds 
yjqian23: folds 
Sick M: raises $1.25 to $1.50
stocktech: folds 
Uncalled bet ($1.25) returned to Sick M
Sick M collected $0.60 from pot
Sick M: doesn't show hand 
*** SUMMARY ***
Total pot $0.60 | Rake $0 
Seat 1: Sick M (big blind) collected ($0.60)
Seat 3: skooby814 folded before Flop (didn't bet)
Seat 4: *Cafo* folded before Flop (didn't bet)
Seat 5: AtrY folded before Flop (didn't bet)
Seat 6: Alameda22 folded before Flop (didn't bet)
Seat 7: stocktech folded before Flop
Seat 8: Rig Sick* (button) folded before Flop (didn't bet)
Seat 9: yjqian23 (small blind) folded before Flop



PokerStars Game #20143713423:  Hold'em No Limit ($0.10/$0.25) - 2008/09/04 14:47:50 ET
Table 'Badenia' 9-max Seat #9 is the button
Seat 1: Sick M ($53.60 in chips) 
Seat 2: brisko007 ($5 in chips) 
Seat 3: skooby814 ($18.95 in chips) 
Seat 4: therealmp ($15 in chips) 
Seat 5: AtrY ($31.20 in chips) 
Seat 6: Alameda22 ($23.50 in chips) 
Seat 7: stocktech ($25.95 in chips) 
Seat 8: Rig Sick* ($28.05 in chips) 
Seat 9: yjqian23 ($24.65 in chips) 
Sick M: posts small blind $0.10
brisko007: posts big blind $0.25
therealmp: posts big blind $0.25
*** HOLE CARDS ***
Dealt to Alameda22 [7h 6d]
skooby814: folds 
therealmp: checks 
AtrY: folds 
Alameda22: folds 
stocktech: calls $0.25
Rig Sick*: folds 
yjqian23: calls $0.25
Sick M: calls $0.15
brisko007: checks 
*** FLOP *** [2s Td 9c]
Sick M: checks 
brisko007: checks 
therealmp: checks 
stocktech: bets $0.75
yjqian23: folds 
Sick M: folds 
brisko007: folds 
therealmp: folds 
Uncalled bet ($0.75) returned to stocktech
stocktech collected $1.20 from pot
stocktech: doesn't show hand 
*** SUMMARY ***
Total pot $1.25 | Rake $0.05 
Board [2s Td 9c]
Seat 1: Sick M (small blind) folded on the Flop
Seat 2: brisko007 (big blind) folded on the Flop
Seat 3: skooby814 folded before Flop (didn't bet)
Seat 4: therealmp folded on the Flop
Seat 5: AtrY folded before Flop (didn't bet)
Seat 6: Alameda22 folded before Flop (didn't bet)
Seat 7: stocktech collected ($1.20)
Seat 8: Rig Sick* folded before Flop (didn't bet)
Seat 9: yjqian23 (button) folded on the Flop



PokerStars Game #20143763589:  Hold'em No Limit ($0.10/$0.25) - 2008/09/04 14:49:52 ET
Table 'Badenia' 9-max Seat #1 is the button
Seat 1: Sick M ($53.35 in chips) 
Seat 2: brisko007 ($4.75 in chips) 
Seat 3: skooby814 ($18.95 in chips) 
Seat 4: therealmp ($14.75 in chips) 
Seat 5: AtrY ($31.20 in chips) 
Seat 6: Alameda22 ($23.50 in chips) 
Seat 7: stocktech ($26.90 in chips) 
Seat 8: Rig Sick* ($28.05 in chips) 
Seat 9: yjqian23 ($24.40 in chips) 
brisko007: posts small blind $0.10
skooby814: posts big blind $0.25
*** HOLE CARDS ***
Dealt to Alameda22 [2c Qc]
therealmp: folds 
AtrY: folds 
Alameda22: folds 
stocktech: folds 
Rig Sick*: folds 
yjqian23: folds 
Sick M: raises $0.75 to $1
brisko007: folds 
skooby814: folds 
Uncalled bet ($0.75) returned to Sick M
Sick M collected $0.60 from pot
Sick M: doesn't show hand 
*** SUMMARY ***
Total pot $0.60 | Rake $0 
Seat 1: Sick M (button) collected ($0.60)
Seat 2: brisko007 (small blind) folded before Flop
Seat 3: skooby814 (big blind) folded before Flop
Seat 4: therealmp folded before Flop (didn't bet)
Seat 5: AtrY folded before Flop (didn't bet)
Seat 6: Alameda22 folded before Flop (didn't bet)
Seat 7: stocktech folded before Flop (didn't bet)
Seat 8: Rig Sick* folded before Flop (didn't bet)
Seat 9: yjqian23 folded before Flop (didn't bet)



PokerStars Game #20143780935:  Hold'em No Limit ($0.10/$0.25) - 2008/09/04 14:50:35 ET
Table 'Badenia' 9-max Seat #2 is the button
Seat 1: Sick M ($53.70 in chips) 
Seat 2: brisko007 ($4.65 in chips) 
Seat 3: skooby814 ($18.70 in chips) 
Seat 4: therealmp ($14.75 in chips) 
Seat 5: AtrY ($31.20 in chips) 
Seat 6: Alameda22 ($23.50 in chips) 
Seat 7: stocktech ($26.90 in chips) 
Seat 8: Rig Sick* ($28.05 in chips) 
Seat 9: yjqian23 ($24.40 in chips) 
skooby814: posts small blind $0.10
therealmp: posts big blind $0.25
*** HOLE CARDS ***
Dealt to Alameda22 [Jd 9s]
AtrY: folds 
Alameda22: folds 
stocktech: folds 
Rig Sick*: folds 
yjqian23: folds 
Sick M: folds 
brisko007: folds 
skooby814: raises $0.50 to $0.75
therealmp: calls $0.50
*** FLOP *** [As 5s Ah]
skooby814: bets $0.50
therealmp: folds 
Uncalled bet ($0.50) returned to skooby814
skooby814 collected $1.45 from pot
*** SUMMARY ***
Total pot $1.50 | Rake $0.05 
Board [As 5s Ah]
Seat 1: Sick M folded before Flop (didn't bet)
Seat 2: brisko007 (button) folded before Flop (didn't bet)
Seat 3: skooby814 (small blind) collected ($1.45)
Seat 4: therealmp (big blind) folded on the Flop
Seat 5: AtrY folded before Flop (didn't bet)
Seat 6: Alameda22 folded before Flop (didn't bet)
Seat 7: stocktech folded before Flop (didn't bet)
Seat 8: Rig Sick* folded before Flop (didn't bet)
Seat 9: yjqian23 folded before Flop (didn't bet)



PokerStars Game #20143796929:  Hold'em No Limit ($0.10/$0.25) - 2008/09/04 14:51:14 ET
Table 'Badenia' 9-max Seat #3 is the button
Seat 1: Sick M ($53.70 in chips) 
Seat 2: brisko007 ($4.65 in chips) 
Seat 3: skooby814 ($19.40 in chips) 
Seat 4: therealmp ($14 in chips) 
Seat 5: AtrY ($31.20 in chips) 
Seat 6: Alameda22 ($23.50 in chips) 
Seat 7: stocktech ($26.90 in chips) 
Seat 8: Rig Sick* ($28.05 in chips) 
Seat 9: yjqian23 ($24.40 in chips) 
therealmp: posts small blind $0.10
AtrY: posts big blind $0.25
*** HOLE CARDS ***
Dealt to Alameda22 [6c 9h]
Alameda22: folds 
stocktech: folds 
Rig Sick*: raises $0.50 to $0.75
yjqian23: folds 
Sick M: folds 
brisko007: raises $0.50 to $1.25
skooby814: folds 
therealmp: calls $1.15
AtrY: folds 
Rig Sick*: calls $0.50
*** FLOP *** [6h As 8h]
therealmp: checks 
Rig Sick*: checks 
brisko007: bets $1
therealmp: folds 
Rig Sick*: folds 
Uncalled bet ($1) returned to brisko007
brisko007 collected $3.80 from pot
brisko007: doesn't show hand 
*** SUMMARY ***
Total pot $4 | Rake $0.20 
Board [6h As 8h]
Seat 1: Sick M folded before Flop (didn't bet)
Seat 2: brisko007 collected ($3.80)
Seat 3: skooby814 (button) folded before Flop (didn't bet)
Seat 4: therealmp (small blind) folded on the Flop
Seat 5: AtrY (big blind) folded before Flop
Seat 6: Alameda22 folded before Flop (didn't bet)
Seat 7: stocktech folded before Flop (didn't bet)
Seat 8: Rig Sick* folded on the Flop
Seat 9: yjqian23 folded before Flop (didn't bet)



PokerStars Game #20143830912:  Hold'em No Limit ($0.10/$0.25) - 2008/09/04 14:52:37 ET
Table 'Badenia' 9-max Seat #4 is the button
Seat 1: Sick M ($53.70 in chips) 
Seat 2: brisko007 ($7.20 in chips) 
Seat 3: skooby814 ($19.40 in chips) 
Seat 4: therealmp ($12.75 in chips) 
Seat 5: AtrY ($30.95 in chips) 
Seat 6: Alameda22 ($23.50 in chips) 
Seat 7: stocktech ($26.90 in chips) 
Seat 8: Rig Sick* ($26.80 in chips) 
Seat 9: yjqian23 ($24.40 in chips) 
AtrY: posts small blind $0.10
Alameda22: posts big blind $0.25
*** HOLE CARDS ***
Dealt to Alameda22 [7c Ah]
stocktech: folds 
Rig Sick*: folds 
yjqian23: calls $0.25
Sick M: folds 
brisko007: folds 
brisko007 leaves the table
skooby814: folds 
therealmp: folds 
munzynho joins the table at seat #2 
AtrY: folds 
Alameda22: checks 
*** FLOP *** [Ad 5d 7d]
Alameda22: bets $0.50
yjqian23: calls $0.50
*** TURN *** [Ad 5d 7d] [Qd]
Alameda22: checks 
yjqian23: bets $1
Alameda22: calls $1
*** RIVER *** [Ad 5d 7d Qd] [4s]
Alameda22: checks 
yjqian23: bets $1
Alameda22: calls $1
*** SHOW DOWN ***
yjqian23: shows [As Kh] (a pair of Aces)
Alameda22: shows [7c Ah] (two pair, Aces and Sevens)
Alameda22 collected $5.35 from pot
*** SUMMARY ***
Total pot $5.60 | Rake $0.25 
Board [Ad 5d 7d Qd 4s]
Seat 1: Sick M folded before Flop (didn't bet)
Seat 2: brisko007 folded before Flop (didn't bet)
Seat 3: skooby814 folded before Flop (didn't bet)
Seat 4: therealmp (button) folded before Flop (didn't bet)
Seat 5: AtrY (small blind) folded before Flop
Seat 6: Alameda22 (big blind) showed [7c Ah] and won ($5.35) with two pair, Aces and Sevens
Seat 7: stocktech folded before Flop (didn't bet)
Seat 8: Rig Sick* folded before Flop (didn't bet)
Seat 9: yjqian23 showed [As Kh] and lost with a pair of Aces



PokerStars Game #20143886805:  Hold'em No Limit ($0.10/$0.25) - 2008/09/04 14:54:53 ET
Table 'Badenia' 9-max Seat #5 is the button
Seat 1: Sick M ($53.70 in chips) 
Seat 2: munzynho ($15 in chips) 
Seat 3: skooby814 ($19.40 in chips) 
Seat 4: therealmp ($12.75 in chips) 
Seat 5: AtrY ($30.85 in chips) 
Seat 6: Alameda22 ($26.10 in chips) 
Seat 7: stocktech ($26.90 in chips) 
Seat 8: Rig Sick* ($26.80 in chips) 
Seat 9: yjqian23 ($21.65 in chips) 
Alameda22: posts small blind $0.10
stocktech: posts big blind $0.25
munzynho: posts big blind $0.25
*** HOLE CARDS ***
Dealt to Alameda22 [2s 5d]
Rig Sick*: calls $0.25
yjqian23: calls $0.25
Sick M: folds 
munzynho: checks 
skooby814: calls $0.25
therealmp: calls $0.25
AtrY: folds 
Alameda22: folds 
stocktech: checks 
*** FLOP *** [Qs 6s Qd]
stocktech: checks 
Rig Sick*: checks 
yjqian23: bets $0.25
munzynho: calls $0.25
skooby814: folds 
therealmp: folds 
stocktech: calls $0.25
Rig Sick*: folds 
*** TURN *** [Qs 6s Qd] [2c]
stocktech: checks 
yjqian23: bets $0.25
munzynho: raises $0.75 to $1
stocktech: calls $1
yjqian23: calls $0.75
*** RIVER *** [Qs 6s Qd 2c] [Ac]
stocktech: checks 
yjqian23: bets $0.25
munzynho: raises $1.25 to $1.50
stocktech: folds 
yjqian23: calls $1.25
*** SHOW DOWN ***
munzynho: shows [Qc 7d] (three of a kind, Queens)
yjqian23: mucks hand 
munzynho collected $7.95 from pot
*** SUMMARY ***
Total pot $8.35 | Rake $0.40 
Board [Qs 6s Qd 2c Ac]
Seat 1: Sick M folded before Flop (didn't bet)
Seat 2: munzynho showed [Qc 7d] and won ($7.95) with three of a kind, Queens
Seat 3: skooby814 folded on the Flop
Seat 4: therealmp folded on the Flop
Seat 5: AtrY (button) folded before Flop (didn't bet)
Seat 6: Alameda22 (small blind) folded before Flop
Seat 7: stocktech (big blind) folded on the River
Seat 8: Rig Sick* folded on the Flop
Seat 9: yjqian23 mucked [As Ts]



