PokerStars Game #19577314071:  Hold'em No Limit ($0.10/$0.25) - 2008/08/13 - 00:01:05 (ET)
Table 'Amnestia III' 9-max Seat #6 is the button
Seat 3: TAlves2 ($36.90 in chips) 
Seat 4: pottakker ($7.25 in chips) 
Seat 5: ekko444 ($28.55 in chips) 
Seat 6: greg wymenga ($24.90 in chips) 
Seat 7: Alameda22 ($23.85 in chips) 
Alameda22: posts small blind $0.10
WooLeeJung: is sitting out 
gjc256 joins the table at seat #2 
Cross Damon: is sitting out 
TAlves2: posts big blind $0.25
*** HOLE CARDS ***
Dealt to Alameda22 [3c Qs]
pottakker: calls $0.25
ekko444: calls $0.25
greg wymenga: folds 
Alameda22: folds 
TAlves2: checks 
*** FLOP *** [Qd Td 8c]
TAlves2: bets $0.25
pottakker: calls $0.25
ekko444: folds 
*** TURN *** [Qd Td 8c] [Jc]
TAlves2: bets $0.25
pottakker: calls $0.25
*** RIVER *** [Qd Td 8c Jc] [3d]
TAlves2: bets $0.25
pottakker: calls $0.25
*** SHOW DOWN ***
TAlves2: shows [6s 6d] (a pair of Sixes)
pottakker: mucks hand 
TAlves2 collected $2.25 from pot
*** SUMMARY ***
Total pot $2.35 | Rake $0.10 
Board [Qd Td 8c Jc 3d]
Seat 3: TAlves2 (big blind) showed [6s 6d] and won ($2.25) with a pair of Sixes
Seat 4: pottakker mucked [6h Ad]
Seat 5: ekko444 folded on the Flop
Seat 6: greg wymenga (button) folded before Flop (didn't bet)
Seat 7: Alameda22 (small blind) folded before Flop



PokerStars Game #19577329154:  Hold'em No Limit ($0.10/$0.25) - 2008/08/13 - 00:01:55 (ET)
Table 'Amnestia III' 9-max Seat #7 is the button
Seat 3: TAlves2 ($38.15 in chips) 
Seat 4: pottakker ($6.25 in chips) 
Seat 5: ekko444 ($28.30 in chips) 
Seat 6: greg wymenga ($24.90 in chips) 
Seat 7: Alameda22 ($23.75 in chips) 
gjc256 will be allowed to play after the button
TAlves2: posts small blind $0.10
pottakker: posts big blind $0.25
*** HOLE CARDS ***
Dealt to Alameda22 [Jh Ts]
fbister joins the table at seat #1 
ekko444: folds 
greg wymenga: folds 
Alameda22: folds 
TAlves2: calls $0.15
pottakker: raises $0.25 to $0.50
TAlves2: calls $0.25
*** FLOP *** [Ks 2c 6c]
TAlves2: checks 
pottakker: bets $0.50
TAlves2: folds 
Uncalled bet ($0.50) returned to pottakker
pottakker collected $0.95 from pot
pottakker: doesn't show hand 
TAlves2 leaves the table
*** SUMMARY ***
Total pot $1 | Rake $0.05 
Board [Ks 2c 6c]
Seat 3: TAlves2 (small blind) folded on the Flop
Seat 4: pottakker (big blind) collected ($0.95)
Seat 5: ekko444 folded before Flop (didn't bet)
Seat 6: greg wymenga folded before Flop (didn't bet)
Seat 7: Alameda22 (button) folded before Flop (didn't bet)



PokerStars Game #19577341354:  Hold'em No Limit ($0.10/$0.25) - 2008/08/13 - 00:02:36 (ET)
Table 'Amnestia III' 9-max Seat #4 is the button
Seat 1: fbister ($15 in chips) 
Seat 2: gjc256 ($10 in chips) 
Seat 4: pottakker ($6.70 in chips) 
Seat 5: ekko444 ($28.30 in chips) 
Seat 6: greg wymenga ($24.90 in chips) 
Seat 7: Alameda22 ($23.75 in chips) 
ekko444: posts small blind $0.10
greg wymenga: posts big blind $0.25
djjeffypoo joins the table at seat #3 
fbister: posts big blind $0.25
gjc256: posts big blind $0.25
*** HOLE CARDS ***
Dealt to Alameda22 [8c 6d]
Alameda22: folds 
fbister: checks 
gjc256: checks 
pottakker: raises $0.25 to $0.50
ekko444: calls $0.40
greg wymenga: calls $0.25
fbister: calls $0.25
gjc256: calls $0.25
*** FLOP *** [5s Th 3h]
ekko444: checks 
greg wymenga: checks 
fbister: bets $0.75
gjc256: folds 
pottakker: raises $0.75 to $1.50
ekko444: calls $1.50
greg wymenga: raises $22.90 to $24.40 and is all-in
fbister: folds 
pottakker: calls $4.70 and is all-in
ekko444: folds 
Uncalled bet ($18.20) returned to greg wymenga
*** TURN *** [5s Th 3h] [4h]
*** RIVER *** [5s Th 3h 4h] [Qs]
*** SHOW DOWN ***
greg wymenga: shows [6h 7h] (a flush, Ten high)
pottakker: mucks hand 
greg wymenga collected $16.30 from pot
*** SUMMARY ***
Total pot $17.15 | Rake $0.85 
Board [5s Th 3h 4h Qs]
Seat 1: fbister folded on the Flop
Seat 2: gjc256 folded on the Flop
Seat 4: pottakker (button) mucked [Ts Td]
Seat 5: ekko444 (small blind) folded on the Flop
Seat 6: greg wymenga (big blind) showed [6h 7h] and won ($16.30) with a flush, Ten high
Seat 7: Alameda22 folded before Flop (didn't bet)



PokerStars Game #19577359082:  Hold'em No Limit ($0.10/$0.25) - 2008/08/13 - 00:03:36 (ET)
Table 'Amnestia III' 9-max Seat #5 is the button
Seat 1: fbister ($13.75 in chips) 
Seat 2: gjc256 ($9.50 in chips) 
Seat 4: pottakker ($15 in chips) 
Seat 5: ekko444 ($26.30 in chips) 
Seat 6: greg wymenga ($34.50 in chips) 
Seat 7: Alameda22 ($23.75 in chips) 
greg wymenga: posts small blind $0.10
Alameda22: posts big blind $0.25
djjeffypoo: sits out 
*** HOLE CARDS ***
Dealt to Alameda22 [Th Qs]
fbister: folds 
gjc256: folds 
pottakker: calls $0.25
ekko444: folds 
greg wymenga: folds 
Alameda22: checks 
*** FLOP *** [3d 7c Jh]
Alameda22: checks 
pottakker: bets $0.25
Alameda22: folds 
Uncalled bet ($0.25) returned to pottakker
pottakker collected $0.60 from pot
pottakker: doesn't show hand 
*** SUMMARY ***
Total pot $0.60 | Rake $0 
Board [3d 7c Jh]
Seat 1: fbister folded before Flop (didn't bet)
Seat 2: gjc256 folded before Flop (didn't bet)
Seat 4: pottakker collected ($0.60)
Seat 5: ekko444 (button) folded before Flop (didn't bet)
Seat 6: greg wymenga (small blind) folded before Flop
Seat 7: Alameda22 (big blind) folded on the Flop



PokerStars Game #19577369882:  Hold'em No Limit ($0.10/$0.25) - 2008/08/13 - 00:04:12 (ET)
Table 'Amnestia III' 9-max Seat #6 is the button
Seat 1: fbister ($13.75 in chips) 
Seat 2: gjc256 ($9.50 in chips) 
Seat 4: pottakker ($15.35 in chips) 
Seat 5: ekko444 ($26.30 in chips) 
Seat 6: greg wymenga ($34.40 in chips) 
Seat 7: Alameda22 ($23.50 in chips) 
Alameda22: posts small blind $0.10
fbister: posts big blind $0.25
djjeffypoo: sits out 
*** HOLE CARDS ***
Dealt to Alameda22 [4h 6d]
gjc256: folds 
pottakker: calls $0.25
ekko444: folds 
greg wymenga: folds 
Alameda22: folds 
fbister: checks 
*** FLOP *** [6c 3c Kc]
fbister: folds 
pottakker collected $0.60 from pot
pottakker: doesn't show hand 
*** SUMMARY ***
Total pot $0.60 | Rake $0 
Board [6c 3c Kc]
Seat 1: fbister (big blind) folded on the Flop
Seat 2: gjc256 folded before Flop (didn't bet)
Seat 4: pottakker collected ($0.60)
Seat 5: ekko444 folded before Flop (didn't bet)
Seat 6: greg wymenga (button) folded before Flop (didn't bet)
Seat 7: Alameda22 (small blind) folded before Flop



PokerStars Game #19577378699:  Hold'em No Limit ($0.10/$0.25) - 2008/08/13 - 00:04:42 (ET)
Table 'Amnestia III' 9-max Seat #7 is the button
Seat 1: fbister ($13.50 in chips) 
Seat 2: gjc256 ($9.50 in chips) 
Seat 4: pottakker ($15.70 in chips) 
Seat 5: ekko444 ($26.30 in chips) 
Seat 6: greg wymenga ($34.40 in chips) 
Seat 7: Alameda22 ($23.40 in chips) 
fbister: posts small blind $0.10
gjc256: posts big blind $0.25
djjeffypoo: sits out 
*** HOLE CARDS ***
Dealt to Alameda22 [5h 7d]
pottakker: calls $0.25
ekko444: folds 
greg wymenga: folds 
Alameda22: folds 
fbister: calls $0.15
gjc256: checks 
*** FLOP *** [2d Td 3d]
fbister: checks 
gjc256: checks 
pottakker: checks 
*** TURN *** [2d Td 3d] [7h]
fbister: bets $0.25
gjc256: calls $0.25
pottakker: calls $0.25
*** RIVER *** [2d Td 3d 7h] [Qd]
fbister: checks 
gjc256: checks 
pottakker: bets $1.50
fbister: folds 
gjc256: folds 
Uncalled bet ($1.50) returned to pottakker
pottakker collected $1.45 from pot
pottakker: doesn't show hand 
*** SUMMARY ***
Total pot $1.50 | Rake $0.05 
Board [2d Td 3d 7h Qd]
Seat 1: fbister (small blind) folded on the River
Seat 2: gjc256 (big blind) folded on the River
Seat 4: pottakker collected ($1.45)
Seat 5: ekko444 folded before Flop (didn't bet)
Seat 6: greg wymenga folded before Flop (didn't bet)
Seat 7: Alameda22 (button) folded before Flop (didn't bet)



PokerStars Game #19577395982:  Hold'em No Limit ($0.10/$0.25) - 2008/08/13 - 00:05:40 (ET)
Table 'Amnestia III' 9-max Seat #1 is the button
Seat 1: fbister ($13 in chips) 
Seat 2: gjc256 ($9 in chips) 
Seat 3: djjeffypoo ($25 in chips) 
Seat 4: pottakker ($16.65 in chips) 
Seat 5: ekko444 ($26.30 in chips) 
Seat 6: greg wymenga ($34.40 in chips) 
Seat 7: Alameda22 ($23.40 in chips) 
gjc256: posts small blind $0.10
Cross Damon leaves the table
djjeffypoo: posts big blind $0.25
*** HOLE CARDS ***
Dealt to Alameda22 [3s 5h]
pottakker: calls $0.25
ekko444: calls $0.25
Thorarin3 joins the table at seat #9 
greg wymenga: folds 
Alameda22: folds 
fbister: calls $0.25
gjc256: calls $0.15
djjeffypoo: checks 
*** FLOP *** [2d Qd 7h]
gjc256: bets $0.25
djjeffypoo: folds 
pottakker: folds 
ekko444: folds 
fbister: raises $0.50 to $0.75
gjc256: calls $0.50
*** TURN *** [2d Qd 7h] [Kd]
gjc256: bets $0.75
fbister: folds 
Uncalled bet ($0.75) returned to gjc256
gjc256 collected $2.65 from pot
gjc256: doesn't show hand 
*** SUMMARY ***
Total pot $2.75 | Rake $0.10 
Board [2d Qd 7h Kd]
Seat 1: fbister (button) folded on the Turn
Seat 2: gjc256 (small blind) collected ($2.65)
Seat 3: djjeffypoo (big blind) folded on the Flop
Seat 4: pottakker folded on the Flop
Seat 5: ekko444 folded on the Flop
Seat 6: greg wymenga folded before Flop (didn't bet)
Seat 7: Alameda22 folded before Flop (didn't bet)



PokerStars Game #19577414900:  Hold'em No Limit ($0.10/$0.25) - 2008/08/13 - 00:06:44 (ET)
Table 'Amnestia III' 9-max Seat #2 is the button
Seat 1: fbister ($12 in chips) 
Seat 2: gjc256 ($10.65 in chips) 
Seat 3: djjeffypoo ($24.75 in chips) 
Seat 4: pottakker ($16.40 in chips) 
Seat 5: ekko444 ($26.05 in chips) 
Seat 6: greg wymenga ($34.40 in chips) 
Seat 7: Alameda22 ($23.40 in chips) 
djjeffypoo: posts small blind $0.10
pottakker: posts big blind $0.25
Thorarin3: sits out 
*** HOLE CARDS ***
Dealt to Alameda22 [7c 4d]
ekko444: folds 
greg wymenga: raises $0.50 to $0.75
Alameda22: folds 
fbister: folds 
gjc256: folds 
djjeffypoo: folds 
pottakker: calls $0.50
*** FLOP *** [5c 4h Ad]
pottakker: checks 
greg wymenga: checks 
*** TURN *** [5c 4h Ad] [Kh]
pottakker: checks 
greg wymenga: bets $0.25
pottakker: folds 
Uncalled bet ($0.25) returned to greg wymenga
WooLeeJung has returned
greg wymenga collected $1.55 from pot
*** SUMMARY ***
Total pot $1.60 | Rake $0.05 
Board [5c 4h Ad Kh]
Seat 1: fbister folded before Flop (didn't bet)
Seat 2: gjc256 (button) folded before Flop (didn't bet)
Seat 3: djjeffypoo (small blind) folded before Flop
Seat 4: pottakker (big blind) folded on the Turn
Seat 5: ekko444 folded before Flop (didn't bet)
Seat 6: greg wymenga collected ($1.55)
Seat 7: Alameda22 folded before Flop (didn't bet)



PokerStars Game #19577428248:  Hold'em No Limit ($0.10/$0.25) - 2008/08/13 - 00:07:30 (ET)
Table 'Amnestia III' 9-max Seat #3 is the button
Seat 1: fbister ($12 in chips) 
Seat 2: gjc256 ($10.65 in chips) 
Seat 3: djjeffypoo ($24.65 in chips) 
Seat 4: pottakker ($15.65 in chips) 
Seat 5: ekko444 ($26.05 in chips) 
Seat 6: greg wymenga ($35.20 in chips) 
Seat 7: Alameda22 ($23.40 in chips) 
pottakker: posts small blind $0.10
ekko444: posts big blind $0.25
WooLeeJung: sits out 
Thorarin3: sits out 
*** HOLE CARDS ***
Dealt to Alameda22 [7s 3d]
greg wymenga: raises $0.50 to $0.75
Alameda22: folds 
fbister: folds 
gjc256: folds 
djjeffypoo: folds 
pottakker: calls $0.65
ekko444: folds 
*** FLOP *** [Tc 2c 6d]
pottakker: bets $1.75
greg wymenga: raises $32.70 to $34.45 and is all-in
pottakker: calls $13.15 and is all-in
Uncalled bet ($19.55) returned to greg wymenga
*** TURN *** [Tc 2c 6d] [Kd]
*** RIVER *** [Tc 2c 6d Kd] [5h]
*** SHOW DOWN ***
pottakker: shows [5c Th] (two pair, Tens and Fives)
greg wymenga: mucks hand 
pottakker collected $30 from pot
*** SUMMARY ***
Total pot $31.55 | Rake $1.55 
Board [Tc 2c 6d Kd 5h]
Seat 1: fbister folded before Flop (didn't bet)
Seat 2: gjc256 folded before Flop (didn't bet)
Seat 3: djjeffypoo (button) folded before Flop (didn't bet)
Seat 4: pottakker (small blind) showed [5c Th] and won ($30) with two pair, Tens and Fives
Seat 5: ekko444 (big blind) folded before Flop
Seat 6: greg wymenga mucked [Ac Kc]
Seat 7: Alameda22 folded before Flop (didn't bet)



PokerStars Game #19577439956:  Hold'em No Limit ($0.10/$0.25) - 2008/08/13 - 00:08:10 (ET)
Table 'Amnestia III' 9-max Seat #4 is the button
Seat 1: fbister ($12 in chips) 
Seat 2: gjc256 ($10.65 in chips) 
Seat 3: djjeffypoo ($24.65 in chips) 
Seat 4: pottakker ($30 in chips) 
Seat 5: ekko444 ($25.80 in chips) 
Seat 6: greg wymenga ($19.55 in chips) 
Seat 7: Alameda22 ($23.40 in chips) 
ekko444: posts small blind $0.10
greg wymenga: posts big blind $0.25
WooLeeJung: sits out 
Thorarin3: sits out 
*** HOLE CARDS ***
Dealt to Alameda22 [4d Qh]
Alameda22: folds 
fbister: folds 
gjc256: folds 
djjeffypoo: folds 
pottakker: calls $0.25
ekko444: calls $0.15
greg wymenga: checks 
*** FLOP *** [9c Jc 8c]
ekko444: bets $0.50
greg wymenga: folds 
pottakker: calls $0.50
*** TURN *** [9c Jc 8c] [Js]
ekko444: bets $1.25
pottakker: calls $1.25
*** RIVER *** [9c Jc 8c Js] [Jh]
ekko444: checks 
pottakker: bets $1.50
ekko444: calls $1.50
*** SHOW DOWN ***
pottakker: shows [7h 6d] (three of a kind, Jacks)
ekko444: shows [Qc 8h] (a full house, Jacks full of Eights)
ekko444 collected $6.90 from pot
*** SUMMARY ***
Total pot $7.25 | Rake $0.35 
Board [9c Jc 8c Js Jh]
Seat 1: fbister folded before Flop (didn't bet)
Seat 2: gjc256 folded before Flop (didn't bet)
Seat 3: djjeffypoo folded before Flop (didn't bet)
Seat 4: pottakker (button) showed [7h 6d] and lost with three of a kind, Jacks
Seat 5: ekko444 (small blind) showed [Qc 8h] and won ($6.90) with a full house, Jacks full of Eights
Seat 6: greg wymenga (big blind) folded on the Flop
Seat 7: Alameda22 folded before Flop (didn't bet)



PokerStars Game #19577454981:  Hold'em No Limit ($0.10/$0.25) - 2008/08/13 - 00:09:01 (ET)
Table 'Amnestia III' 9-max Seat #5 is the button
Seat 1: fbister ($12 in chips) 
Seat 2: gjc256 ($10.65 in chips) 
Seat 3: djjeffypoo ($24.65 in chips) 
Seat 4: pottakker ($26.50 in chips) 
Seat 5: ekko444 ($29.20 in chips) 
Seat 6: greg wymenga ($19.30 in chips) 
Seat 7: Alameda22 ($23.40 in chips) 
greg wymenga: posts small blind $0.10
Alameda22: posts big blind $0.25
WooLeeJung: sits out 
Thorarin3: sits out 
*** HOLE CARDS ***
Dealt to Alameda22 [Qh Kd]
fbister: folds 
gjc256: folds 
djjeffypoo: folds 
pottakker: calls $0.25
ekko444: raises $1 to $1.25
greg wymenga: folds 
Alameda22: folds 
pottakker: calls $1
*** FLOP *** [8d 4h Ts]
pottakker: bets $2.75
ekko444: raises $3.25 to $6
pottakker: raises $3.25 to $9.25
ekko444: folds 
Uncalled bet ($3.25) returned to pottakker
pottakker collected $14.15 from pot
pottakker: doesn't show hand 
*** SUMMARY ***
Total pot $14.85 | Rake $0.70 
Board [8d 4h Ts]
Seat 1: fbister folded before Flop (didn't bet)
Seat 2: gjc256 folded before Flop (didn't bet)
Seat 3: djjeffypoo folded before Flop (didn't bet)
Seat 4: pottakker collected ($14.15)
Seat 5: ekko444 (button) folded on the Flop
Seat 6: greg wymenga (small blind) folded before Flop
Seat 7: Alameda22 (big blind) folded before Flop



PokerStars Game #19577471425:  Hold'em No Limit ($0.10/$0.25) - 2008/08/13 - 00:09:58 (ET)
Table 'Amnestia III' 9-max Seat #6 is the button
Seat 1: fbister ($12 in chips) 
Seat 2: gjc256 ($10.65 in chips) 
Seat 3: djjeffypoo ($24.65 in chips) 
Seat 4: pottakker ($33.40 in chips) 
Seat 5: ekko444 ($21.95 in chips) 
Seat 6: greg wymenga ($19.20 in chips) 
Seat 7: Alameda22 ($23.15 in chips) 
Seat 8: WooLeeJung ($28.40 in chips) 
Alameda22: posts small blind $0.10
WooLeeJung: posts big blind $0.25
Thorarin3: sits out 
*** HOLE CARDS ***
Dealt to Alameda22 [Td 6h]
fbister: folds 
gjc256: folds 
djjeffypoo: folds 
pottakker: calls $0.25
ekko444: folds 
greg wymenga: folds 
Alameda22: folds 
WooLeeJung: checks 
*** FLOP *** [Ah 2c Kd]
WooLeeJung: checks 
pottakker: bets $0.25
WooLeeJung: calls $0.25
*** TURN *** [Ah 2c Kd] [7c]
WooLeeJung: checks 
pottakker: bets $2
WooLeeJung: folds 
Uncalled bet ($2) returned to pottakker
pottakker collected $1.05 from pot
pottakker: doesn't show hand 
*** SUMMARY ***
Total pot $1.10 | Rake $0.05 
Board [Ah 2c Kd 7c]
Seat 1: fbister folded before Flop (didn't bet)
Seat 2: gjc256 folded before Flop (didn't bet)
Seat 3: djjeffypoo folded before Flop (didn't bet)
Seat 4: pottakker collected ($1.05)
Seat 5: ekko444 folded before Flop (didn't bet)
Seat 6: greg wymenga (button) folded before Flop (didn't bet)
Seat 7: Alameda22 (small blind) folded before Flop
Seat 8: WooLeeJung (big blind) folded on the Turn



PokerStars Game #19577485941:  Hold'em No Limit ($0.10/$0.25) - 2008/08/13 - 00:10:48 (ET)
Table 'Amnestia III' 9-max Seat #7 is the button
Seat 1: fbister ($12 in chips) 
Seat 2: gjc256 ($10.65 in chips) 
Seat 3: djjeffypoo ($24.65 in chips) 
Seat 4: pottakker ($33.95 in chips) 
Seat 5: ekko444 ($21.95 in chips) 
Seat 6: greg wymenga ($19.20 in chips) 
Seat 7: Alameda22 ($23.05 in chips) 
Seat 8: WooLeeJung ($27.90 in chips) 
Seat 9: Thorarin3 ($25 in chips) 
WooLeeJung: posts small blind $0.10
Thorarin3: posts big blind $0.25
*** HOLE CARDS ***
Dealt to Alameda22 [8c Qd]
fbister: calls $0.25
gjc256: folds 
djjeffypoo: folds 
pottakker: calls $0.25
ekko444: folds 
greg wymenga: folds 
Alameda22: folds 
WooLeeJung: folds 
Thorarin3: checks 
*** FLOP *** [6c Qh 7h]
Thorarin3: checks 
fbister: checks 
pottakker: bets $0.25
Thorarin3: calls $0.25
fbister: calls $0.25
*** TURN *** [6c Qh 7h] [Js]
Thorarin3: checks 
fbister: bets $0.25
pottakker: calls $0.25
Thorarin3: calls $0.25
*** RIVER *** [6c Qh 7h Js] [9c]
Thorarin3: checks 
fbister: checks 
pottakker: bets $3
Thorarin3: folds 
fbister: folds 
Uncalled bet ($3) returned to pottakker
pottakker collected $2.25 from pot
pottakker: doesn't show hand 
*** SUMMARY ***
Total pot $2.35 | Rake $0.10 
Board [6c Qh 7h Js 9c]
Seat 1: fbister folded on the River
Seat 2: gjc256 folded before Flop (didn't bet)
Seat 3: djjeffypoo folded before Flop (didn't bet)
Seat 4: pottakker collected ($2.25)
Seat 5: ekko444 folded before Flop (didn't bet)
Seat 6: greg wymenga folded before Flop (didn't bet)
Seat 7: Alameda22 (button) folded before Flop (didn't bet)
Seat 8: WooLeeJung (small blind) folded before Flop
Seat 9: Thorarin3 (big blind) folded on the River



PokerStars Game #19577507441:  Hold'em No Limit ($0.10/$0.25) - 2008/08/13 - 00:12:03 (ET)
Table 'Amnestia III' 9-max Seat #8 is the button
Seat 1: fbister ($11.25 in chips) 
Seat 2: gjc256 ($10.65 in chips) 
Seat 3: djjeffypoo ($24.65 in chips) 
Seat 4: pottakker ($35.45 in chips) 
Seat 5: ekko444 ($21.95 in chips) 
Seat 6: greg wymenga ($19.20 in chips) 
Seat 7: Alameda22 ($23.05 in chips) 
Seat 8: WooLeeJung ($27.80 in chips) 
Seat 9: Thorarin3 ($24.25 in chips) 
Thorarin3: posts small blind $0.10
fbister: posts big blind $0.25
*** HOLE CARDS ***
Dealt to Alameda22 [3c 6s]
gjc256: folds 
djjeffypoo: folds 
pottakker: calls $0.25
ekko444: calls $0.25
greg wymenga: folds 
Alameda22: folds 
WooLeeJung: folds 
Thorarin3: folds 
fbister: checks 
*** FLOP *** [9c 9s 8c]
fbister: checks 
pottakker: bets $0.25
ekko444: folds 
fbister: folds 
Uncalled bet ($0.25) returned to pottakker
pottakker collected $0.85 from pot
pottakker: doesn't show hand 
*** SUMMARY ***
Total pot $0.85 | Rake $0 
Board [9c 9s 8c]
Seat 1: fbister (big blind) folded on the Flop
Seat 2: gjc256 folded before Flop (didn't bet)
Seat 3: djjeffypoo folded before Flop (didn't bet)
Seat 4: pottakker collected ($0.85)
Seat 5: ekko444 folded on the Flop
Seat 6: greg wymenga folded before Flop (didn't bet)
Seat 7: Alameda22 folded before Flop (didn't bet)
Seat 8: WooLeeJung (button) folded before Flop (didn't bet)
Seat 9: Thorarin3 (small blind) folded before Flop



PokerStars Game #19577522322:  Hold'em No Limit ($0.10/$0.25) - 2008/08/13 - 00:12:54 (ET)
Table 'Amnestia III' 9-max Seat #9 is the button
Seat 1: fbister ($11 in chips) 
Seat 2: gjc256 ($10.65 in chips) 
Seat 3: djjeffypoo ($24.65 in chips) 
Seat 4: pottakker ($36.05 in chips) 
Seat 5: ekko444 ($21.70 in chips) 
Seat 6: greg wymenga ($19.20 in chips) 
Seat 7: Alameda22 ($23.05 in chips) 
Seat 8: WooLeeJung ($27.80 in chips) 
Seat 9: Thorarin3 ($24.15 in chips) 
fbister: posts small blind $0.10
gjc256: posts big blind $0.25
*** HOLE CARDS ***
Dealt to Alameda22 [3s 2c]
djjeffypoo: folds 
pottakker: calls $0.25
ekko444: folds 
greg wymenga: calls $0.25
Alameda22: folds 
WooLeeJung: calls $0.25
Thorarin3: calls $0.25
fbister: calls $0.15
gjc256: raises $1 to $1.25
pottakker: calls $1
greg wymenga: calls $1
WooLeeJung: calls $1
Thorarin3: calls $1
fbister: folds 
*** FLOP *** [5d Ah 8c]
fbister leaves the table
gjc256: bets $1.50
jool in one joins the table at seat #1 
pottakker: folds 
greg wymenga: calls $1.50
WooLeeJung: folds 
Thorarin3: folds 
*** TURN *** [5d Ah 8c] [6h]
gjc256: bets $2.25
greg wymenga: raises $14.20 to $16.45 and is all-in
gjc256: folds 
Uncalled bet ($14.20) returned to greg wymenga
greg wymenga collected $13.35 from pot
*** SUMMARY ***
Total pot $14 | Rake $0.65 
Board [5d Ah 8c 6h]
Seat 1: fbister (small blind) folded before Flop
Seat 2: gjc256 (big blind) folded on the Turn
Seat 3: djjeffypoo folded before Flop (didn't bet)
Seat 4: pottakker folded on the Flop
Seat 5: ekko444 folded before Flop (didn't bet)
Seat 6: greg wymenga collected ($13.35)
Seat 7: Alameda22 folded before Flop (didn't bet)
Seat 8: WooLeeJung folded on the Flop
Seat 9: Thorarin3 (button) folded on the Flop



PokerStars Game #19577549613:  Hold'em No Limit ($0.10/$0.25) - 2008/08/13 - 00:14:30 (ET)
Table 'Amnestia III' 9-max Seat #2 is the button
Seat 2: gjc256 ($5.65 in chips) 
Seat 3: djjeffypoo ($24.65 in chips) 
Seat 4: pottakker ($34.80 in chips) 
Seat 5: ekko444 ($21.70 in chips) 
Seat 6: greg wymenga ($27.55 in chips) 
Seat 7: Alameda22 ($23.05 in chips) 
Seat 8: WooLeeJung ($26.55 in chips) 
Seat 9: Thorarin3 ($22.90 in chips) 
djjeffypoo: posts small blind $0.10
pottakker: posts big blind $0.25
jool in one said, "5"
jool in one: sits out 
*** HOLE CARDS ***
Dealt to Alameda22 [9s Ks]
ekko444: folds 
greg wymenga: calls $0.25
Alameda22: folds 
WooLeeJung: folds 
Thorarin3: folds 
gjc256: folds 
djjeffypoo: folds 
pottakker: checks 
*** FLOP *** [Qs 8c 8d]
pottakker: checks 
greg wymenga: bets $0.25
pottakker: folds 
Uncalled bet ($0.25) returned to greg wymenga
greg wymenga collected $0.60 from pot
*** SUMMARY ***
Total pot $0.60 | Rake $0 
Board [Qs 8c 8d]
Seat 2: gjc256 (button) folded before Flop (didn't bet)
Seat 3: djjeffypoo (small blind) folded before Flop
Seat 4: pottakker (big blind) folded on the Flop
Seat 5: ekko444 folded before Flop (didn't bet)
Seat 6: greg wymenga collected ($0.60)
Seat 7: Alameda22 folded before Flop (didn't bet)
Seat 8: WooLeeJung folded before Flop (didn't bet)
Seat 9: Thorarin3 folded before Flop (didn't bet)



PokerStars Game #19577561300:  Hold'em No Limit ($0.10/$0.25) - 2008/08/13 - 00:15:11 (ET)
Table 'Amnestia III' 9-max Seat #3 is the button
Seat 2: gjc256 ($5.65 in chips) 
Seat 3: djjeffypoo ($24.55 in chips) 
Seat 4: pottakker ($34.55 in chips) 
Seat 5: ekko444 ($21.70 in chips) 
Seat 6: greg wymenga ($27.90 in chips) 
Seat 7: Alameda22 ($23.05 in chips) 
Seat 8: WooLeeJung ($26.55 in chips) 
Seat 9: Thorarin3 ($22.90 in chips) 
pottakker: posts small blind $0.10
ekko444: posts big blind $0.25
jool in one: sits out 
*** HOLE CARDS ***
Dealt to Alameda22 [9d 6h]
greg wymenga: folds 
Alameda22: folds 
WooLeeJung: folds 
Thorarin3: folds 
gjc256: folds 
djjeffypoo: folds 
pottakker: calls $0.15
ekko444: raises $21.45 to $21.70 and is all-in
pottakker: folds 
Uncalled bet ($21.45) returned to ekko444
ekko444 collected $0.50 from pot
*** SUMMARY ***
Total pot $0.50 | Rake $0 
Seat 2: gjc256 folded before Flop (didn't bet)
Seat 3: djjeffypoo (button) folded before Flop (didn't bet)
Seat 4: pottakker (small blind) folded before Flop
Seat 5: ekko444 (big blind) collected ($0.50)
Seat 6: greg wymenga folded before Flop (didn't bet)
Seat 7: Alameda22 folded before Flop (didn't bet)
Seat 8: WooLeeJung folded before Flop (didn't bet)
Seat 9: Thorarin3 folded before Flop (didn't bet)



PokerStars Game #19577573511:  Hold'em No Limit ($0.10/$0.25) - 2008/08/13 - 00:15:55 (ET)
Table 'Amnestia III' 9-max Seat #4 is the button
Seat 2: gjc256 ($5.65 in chips) 
Seat 3: djjeffypoo ($24.55 in chips) 
Seat 4: pottakker ($34.30 in chips) 
Seat 5: ekko444 ($21.95 in chips) 
Seat 6: greg wymenga ($27.90 in chips) 
Seat 7: Alameda22 ($23.05 in chips) 
Seat 8: WooLeeJung ($26.55 in chips) 
Seat 9: Thorarin3 ($22.90 in chips) 
ekko444: posts small blind $0.10
greg wymenga: posts big blind $0.25
jool in one: sits out 
*** HOLE CARDS ***
Dealt to Alameda22 [8c 5h]
Alameda22: folds 
WooLeeJung: folds 
Thorarin3: folds 
gjc256: folds 
djjeffypoo: folds 
pottakker: calls $0.25
ekko444: calls $0.15
greg wymenga: checks 
*** FLOP *** [Tc 8d 3h]
ekko444: bets $0.50
greg wymenga: folds 
pottakker: folds 
Uncalled bet ($0.50) returned to ekko444
ekko444 collected $0.75 from pot
ekko444: doesn't show hand 
*** SUMMARY ***
Total pot $0.75 | Rake $0 
Board [Tc 8d 3h]
Seat 2: gjc256 folded before Flop (didn't bet)
Seat 3: djjeffypoo folded before Flop (didn't bet)
Seat 4: pottakker (button) folded on the Flop
Seat 5: ekko444 (small blind) collected ($0.75)
Seat 6: greg wymenga (big blind) folded on the Flop
Seat 7: Alameda22 folded before Flop (didn't bet)
Seat 8: WooLeeJung folded before Flop (didn't bet)
Seat 9: Thorarin3 folded before Flop (didn't bet)



PokerStars Game #19577583497:  Hold'em No Limit ($0.10/$0.25) - 2008/08/13 - 00:16:31 (ET)
Table 'Amnestia III' 9-max Seat #5 is the button
Seat 2: gjc256 ($5.65 in chips) 
Seat 3: djjeffypoo ($24.55 in chips) 
Seat 4: pottakker ($34.05 in chips) 
Seat 5: ekko444 ($22.45 in chips) 
Seat 6: greg wymenga ($27.65 in chips) 
Seat 7: Alameda22 ($23.05 in chips) 
Seat 8: WooLeeJung ($26.55 in chips) 
Seat 9: Thorarin3 ($22.90 in chips) 
greg wymenga: posts small blind $0.10
Alameda22: posts big blind $0.25
jool in one: sits out 
*** HOLE CARDS ***
Dealt to Alameda22 [Ks Jh]
WooLeeJung: folds 
Thorarin3: folds 
gjc256: folds 
djjeffypoo: folds 
pottakker: calls $0.25
ekko444: raises $0.50 to $0.75
greg wymenga: folds 
Alameda22: folds 
pottakker: calls $0.50
*** FLOP *** [Qs 9h 9s]
pottakker: checks 
ekko444: bets $1.25
pottakker: folds 
Uncalled bet ($1.25) returned to ekko444
ekko444 collected $1.80 from pot
*** SUMMARY ***
Total pot $1.85 | Rake $0.05 
Board [Qs 9h 9s]
Seat 2: gjc256 folded before Flop (didn't bet)
Seat 3: djjeffypoo folded before Flop (didn't bet)
Seat 4: pottakker folded on the Flop
Seat 5: ekko444 (button) collected ($1.80)
Seat 6: greg wymenga (small blind) folded before Flop
Seat 7: Alameda22 (big blind) folded before Flop
Seat 8: WooLeeJung folded before Flop (didn't bet)
Seat 9: Thorarin3 folded before Flop (didn't bet)



PokerStars Game #19577595752:  Hold'em No Limit ($0.10/$0.25) - 2008/08/13 - 00:17:15 (ET)
Table 'Amnestia III' 9-max Seat #6 is the button
Seat 2: gjc256 ($5.65 in chips) 
Seat 3: djjeffypoo ($24.55 in chips) 
Seat 4: pottakker ($33.30 in chips) 
Seat 5: ekko444 ($23.50 in chips) 
Seat 6: greg wymenga ($27.55 in chips) 
Seat 7: Alameda22 ($22.80 in chips) 
Seat 8: WooLeeJung ($26.55 in chips) 
Seat 9: Thorarin3 ($22.90 in chips) 
Alameda22: posts small blind $0.10
WooLeeJung: posts big blind $0.25
jool in one: sits out 
*** HOLE CARDS ***
Dealt to Alameda22 [4c Ks]
Thorarin3: folds 
gjc256: folds 
djjeffypoo: folds 
pottakker: calls $0.25
ekko444: raises $0.75 to $1
greg wymenga: folds 
Alameda22: folds 
WooLeeJung: folds 
pottakker: calls $0.75
*** FLOP *** [3d 2c 5c]
pottakker: bets $0.25
ekko444: raises $1 to $1.25
pottakker: raises $1 to $2.25
ekko444: calls $1
*** TURN *** [3d 2c 5c] [3s]
pottakker: bets $6.50
ekko444: folds 
Uncalled bet ($6.50) returned to pottakker
pottakker collected $6.55 from pot
pottakker: doesn't show hand 
*** SUMMARY ***
Total pot $6.85 | Rake $0.30 
Board [3d 2c 5c 3s]
Seat 2: gjc256 folded before Flop (didn't bet)
Seat 3: djjeffypoo folded before Flop (didn't bet)
Seat 4: pottakker collected ($6.55)
Seat 5: ekko444 folded on the Turn
Seat 6: greg wymenga (button) folded before Flop (didn't bet)
Seat 7: Alameda22 (small blind) folded before Flop
Seat 8: WooLeeJung (big blind) folded before Flop
Seat 9: Thorarin3 folded before Flop (didn't bet)



PokerStars Game #19577609270:  Hold'em No Limit ($0.10/$0.25) - 2008/08/13 - 00:18:03 (ET)
Table 'Amnestia III' 9-max Seat #7 is the button
Seat 2: gjc256 ($5.65 in chips) 
Seat 3: djjeffypoo ($24.55 in chips) 
Seat 4: pottakker ($36.60 in chips) 
Seat 5: ekko444 ($20.25 in chips) 
Seat 6: greg wymenga ($27.55 in chips) 
Seat 7: Alameda22 ($22.70 in chips) 
Seat 8: WooLeeJung ($26.30 in chips) 
Seat 9: Thorarin3 ($22.90 in chips) 
WooLeeJung: posts small blind $0.10
Thorarin3: posts big blind $0.25
jool in one: sits out 
*** HOLE CARDS ***
Dealt to Alameda22 [8h 6d]
gjc256: calls $0.25
djjeffypoo: folds 
pottakker: calls $0.25
ekko444: folds 
greg wymenga: calls $0.25
Alameda22: folds 
WooLeeJung: calls $0.15
Thorarin3: checks 
*** FLOP *** [5h Jd 8d]
WooLeeJung: checks 
Thorarin3: checks 
gjc256: checks 
pottakker: checks 
greg wymenga: checks 
*** TURN *** [5h Jd 8d] [3s]
WooLeeJung: checks 
Thorarin3: checks 
gjc256: checks 
pottakker: bets $1
greg wymenga: calls $1
WooLeeJung: folds 
Thorarin3: folds 
gjc256: folds 
*** RIVER *** [5h Jd 8d 3s] [2d]
pottakker: bets $2.75
greg wymenga: raises $13.25 to $16
pottakker: folds 
Uncalled bet ($13.25) returned to greg wymenga
greg wymenga collected $8.35 from pot
*** SUMMARY ***
Total pot $8.75 | Rake $0.40 
Board [5h Jd 8d 3s 2d]
Seat 2: gjc256 folded on the Turn
Seat 3: djjeffypoo folded before Flop (didn't bet)
Seat 4: pottakker folded on the River
Seat 5: ekko444 folded before Flop (didn't bet)
Seat 6: greg wymenga collected ($8.35)
Seat 7: Alameda22 (button) folded before Flop (didn't bet)
Seat 8: WooLeeJung (small blind) folded on the Turn
Seat 9: Thorarin3 (big blind) folded on the Turn



PokerStars Game #19577632579:  Hold'em No Limit ($0.10/$0.25) - 2008/08/13 - 00:19:27 (ET)
Table 'Amnestia III' 9-max Seat #8 is the button
Seat 1: jool in one ($5 in chips) 
Seat 2: gjc256 ($5.40 in chips) 
Seat 3: djjeffypoo ($24.55 in chips) 
Seat 4: pottakker ($32.60 in chips) 
Seat 5: ekko444 ($20.25 in chips) 
Seat 6: greg wymenga ($31.90 in chips) 
Seat 7: Alameda22 ($22.70 in chips) 
Seat 8: WooLeeJung ($26.05 in chips) 
Seat 9: Thorarin3 ($22.65 in chips) 
Thorarin3: posts small blind $0.10
jool in one: posts big blind $0.25
*** HOLE CARDS ***
Dealt to Alameda22 [9d 2h]
gjc256: folds 
djjeffypoo: folds 
pottakker: calls $0.25
ekko444: calls $0.25
greg wymenga: folds 
Alameda22: folds 
WooLeeJung: folds 
Thorarin3: folds 
jool in one: checks 
*** FLOP *** [6d Jd 4s]
jool in one: checks 
pottakker: checks 
ekko444: checks 
*** TURN *** [6d Jd 4s] [3d]
jool in one: bets $1
pottakker: raises $1 to $2
ekko444: folds 
jool in one: calls $1
*** RIVER *** [6d Jd 4s 3d] [8h]
jool in one: bets $1.25
pottakker: raises $1.25 to $2.50
jool in one: calls $1.25
*** SHOW DOWN ***
pottakker: shows [4d 3s] (two pair, Fours and Threes)
jool in one: shows [Td 2d] (a flush, Jack high)
jool in one collected $9.40 from pot
*** SUMMARY ***
Total pot $9.85 | Rake $0.45 
Board [6d Jd 4s 3d 8h]
Seat 1: jool in one (big blind) showed [Td 2d] and won ($9.40) with a flush, Jack high
Seat 2: gjc256 folded before Flop (didn't bet)
Seat 3: djjeffypoo folded before Flop (didn't bet)
Seat 4: pottakker showed [4d 3s] and lost with two pair, Fours and Threes
Seat 5: ekko444 folded on the Turn
Seat 6: greg wymenga folded before Flop (didn't bet)
Seat 7: Alameda22 folded before Flop (didn't bet)
Seat 8: WooLeeJung (button) folded before Flop (didn't bet)
Seat 9: Thorarin3 (small blind) folded before Flop



PokerStars Game #19577648267:  Hold'em No Limit ($0.10/$0.25) - 2008/08/13 - 00:20:25 (ET)
Table 'Amnestia III' 9-max Seat #9 is the button
Seat 1: jool in one ($9.65 in chips) 
Seat 2: gjc256 ($5.40 in chips) 
Seat 3: djjeffypoo ($24.55 in chips) 
Seat 4: pottakker ($27.85 in chips) 
Seat 5: ekko444 ($20 in chips) 
Seat 6: greg wymenga ($31.90 in chips) 
Seat 7: Alameda22 ($22.70 in chips) 
Seat 8: WooLeeJung ($26.05 in chips) 
Seat 9: Thorarin3 ($22.55 in chips) 
jool in one: posts small blind $0.10
gjc256: posts big blind $0.25
*** HOLE CARDS ***
Dealt to Alameda22 [Qd Kh]
djjeffypoo: folds 
pottakker: calls $0.25
ekko444: raises $0.75 to $1
greg wymenga: folds 
Alameda22: folds 
WooLeeJung: folds 
Thorarin3: folds 
jool in one: folds 
gjc256: folds 
pottakker: raises $6.25 to $7.25
ekko444: calls $6.25
*** FLOP *** [3c Ad Ac]
pottakker: bets $12.50
ekko444: calls $12.50
*** TURN *** [3c Ad Ac] [Jh]
pottakker: bets $0.25
ekko444: calls $0.25 and is all-in
*** RIVER *** [3c Ad Ac Jh] [4h]
*** SHOW DOWN ***
pottakker: shows [Qh Ts] (a pair of Aces)
ekko444: shows [Qc Kc] (a pair of Aces - King kicker)
ekko444 collected $38.40 from pot
*** SUMMARY ***
Total pot $40.35 | Rake $1.95 
Board [3c Ad Ac Jh 4h]
Seat 1: jool in one (small blind) folded before Flop
Seat 2: gjc256 (big blind) folded before Flop
Seat 3: djjeffypoo folded before Flop (didn't bet)
Seat 4: pottakker showed [Qh Ts] and lost with a pair of Aces
Seat 5: ekko444 showed [Qc Kc] and won ($38.40) with a pair of Aces
Seat 6: greg wymenga folded before Flop (didn't bet)
Seat 7: Alameda22 folded before Flop (didn't bet)
Seat 8: WooLeeJung folded before Flop (didn't bet)
Seat 9: Thorarin3 (button) folded before Flop (didn't bet)



PokerStars Game #19577666522:  Hold'em No Limit ($0.10/$0.25) - 2008/08/13 - 00:21:32 (ET)
Table 'Amnestia III' 9-max Seat #1 is the button
Seat 1: jool in one ($9.55 in chips) 
Seat 2: gjc256 ($5.15 in chips) 
Seat 3: djjeffypoo ($24.55 in chips) 
Seat 4: pottakker ($7.85 in chips) 
Seat 5: ekko444 ($38.40 in chips) 
Seat 6: greg wymenga ($31.90 in chips) 
Seat 7: Alameda22 ($22.70 in chips) 
Seat 8: WooLeeJung ($26.05 in chips) 
Seat 9: Thorarin3 ($22.55 in chips) 
gjc256: posts small blind $0.10
djjeffypoo: posts big blind $0.25
*** HOLE CARDS ***
Dealt to Alameda22 [Ks 4s]
pottakker: calls $0.25
ekko444: folds 
greg wymenga: folds 
Alameda22: folds 
WooLeeJung: folds 
Thorarin3: calls $0.25
jool in one: folds 
gjc256: calls $0.15
djjeffypoo: checks 
*** FLOP *** [2c 7s 5s]
gjc256: checks 
djjeffypoo: checks 
pottakker: bets $0.25
Thorarin3: folds 
ekko444 leaves the table
gjc256: folds 
djjeffypoo: folds 
Uncalled bet ($0.25) returned to pottakker
pottakker collected $0.95 from pot
*** SUMMARY ***
Total pot $1 | Rake $0.05 
Board [2c 7s 5s]
Seat 1: jool in one (button) folded before Flop (didn't bet)
Seat 2: gjc256 (small blind) folded on the Flop
Seat 3: djjeffypoo (big blind) folded on the Flop
Seat 4: pottakker collected ($0.95)
Seat 5: ekko444 folded before Flop (didn't bet)
Seat 6: greg wymenga folded before Flop (didn't bet)
Seat 7: Alameda22 folded before Flop (didn't bet)
Seat 8: WooLeeJung folded before Flop (didn't bet)
Seat 9: Thorarin3 folded on the Flop



PokerStars Game #19577679414:  Hold'em No Limit ($0.10/$0.25) - 2008/08/13 - 00:22:19 (ET)
Table 'Amnestia III' 9-max Seat #2 is the button
Seat 1: jool in one ($9.55 in chips) 
Seat 2: gjc256 ($4.90 in chips) 
Seat 3: djjeffypoo ($24.30 in chips) 
Seat 4: pottakker ($8.55 in chips) 
Seat 6: greg wymenga ($31.90 in chips) 
Seat 7: Alameda22 ($22.70 in chips) 
Seat 8: WooLeeJung ($26.05 in chips) 
Seat 9: Thorarin3 ($22.30 in chips) 
djjeffypoo: posts small blind $0.10
pottakker: posts big blind $0.25
*** HOLE CARDS ***
Dealt to Alameda22 [Kd Kh]
greg wymenga: folds 
Alameda22: raises $0.50 to $0.75
WooLeeJung: folds 
Thorarin3: folds 
jool in one: folds 
Alimash joins the table at seat #5 
gjc256: folds 
djjeffypoo: folds 
pottakker: calls $0.50
*** FLOP *** [8d Ts Ks]
pottakker: checks 
Alameda22: bets $1
pottakker: folds 
Uncalled bet ($1) returned to Alameda22
Alameda22 collected $1.55 from pot
Alameda22: doesn't show hand 
*** SUMMARY ***
Total pot $1.60 | Rake $0.05 
Board [8d Ts Ks]
Seat 1: jool in one folded before Flop (didn't bet)
Seat 2: gjc256 (button) folded before Flop (didn't bet)
Seat 3: djjeffypoo (small blind) folded before Flop
Seat 4: pottakker (big blind) folded on the Flop
Seat 6: greg wymenga folded before Flop (didn't bet)
Seat 7: Alameda22 collected ($1.55)
Seat 8: WooLeeJung folded before Flop (didn't bet)
Seat 9: Thorarin3 folded before Flop (didn't bet)



PokerStars Game #19577690914:  Hold'em No Limit ($0.10/$0.25) - 2008/08/13 - 00:23:00 (ET)
Table 'Amnestia III' 9-max Seat #3 is the button
Seat 1: jool in one ($9.55 in chips) 
Seat 2: gjc256 ($4.90 in chips) 
Seat 3: djjeffypoo ($24.20 in chips) 
Seat 4: pottakker ($7.80 in chips) 
Seat 5: Alimash ($25 in chips) 
Seat 6: greg wymenga ($31.90 in chips) 
Seat 7: Alameda22 ($23.50 in chips) 
Seat 8: WooLeeJung ($26.05 in chips) 
Seat 9: Thorarin3 ($22.30 in chips) 
pottakker: posts small blind $0.10
Alimash: posts big blind $0.25
*** HOLE CARDS ***
Dealt to Alameda22 [9c 6s]
greg wymenga: raises $1 to $1.25
Alameda22: folds 
WooLeeJung: folds 
Thorarin3: folds 
jool in one: folds 
gjc256: folds 
djjeffypoo: folds 
pottakker: folds 
Alimash: folds 
Uncalled bet ($1) returned to greg wymenga
greg wymenga collected $0.60 from pot
*** SUMMARY ***
Total pot $0.60 | Rake $0 
Seat 1: jool in one folded before Flop (didn't bet)
Seat 2: gjc256 folded before Flop (didn't bet)
Seat 3: djjeffypoo (button) folded before Flop (didn't bet)
Seat 4: pottakker (small blind) folded before Flop
Seat 5: Alimash (big blind) folded before Flop
Seat 6: greg wymenga collected ($0.60)
Seat 7: Alameda22 folded before Flop (didn't bet)
Seat 8: WooLeeJung folded before Flop (didn't bet)
Seat 9: Thorarin3 folded before Flop (didn't bet)



PokerStars Game #19577704993:  Hold'em No Limit ($0.10/$0.25) - 2008/08/13 - 00:23:52 (ET)
Table 'Amnestia III' 9-max Seat #4 is the button
Seat 1: jool in one ($9.55 in chips) 
Seat 2: gjc256 ($4.90 in chips) 
Seat 3: djjeffypoo ($24.20 in chips) 
Seat 4: pottakker ($7.70 in chips) 
Seat 5: Alimash ($24.75 in chips) 
Seat 6: greg wymenga ($32.25 in chips) 
Seat 7: Alameda22 ($23.50 in chips) 
Seat 8: WooLeeJung ($26.05 in chips) 
Seat 9: Thorarin3 ($22.30 in chips) 
Alimash: posts small blind $0.10
greg wymenga: posts big blind $0.25
*** HOLE CARDS ***
Dealt to Alameda22 [Jc 4h]
Alameda22: folds 
WooLeeJung: folds 
Thorarin3: folds 
jool in one: calls $0.25
gjc256: calls $0.25
djjeffypoo: folds 
pottakker: calls $0.25
Alimash: folds 
greg wymenga: checks 
*** FLOP *** [7h 7d 6c]
greg wymenga: checks 
jool in one: checks 
gjc256: checks 
pottakker: checks 
*** TURN *** [7h 7d 6c] [8s]
greg wymenga: checks 
jool in one: checks 
gjc256: checks 
pottakker: checks 
*** RIVER *** [7h 7d 6c 8s] [4c]
greg wymenga: checks 
jool in one: checks 
gjc256: bets $0.25
pottakker: folds 
greg wymenga: folds 
jool in one: folds 
Uncalled bet ($0.25) returned to gjc256
gjc256 collected $1.05 from pot
gjc256: doesn't show hand 
*** SUMMARY ***
Total pot $1.10 | Rake $0.05 
Board [7h 7d 6c 8s 4c]
Seat 1: jool in one folded on the River
Seat 2: gjc256 collected ($1.05)
Seat 3: djjeffypoo folded before Flop (didn't bet)
Seat 4: pottakker (button) folded on the River
Seat 5: Alimash (small blind) folded before Flop
Seat 6: greg wymenga (big blind) folded on the River
Seat 7: Alameda22 folded before Flop (didn't bet)
Seat 8: WooLeeJung folded before Flop (didn't bet)
Seat 9: Thorarin3 folded before Flop (didn't bet)



PokerStars Game #19577724998:  Hold'em No Limit ($0.10/$0.25) - 2008/08/13 - 00:25:06 (ET)
Table 'Amnestia III' 9-max Seat #5 is the button
Seat 1: jool in one ($9.30 in chips) 
Seat 2: gjc256 ($5.70 in chips) 
Seat 3: djjeffypoo ($24.20 in chips) 
Seat 4: pottakker ($7.45 in chips) 
Seat 5: Alimash ($24.65 in chips) 
Seat 6: greg wymenga ($32 in chips) 
Seat 7: Alameda22 ($23.50 in chips) 
Seat 8: WooLeeJung ($26.05 in chips) 
Seat 9: Thorarin3 ($22.30 in chips) 
greg wymenga: posts small blind $0.10
Alameda22: posts big blind $0.25
*** HOLE CARDS ***
Dealt to Alameda22 [Qs 3c]
WooLeeJung: folds 
Thorarin3: folds 
jool in one: folds 
gjc256: folds 
djjeffypoo: folds 
pottakker: calls $0.25
Alimash: raises $0.85 to $1.10
greg wymenga: folds 
Alameda22: folds 
pottakker: calls $0.85
*** FLOP *** [Ac Qd 5h]
pottakker: checks 
Alimash: bets $1.75
pottakker: folds 
Uncalled bet ($1.75) returned to Alimash
Alimash collected $2.45 from pot
*** SUMMARY ***
Total pot $2.55 | Rake $0.10 
Board [Ac Qd 5h]
Seat 1: jool in one folded before Flop (didn't bet)
Seat 2: gjc256 folded before Flop (didn't bet)
Seat 3: djjeffypoo folded before Flop (didn't bet)
Seat 4: pottakker folded on the Flop
Seat 5: Alimash (button) collected ($2.45)
Seat 6: greg wymenga (small blind) folded before Flop
Seat 7: Alameda22 (big blind) folded before Flop
Seat 8: WooLeeJung folded before Flop (didn't bet)
Seat 9: Thorarin3 folded before Flop (didn't bet)



PokerStars Game #19577739711:  Hold'em No Limit ($0.10/$0.25) - 2008/08/13 - 00:26:01 (ET)
Table 'Amnestia III' 9-max Seat #6 is the button
Seat 1: jool in one ($9.30 in chips) 
Seat 2: gjc256 ($5.70 in chips) 
Seat 3: djjeffypoo ($24.20 in chips) 
Seat 4: pottakker ($6.35 in chips) 
Seat 5: Alimash ($26 in chips) 
Seat 6: greg wymenga ($31.90 in chips) 
Seat 7: Alameda22 ($23.25 in chips) 
Seat 8: WooLeeJung ($26.05 in chips) 
Seat 9: Thorarin3 ($22.30 in chips) 
Alameda22: posts small blind $0.10
WooLeeJung: posts big blind $0.25
*** HOLE CARDS ***
Dealt to Alameda22 [9c Ah]
Thorarin3: folds 
jool in one: folds 
gjc256: folds 
djjeffypoo: calls $0.25
pottakker: calls $0.25
Alimash: folds 
greg wymenga: folds 
Alameda22: folds 
WooLeeJung: checks 
*** FLOP *** [9h 7d Td]
WooLeeJung: checks 
djjeffypoo: checks 
pottakker: bets $0.25
WooLeeJung: calls $0.25
djjeffypoo: folds 
*** TURN *** [9h 7d Td] [3c]
WooLeeJung: checks 
pottakker: bets $0.25
WooLeeJung: calls $0.25
*** RIVER *** [9h 7d Td 3c] [2d]
WooLeeJung: checks 
pottakker: bets $0.50
WooLeeJung: folds 
Uncalled bet ($0.50) returned to pottakker
pottakker collected $1.80 from pot
pottakker: doesn't show hand 
*** SUMMARY ***
Total pot $1.85 | Rake $0.05 
Board [9h 7d Td 3c 2d]
Seat 1: jool in one folded before Flop (didn't bet)
Seat 2: gjc256 folded before Flop (didn't bet)
Seat 3: djjeffypoo folded on the Flop
Seat 4: pottakker collected ($1.80)
Seat 5: Alimash folded before Flop (didn't bet)
Seat 6: greg wymenga (button) folded before Flop (didn't bet)
Seat 7: Alameda22 (small blind) folded before Flop
Seat 8: WooLeeJung (big blind) folded on the River
Seat 9: Thorarin3 folded before Flop (didn't bet)



PokerStars Game #19577764818:  Hold'em No Limit ($0.10/$0.25) - 2008/08/13 - 00:27:33 (ET)
Table 'Amnestia III' 9-max Seat #7 is the button
Seat 1: jool in one ($9.30 in chips) 
Seat 2: gjc256 ($5.70 in chips) 
Seat 3: djjeffypoo ($23.95 in chips) 
Seat 4: pottakker ($7.40 in chips) 
Seat 5: Alimash ($26 in chips) 
Seat 6: greg wymenga ($31.90 in chips) 
Seat 7: Alameda22 ($23.15 in chips) 
Seat 8: WooLeeJung ($25.30 in chips) 
Seat 9: Thorarin3 ($22.30 in chips) 
WooLeeJung: posts small blind $0.10
Thorarin3: posts big blind $0.25
*** HOLE CARDS ***
Dealt to Alameda22 [6s 6c]
jool in one: folds 
gjc256: folds 
djjeffypoo: folds 
pottakker: calls $0.25
Alimash: folds 
greg wymenga: folds 
jool in one leaves the table
Alameda22: calls $0.25
WooLeeJung: folds 
Thorarin3: checks 
*** FLOP *** [9d 2d Jc]
Thorarin3: checks 
pottakker: checks 
Alameda22: checks 
*** TURN *** [9d 2d Jc] [Jd]
Thorarin3: checks 
DERUY joins the table at seat #1 
pottakker: bets $0.50
Alameda22: folds 
Thorarin3: folds 
Uncalled bet ($0.50) returned to pottakker
pottakker collected $0.85 from pot
pottakker: doesn't show hand 
*** SUMMARY ***
Total pot $0.85 | Rake $0 
Board [9d 2d Jc Jd]
Seat 1: jool in one folded before Flop (didn't bet)
Seat 2: gjc256 folded before Flop (didn't bet)
Seat 3: djjeffypoo folded before Flop (didn't bet)
Seat 4: pottakker collected ($0.85)
Seat 5: Alimash folded before Flop (didn't bet)
Seat 6: greg wymenga folded before Flop (didn't bet)
Seat 7: Alameda22 (button) folded on the Turn
Seat 8: WooLeeJung (small blind) folded before Flop
Seat 9: Thorarin3 (big blind) folded on the Turn



PokerStars Game #19577781308:  Hold'em No Limit ($0.10/$0.25) - 2008/08/13 - 00:28:35 (ET)
Table 'Amnestia III' 9-max Seat #8 is the button
Seat 1: DERUY ($25 in chips) 
Seat 2: gjc256 ($5.70 in chips) 
Seat 3: djjeffypoo ($23.95 in chips) 
Seat 4: pottakker ($8 in chips) 
Seat 5: Alimash ($26 in chips) 
Seat 6: greg wymenga ($31.90 in chips) 
Seat 7: Alameda22 ($22.90 in chips) 
Seat 8: WooLeeJung ($25.20 in chips) 
Seat 9: Thorarin3 ($22.05 in chips) 
Thorarin3: posts small blind $0.10
DERUY: posts big blind $0.25
*** HOLE CARDS ***
Dealt to Alameda22 [2d 6s]
gjc256: folds 
djjeffypoo: folds 
pottakker: calls $0.25
Alimash: folds 
greg wymenga: raises $3.25 to $3.50
Alameda22: folds 
WooLeeJung: folds 
Thorarin3: folds 
DERUY: folds 
pottakker: raises $4.50 to $8 and is all-in
greg wymenga: calls $4.50
*** FLOP *** [Qh 7s 5d]
*** TURN *** [Qh 7s 5d] [6d]
*** RIVER *** [Qh 7s 5d 6d] [3s]
*** SHOW DOWN ***
pottakker: shows [8h 3h] (a pair of Threes)
greg wymenga: shows [Ah Ad] (a pair of Aces)
greg wymenga collected $15.55 from pot
pottakker leaves the table
*** SUMMARY ***
Total pot $16.35 | Rake $0.80 
Board [Qh 7s 5d 6d 3s]
Seat 1: DERUY (big blind) folded before Flop
Seat 2: gjc256 folded before Flop (didn't bet)
Seat 3: djjeffypoo folded before Flop (didn't bet)
Seat 4: pottakker showed [8h 3h] and lost with a pair of Threes
Seat 5: Alimash folded before Flop (didn't bet)
Seat 6: greg wymenga showed [Ah Ad] and won ($15.55) with a pair of Aces
Seat 7: Alameda22 folded before Flop (didn't bet)
Seat 8: WooLeeJung (button) folded before Flop (didn't bet)
Seat 9: Thorarin3 (small blind) folded before Flop



PokerStars Game #19577794156:  Hold'em No Limit ($0.10/$0.25) - 2008/08/13 - 00:29:23 (ET)
Table 'Amnestia III' 9-max Seat #9 is the button
Seat 1: DERUY ($24.75 in chips) 
Seat 2: gjc256 ($5.70 in chips) 
Seat 3: djjeffypoo ($23.95 in chips) 
Seat 5: Alimash ($26 in chips) 
Seat 6: greg wymenga ($39.45 in chips) 
Seat 7: Alameda22 ($22.90 in chips) 
Seat 8: WooLeeJung ($25.20 in chips) 
Seat 9: Thorarin3 ($21.95 in chips) 
DERUY: posts small blind $0.10
gjc256: posts big blind $0.25
*** HOLE CARDS ***
Dealt to Alameda22 [6s 2d]
djjeffypoo: calls $0.25
Alimash: folds 
greg wymenga: folds 
Alameda22: folds 
WooLeeJung: folds 
greg wymenga leaves the table
Thorarin3: folds 
DERUY: calls $0.15
gjc256: checks 
*** FLOP *** [6d 3h 7c]
666balu joins the table at seat #6 
DERUY: checks 
gjc256: checks 
djjeffypoo: checks 
*** TURN *** [6d 3h 7c] [2h]
DERUY: checks 
pzlm73 joins the table at seat #4 
gjc256: checks 
djjeffypoo: bets $0.25
DERUY: folds 
gjc256: folds 
Uncalled bet ($0.25) returned to djjeffypoo
pzlm73 is sitting out
djjeffypoo collected $0.75 from pot
*** SUMMARY ***
Total pot $0.75 | Rake $0 
Board [6d 3h 7c 2h]
Seat 1: DERUY (small blind) folded on the Turn
Seat 2: gjc256 (big blind) folded on the Turn
Seat 3: djjeffypoo collected ($0.75)
Seat 5: Alimash folded before Flop (didn't bet)
Seat 6: greg wymenga folded before Flop (didn't bet)
Seat 7: Alameda22 folded before Flop (didn't bet)
Seat 8: WooLeeJung folded before Flop (didn't bet)
Seat 9: Thorarin3 (button) folded before Flop (didn't bet)



PokerStars Game #19577810734:  Hold'em No Limit ($0.10/$0.25) - 2008/08/13 - 00:30:25 (ET)
Table 'Amnestia III' 9-max Seat #1 is the button
Seat 1: DERUY ($24.50 in chips) 
Seat 2: gjc256 ($5.45 in chips) 
Seat 3: djjeffypoo ($24.45 in chips) 
Seat 5: Alimash ($26 in chips) 
Seat 6: 666balu ($5 in chips) 
Seat 7: Alameda22 ($22.90 in chips) 
Seat 8: WooLeeJung ($25.20 in chips) 
Seat 9: Thorarin3 ($21.95 in chips) 
gjc256: posts small blind $0.10
djjeffypoo: posts big blind $0.25
666balu: posts big blind $0.25
*** HOLE CARDS ***
Dealt to Alameda22 [6c Js]
pzlm73 has returned
Alimash: folds 
666balu: raises $0.50 to $0.75
Alameda22: folds 
WooLeeJung: calls $0.75
Thorarin3: folds 
DERUY: folds 
gjc256: calls $0.65
djjeffypoo: folds 
*** FLOP *** [9s As 5s]
gjc256: checks 
666balu: bets $0.75
WooLeeJung: folds 
gjc256: folds 
Uncalled bet ($0.75) returned to 666balu
666balu collected $2.40 from pot
666balu: doesn't show hand 
*** SUMMARY ***
Total pot $2.50 | Rake $0.10 
Board [9s As 5s]
Seat 1: DERUY (button) folded before Flop (didn't bet)
Seat 2: gjc256 (small blind) folded on the Flop
Seat 3: djjeffypoo (big blind) folded before Flop
Seat 5: Alimash folded before Flop (didn't bet)
Seat 6: 666balu collected ($2.40)
Seat 7: Alameda22 folded before Flop (didn't bet)
Seat 8: WooLeeJung folded on the Flop
Seat 9: Thorarin3 folded before Flop (didn't bet)



PokerStars Game #19577823549:  Hold'em No Limit ($0.10/$0.25) - 2008/08/13 - 00:31:13 (ET)
Table 'Amnestia III' 9-max Seat #2 is the button
Seat 1: DERUY ($24.50 in chips) 
Seat 2: gjc256 ($4.70 in chips) 
Seat 3: djjeffypoo ($24.20 in chips) 
Seat 4: pzlm73 ($21 in chips) 
Seat 5: Alimash ($26 in chips) 
Seat 6: 666balu ($6.65 in chips) 
Seat 7: Alameda22 ($22.90 in chips) 
Seat 8: WooLeeJung ($24.45 in chips) 
Seat 9: Thorarin3 ($21.95 in chips) 
djjeffypoo: posts small blind $0.10
pzlm73: posts big blind $0.25
*** HOLE CARDS ***
Dealt to Alameda22 [Kh 7s]
Alimash: folds 
666balu: raises $0.75 to $1
Alameda22: folds 
WooLeeJung: folds 
Thorarin3: folds 
DERUY: folds 
gjc256: folds 
djjeffypoo: folds 
pzlm73: folds 
Uncalled bet ($0.75) returned to 666balu
666balu collected $0.60 from pot
666balu: doesn't show hand 
*** SUMMARY ***
Total pot $0.60 | Rake $0 
Seat 1: DERUY folded before Flop (didn't bet)
Seat 2: gjc256 (button) folded before Flop (didn't bet)
Seat 3: djjeffypoo (small blind) folded before Flop
Seat 4: pzlm73 (big blind) folded before Flop
Seat 5: Alimash folded before Flop (didn't bet)
Seat 6: 666balu collected ($0.60)
Seat 7: Alameda22 folded before Flop (didn't bet)
Seat 8: WooLeeJung folded before Flop (didn't bet)
Seat 9: Thorarin3 folded before Flop (didn't bet)



PokerStars Game #19577834321:  Hold'em No Limit ($0.10/$0.25) - 2008/08/13 - 00:31:48 (ET)
Table 'Amnestia III' 9-max Seat #3 is the button
Seat 1: DERUY ($24.50 in chips) 
Seat 2: gjc256 ($4.70 in chips) 
Seat 3: djjeffypoo ($24.10 in chips) 
Seat 4: pzlm73 ($20.75 in chips) 
Seat 5: Alimash ($26 in chips) 
Seat 6: 666balu ($7 in chips) 
Seat 7: Alameda22 ($22.90 in chips) 
Seat 8: WooLeeJung ($24.45 in chips) 
Seat 9: Thorarin3 ($21.95 in chips) 
pzlm73: posts small blind $0.10
Alimash: posts big blind $0.25
*** HOLE CARDS ***
Dealt to Alameda22 [6d Qs]
666balu: calls $0.25
Alameda22: folds 
WooLeeJung: folds 
Thorarin3: folds 
DERUY: folds 
gjc256: folds 
djjeffypoo: folds 
pzlm73: folds 
Alimash: raises $0.90 to $1.15
666balu: calls $0.90
*** FLOP *** [6s 5s 8d]
Alimash: bets $1.75
666balu: raises $1.75 to $3.50
Alimash: folds 
Uncalled bet ($1.75) returned to 666balu
666balu collected $5.65 from pot
*** SUMMARY ***
Total pot $5.90 | Rake $0.25 
Board [6s 5s 8d]
Seat 1: DERUY folded before Flop (didn't bet)
Seat 2: gjc256 folded before Flop (didn't bet)
Seat 3: djjeffypoo (button) folded before Flop (didn't bet)
Seat 4: pzlm73 (small blind) folded before Flop
Seat 5: Alimash (big blind) folded on the Flop
Seat 6: 666balu collected ($5.65)
Seat 7: Alameda22 folded before Flop (didn't bet)
Seat 8: WooLeeJung folded before Flop (didn't bet)
Seat 9: Thorarin3 folded before Flop (didn't bet)



PokerStars Game #19577859363:  Hold'em No Limit ($0.10/$0.25) - 2008/08/13 - 00:33:18 (ET)
Table 'Amnestia III' 9-max Seat #4 is the button
Seat 1: DERUY ($24.50 in chips) 
Seat 2: gjc256 ($4.70 in chips) 
Seat 3: djjeffypoo ($24.10 in chips) 
Seat 4: pzlm73 ($20.65 in chips) 
Seat 5: Alimash ($23.10 in chips) 
Seat 6: 666balu ($9.75 in chips) 
Seat 7: Alameda22 ($22.90 in chips) 
Seat 8: WooLeeJung ($24.45 in chips) 
Seat 9: Thorarin3 ($21.95 in chips) 
Alimash: posts small blind $0.10
666balu: posts big blind $0.25
*** HOLE CARDS ***
Dealt to Alameda22 [Kh 2h]
Alameda22: folds 
WooLeeJung: calls $0.25
Thorarin3: folds 
DERUY: folds 
gjc256: folds 
djjeffypoo: folds 
pzlm73: folds 
Alimash: folds 
666balu: checks 
*** FLOP *** [2s 5c 6d]
666balu: checks 
WooLeeJung: checks 
*** TURN *** [2s 5c 6d] [8d]
666balu: checks 
WooLeeJung: checks 
*** RIVER *** [2s 5c 6d 8d] [3d]
666balu: bets $0.75
WooLeeJung: folds 
Uncalled bet ($0.75) returned to 666balu
666balu collected $0.60 from pot
666balu: doesn't show hand 
*** SUMMARY ***
Total pot $0.60 | Rake $0 
Board [2s 5c 6d 8d 3d]
Seat 1: DERUY folded before Flop (didn't bet)
Seat 2: gjc256 folded before Flop (didn't bet)
Seat 3: djjeffypoo folded before Flop (didn't bet)
Seat 4: pzlm73 (button) folded before Flop (didn't bet)
Seat 5: Alimash (small blind) folded before Flop
Seat 6: 666balu (big blind) collected ($0.60)
Seat 7: Alameda22 folded before Flop (didn't bet)
Seat 8: WooLeeJung folded on the River
Seat 9: Thorarin3 folded before Flop (didn't bet)



PokerStars Game #19577877975:  Hold'em No Limit ($0.10/$0.25) - 2008/08/13 - 00:34:24 (ET)
Table 'Amnestia III' 9-max Seat #5 is the button
Seat 1: DERUY ($24.50 in chips) 
Seat 2: gjc256 ($4.70 in chips) 
Seat 3: djjeffypoo ($24.10 in chips) 
Seat 4: pzlm73 ($20.65 in chips) 
Seat 5: Alimash ($23 in chips) 
Seat 6: 666balu ($10.10 in chips) 
Seat 7: Alameda22 ($22.90 in chips) 
Seat 8: WooLeeJung ($24.20 in chips) 
Seat 9: Thorarin3 ($21.95 in chips) 
666balu: posts small blind $0.10
Alameda22: posts big blind $0.25
*** HOLE CARDS ***
Dealt to Alameda22 [Jh Qd]
WooLeeJung: folds 
Thorarin3: folds 
DERUY: folds 
gjc256: folds 
djjeffypoo: folds 
pzlm73: folds 
Alimash: raises $0.60 to $0.85
666balu: folds 
Alameda22: folds 
Uncalled bet ($0.60) returned to Alimash
Alimash collected $0.60 from pot
*** SUMMARY ***
Total pot $0.60 | Rake $0 
Seat 1: DERUY folded before Flop (didn't bet)
Seat 2: gjc256 folded before Flop (didn't bet)
Seat 3: djjeffypoo folded before Flop (didn't bet)
Seat 4: pzlm73 folded before Flop (didn't bet)
Seat 5: Alimash (button) collected ($0.60)
Seat 6: 666balu (small blind) folded before Flop
Seat 7: Alameda22 (big blind) folded before Flop
Seat 8: WooLeeJung folded before Flop (didn't bet)
Seat 9: Thorarin3 folded before Flop (didn't bet)



PokerStars Game #19577891025:  Hold'em No Limit ($0.10/$0.25) - 2008/08/13 - 00:35:11 (ET)
Table 'Amnestia III' 9-max Seat #6 is the button
Seat 1: DERUY ($24.50 in chips) 
Seat 2: gjc256 ($4.70 in chips) 
Seat 3: djjeffypoo ($24.10 in chips) 
Seat 4: pzlm73 ($20.65 in chips) 
Seat 5: Alimash ($23.35 in chips) 
Seat 6: 666balu ($10 in chips) 
Seat 7: Alameda22 ($22.65 in chips) 
Seat 8: WooLeeJung ($24.20 in chips) 
Seat 9: Thorarin3 ($21.95 in chips) 
Alameda22: posts small blind $0.10
WooLeeJung: posts big blind $0.25
*** HOLE CARDS ***
Dealt to Alameda22 [4h 7d]
Thorarin3: folds 
DERUY: raises $0.75 to $1
gjc256: folds 
djjeffypoo: folds 
pzlm73: folds 
Alimash: folds 
666balu: calls $1
Alameda22: folds 
WooLeeJung: folds 
*** FLOP *** [Qd Ts 5c]
DERUY: checks 
666balu: checks 
*** TURN *** [Qd Ts 5c] [Qc]
DERUY: checks 
666balu: checks 
*** RIVER *** [Qd Ts 5c Qc] [Kh]
DERUY: checks 
666balu: checks 
*** SHOW DOWN ***
DERUY: shows [Jh Jc] (two pair, Queens and Jacks)
666balu: shows [2s 2c] (two pair, Queens and Deuces)
DERUY collected $2.25 from pot
*** SUMMARY ***
Total pot $2.35 | Rake $0.10 
Board [Qd Ts 5c Qc Kh]
Seat 1: DERUY showed [Jh Jc] and won ($2.25) with two pair, Queens and Jacks
Seat 2: gjc256 folded before Flop (didn't bet)
Seat 3: djjeffypoo folded before Flop (didn't bet)
Seat 4: pzlm73 folded before Flop (didn't bet)
Seat 5: Alimash folded before Flop (didn't bet)
Seat 6: 666balu (button) showed [2s 2c] and lost with two pair, Queens and Deuces
Seat 7: Alameda22 (small blind) folded before Flop
Seat 8: WooLeeJung (big blind) folded before Flop
Seat 9: Thorarin3 folded before Flop (didn't bet)



PokerStars Game #19577909087:  Hold'em No Limit ($0.10/$0.25) - 2008/08/13 - 00:36:17 (ET)
Table 'Amnestia III' 9-max Seat #7 is the button
Seat 1: DERUY ($25.75 in chips) 
Seat 2: gjc256 ($4.70 in chips) 
Seat 3: djjeffypoo ($24.10 in chips) 
Seat 4: pzlm73 ($20.65 in chips) 
Seat 5: Alimash ($23.35 in chips) 
Seat 6: 666balu ($9 in chips) 
Seat 7: Alameda22 ($22.55 in chips) 
Seat 8: WooLeeJung ($23.95 in chips) 
WooLeeJung: posts small blind $0.10
Thorarin3: is sitting out 
DERUY: posts big blind $0.25
*** HOLE CARDS ***
Dealt to Alameda22 [2s Kd]
gjc256: folds 
djjeffypoo: folds 
pzlm73: folds 
Thorarin3 leaves the table
Alimash: folds 
666balu: folds 
Alameda22: folds 
WooLeeJung: folds 
Uncalled bet ($0.15) returned to DERUY
DERUY collected $0.20 from pot
DERUY: doesn't show hand 
Krassancho joins the table at seat #9 
*** SUMMARY ***
Total pot $0.20 | Rake $0 
Seat 1: DERUY (big blind) collected ($0.20)
Seat 2: gjc256 folded before Flop (didn't bet)
Seat 3: djjeffypoo folded before Flop (didn't bet)
Seat 4: pzlm73 folded before Flop (didn't bet)
Seat 5: Alimash folded before Flop (didn't bet)
Seat 6: 666balu folded before Flop (didn't bet)
Seat 7: Alameda22 (button) folded before Flop (didn't bet)
Seat 8: WooLeeJung (small blind) folded before Flop



PokerStars Game #19577918328:  Hold'em No Limit ($0.10/$0.25) - 2008/08/13 - 00:36:50 (ET)
Table 'Amnestia III' 9-max Seat #8 is the button
Seat 1: DERUY ($25.85 in chips) 
Seat 2: gjc256 ($4.70 in chips) 
Seat 3: djjeffypoo ($24.10 in chips) 
Seat 4: pzlm73 ($20.65 in chips) 
Seat 5: Alimash ($23.35 in chips) 
Seat 6: 666balu ($9 in chips) 
Seat 7: Alameda22 ($22.55 in chips) 
Seat 8: WooLeeJung ($23.85 in chips) 
Krassancho will be allowed to play after the button
DERUY: posts small blind $0.10
gjc256: posts big blind $0.25
*** HOLE CARDS ***
Dealt to Alameda22 [Qd 9d]
djjeffypoo: folds 
pzlm73: folds 
Alimash: folds 
666balu: folds 
Alameda22: folds 
WooLeeJung: folds 
DERUY: folds 
Uncalled bet ($0.15) returned to gjc256
gjc256 collected $0.20 from pot
gjc256: shows [Qh Ks] (high card King)
*** SUMMARY ***
Total pot $0.20 | Rake $0 
Seat 1: DERUY (small blind) folded before Flop
Seat 2: gjc256 (big blind) collected ($0.20)
Seat 3: djjeffypoo folded before Flop (didn't bet)
Seat 4: pzlm73 folded before Flop (didn't bet)
Seat 5: Alimash folded before Flop (didn't bet)
Seat 6: 666balu folded before Flop (didn't bet)
Seat 7: Alameda22 folded before Flop (didn't bet)
Seat 8: WooLeeJung (button) folded before Flop (didn't bet)



PokerStars Game #19577925334:  Hold'em No Limit ($0.10/$0.25) - 2008/08/13 - 00:37:16 (ET)
Table 'Amnestia III' 9-max Seat #1 is the button
Seat 1: DERUY ($25.75 in chips) 
Seat 2: gjc256 ($4.80 in chips) 
Seat 3: djjeffypoo ($24.10 in chips) 
Seat 4: pzlm73 ($20.65 in chips) 
Seat 5: Alimash ($23.35 in chips) 
Seat 6: 666balu ($9 in chips) 
Seat 7: Alameda22 ($22.55 in chips) 
Seat 8: WooLeeJung ($23.85 in chips) 
gjc256: posts small blind $0.10
djjeffypoo: posts big blind $0.25
Krassancho: sits out 
*** HOLE CARDS ***
Dealt to Alameda22 [3s Jc]
pzlm73: folds 
Alimash: folds 
666balu: folds 
Alameda22: folds 
WooLeeJung: folds 
DERUY: folds 
gjc256: calls $0.15
djjeffypoo: checks 
*** FLOP *** [8d 3h Qs]
gjc256: bets $0.25
djjeffypoo: folds 
Uncalled bet ($0.25) returned to gjc256
gjc256 collected $0.50 from pot
gjc256: doesn't show hand 
*** SUMMARY ***
Total pot $0.50 | Rake $0 
Board [8d 3h Qs]
Seat 1: DERUY (button) folded before Flop (didn't bet)
Seat 2: gjc256 (small blind) collected ($0.50)
Seat 3: djjeffypoo (big blind) folded on the Flop
Seat 4: pzlm73 folded before Flop (didn't bet)
Seat 5: Alimash folded before Flop (didn't bet)
Seat 6: 666balu folded before Flop (didn't bet)
Seat 7: Alameda22 folded before Flop (didn't bet)
Seat 8: WooLeeJung folded before Flop (didn't bet)



PokerStars Game #19577941369:  Hold'em No Limit ($0.10/$0.25) - 2008/08/13 - 00:38:15 (ET)
Table 'Amnestia III' 9-max Seat #2 is the button
Seat 1: DERUY ($25.75 in chips) 
Seat 2: gjc256 ($5.05 in chips) 
Seat 3: djjeffypoo ($23.85 in chips) 
Seat 4: pzlm73 ($20.65 in chips) 
Seat 5: Alimash ($23.35 in chips) 
Seat 6: 666balu ($9 in chips) 
Seat 7: Alameda22 ($22.55 in chips) 
Seat 8: WooLeeJung ($23.85 in chips) 
djjeffypoo: posts small blind $0.10
pzlm73: posts big blind $0.25
Krassancho: sits out 
*** HOLE CARDS ***
Dealt to Alameda22 [4s 4h]
Alimash: folds 
666balu: calls $0.25
Alameda22: folds 
WooLeeJung: folds 
DERUY: folds 
gjc256: folds 
djjeffypoo: folds 
pzlm73: checks 
*** FLOP *** [Ac 3h 2c]
pzlm73: checks 
666balu: bets $0.50
pzlm73: folds 
Uncalled bet ($0.50) returned to 666balu
666balu collected $0.60 from pot
666balu: doesn't show hand 
*** SUMMARY ***
Total pot $0.60 | Rake $0 
Board [Ac 3h 2c]
Seat 1: DERUY folded before Flop (didn't bet)
Seat 2: gjc256 (button) folded before Flop (didn't bet)
Seat 3: djjeffypoo (small blind) folded before Flop
Seat 4: pzlm73 (big blind) folded on the Flop
Seat 5: Alimash folded before Flop (didn't bet)
Seat 6: 666balu collected ($0.60)
Seat 7: Alameda22 folded before Flop (didn't bet)
Seat 8: WooLeeJung folded before Flop (didn't bet)



PokerStars Game #19577959023:  Hold'em No Limit ($0.10/$0.25) - 2008/08/13 - 00:39:19 (ET)
Table 'Amnestia III' 9-max Seat #3 is the button
Seat 1: DERUY ($25.75 in chips) 
Seat 2: gjc256 ($5.05 in chips) 
Seat 3: djjeffypoo ($23.75 in chips) 
Seat 4: pzlm73 ($20.40 in chips) 
Seat 5: Alimash ($23.35 in chips) 
Seat 6: 666balu ($9.35 in chips) 
Seat 7: Alameda22 ($22.55 in chips) 
Seat 8: WooLeeJung ($23.85 in chips) 
pzlm73: posts small blind $0.10
Alimash: posts big blind $0.25
Krassancho: sits out 
*** HOLE CARDS ***
Dealt to Alameda22 [9h Kd]
666balu: folds 
Alameda22: folds 
WooLeeJung: folds 
DERUY: folds 
gjc256: folds 
djjeffypoo: folds 
pzlm73: raises $0.50 to $0.75
Alimash: folds 
Uncalled bet ($0.50) returned to pzlm73
pzlm73 collected $0.50 from pot
pzlm73: doesn't show hand 
*** SUMMARY ***
Total pot $0.50 | Rake $0 
Seat 1: DERUY folded before Flop (didn't bet)
Seat 2: gjc256 folded before Flop (didn't bet)
Seat 3: djjeffypoo (button) folded before Flop (didn't bet)
Seat 4: pzlm73 (small blind) collected ($0.50)
Seat 5: Alimash (big blind) folded before Flop
Seat 6: 666balu folded before Flop (didn't bet)
Seat 7: Alameda22 folded before Flop (didn't bet)
Seat 8: WooLeeJung folded before Flop (didn't bet)



PokerStars Game #19577980561:  Hold'em No Limit ($0.10/$0.25) - 2008/08/13 - 00:40:38 (ET)
Table 'Amnestia III' 9-max Seat #4 is the button
Seat 1: DERUY ($25.75 in chips) 
Seat 2: gjc256 ($5.05 in chips) 
Seat 3: djjeffypoo ($23.75 in chips) 
Seat 4: pzlm73 ($20.65 in chips) 
Seat 5: Alimash ($23.10 in chips) 
Seat 6: 666balu ($9.35 in chips) 
Seat 7: Alameda22 ($22.55 in chips) 
Seat 8: WooLeeJung ($23.85 in chips) 
Alimash: posts small blind $0.10
666balu: posts big blind $0.25
Krassancho: sits out 
*** HOLE CARDS ***
Dealt to Alameda22 [Ah Kd]
Alameda22: raises $0.50 to $0.75
WooLeeJung: folds 
DERUY: calls $0.75
gjc256: folds 
djjeffypoo: folds 
pzlm73: folds 
Alimash: folds 
666balu: calls $0.50
*** FLOP *** [Js 7c 2c]
666balu: checks 
Alameda22: bets $1.50
DERUY: folds 
666balu: folds 
Uncalled bet ($1.50) returned to Alameda22
Alameda22 collected $2.25 from pot
Alameda22: doesn't show hand 
*** SUMMARY ***
Total pot $2.35 | Rake $0.10 
Board [Js 7c 2c]
Seat 1: DERUY folded on the Flop
Seat 2: gjc256 folded before Flop (didn't bet)
Seat 3: djjeffypoo folded before Flop (didn't bet)
Seat 4: pzlm73 (button) folded before Flop (didn't bet)
Seat 5: Alimash (small blind) folded before Flop
Seat 6: 666balu (big blind) folded on the Flop
Seat 7: Alameda22 collected ($2.25)
Seat 8: WooLeeJung folded before Flop (didn't bet)



PokerStars Game #19577996801:  Hold'em No Limit ($0.10/$0.25) - 2008/08/13 - 00:41:37 (ET)
Table 'Amnestia III' 9-max Seat #5 is the button
Seat 1: DERUY ($25 in chips) 
Seat 2: gjc256 ($5.05 in chips) 
Seat 3: djjeffypoo ($23.75 in chips) 
Seat 4: pzlm73 ($20.65 in chips) 
Seat 5: Alimash ($23 in chips) 
Seat 6: 666balu ($8.60 in chips) 
Seat 7: Alameda22 ($24.05 in chips) 
Seat 8: WooLeeJung ($23.85 in chips) 
666balu: posts small blind $0.10
Alameda22: posts big blind $0.25
Krassancho: sits out 
*** HOLE CARDS ***
Dealt to Alameda22 [9h Jh]
WooLeeJung: folds 
DERUY: folds 
gjc256: calls $0.25
djjeffypoo: folds 
pzlm73: folds 
Alimash: folds 
666balu: calls $0.15
Alameda22: checks 
*** FLOP *** [8h Td 6d]
666balu: checks 
Alameda22: bets $0.50
gjc256: folds 
666balu: calls $0.50
*** TURN *** [8h Td 6d] [Kd]
666balu: checks 
Alameda22: checks 
*** RIVER *** [8h Td 6d Kd] [Ts]
666balu: bets $0.75
Alameda22: folds 
Uncalled bet ($0.75) returned to 666balu
666balu collected $1.70 from pot
*** SUMMARY ***
Total pot $1.75 | Rake $0.05 
Board [8h Td 6d Kd Ts]
Seat 1: DERUY folded before Flop (didn't bet)
Seat 2: gjc256 folded on the Flop
Seat 3: djjeffypoo folded before Flop (didn't bet)
Seat 4: pzlm73 folded before Flop (didn't bet)
Seat 5: Alimash (button) folded before Flop (didn't bet)
Seat 6: 666balu (small blind) collected ($1.70)
Seat 7: Alameda22 (big blind) folded on the River
Seat 8: WooLeeJung folded before Flop (didn't bet)



PokerStars Game #19578023327:  Hold'em No Limit ($0.10/$0.25) - 2008/08/13 - 00:43:16 (ET)
Table 'Amnestia III' 9-max Seat #6 is the button
Seat 1: DERUY ($25 in chips) 
Seat 2: gjc256 ($4.80 in chips) 
Seat 3: djjeffypoo ($23.75 in chips) 
Seat 4: pzlm73 ($20.65 in chips) 
Seat 5: Alimash ($23 in chips) 
Seat 6: 666balu ($9.55 in chips) 
Seat 7: Alameda22 ($23.30 in chips) 
Seat 8: WooLeeJung ($23.85 in chips) 
Alameda22: posts small blind $0.10
WooLeeJung: posts big blind $0.25
Krassancho: sits out 
*** HOLE CARDS ***
Dealt to Alameda22 [9d 8d]
DERUY: raises $0.75 to $1
gjc256: folds 
djjeffypoo: folds 
pzlm73: folds 
Alimash: folds 
666balu: calls $1
Alameda22: folds 
WooLeeJung: folds 
*** FLOP *** [2h Jc 7h]
DERUY: bets $1.75
666balu: raises $1.75 to $3.50
DERUY: raises $3.50 to $7
666balu: raises $1.55 to $8.55 and is all-in
DERUY: calls $1.55
*** TURN *** [2h Jc 7h] [5d]
*** RIVER *** [2h Jc 7h 5d] [4s]
*** SHOW DOWN ***
DERUY: shows [Kh Kd] (a pair of Kings)
666balu: shows [Qh Jh] (a pair of Jacks)
DERUY collected $18.50 from pot
*** SUMMARY ***
Total pot $19.45 | Rake $0.95 
Board [2h Jc 7h 5d 4s]
Seat 1: DERUY showed [Kh Kd] and won ($18.50) with a pair of Kings
Seat 2: gjc256 folded before Flop (didn't bet)
Seat 3: djjeffypoo folded before Flop (didn't bet)
Seat 4: pzlm73 folded before Flop (didn't bet)
Seat 5: Alimash folded before Flop (didn't bet)
Seat 6: 666balu (button) showed [Qh Jh] and lost with a pair of Jacks
Seat 7: Alameda22 (small blind) folded before Flop
Seat 8: WooLeeJung (big blind) folded before Flop



PokerStars Game #19578038854:  Hold'em No Limit ($0.10/$0.25) - 2008/08/13 - 00:44:14 (ET)
Table 'Amnestia III' 9-max Seat #7 is the button
Seat 1: DERUY ($33.95 in chips) 
Seat 2: gjc256 ($4.80 in chips) 
Seat 3: djjeffypoo ($23.75 in chips) 
Seat 4: pzlm73 ($20.65 in chips) 
Seat 5: Alimash ($23 in chips) 
Seat 7: Alameda22 ($23.20 in chips) 
Seat 8: WooLeeJung ($25 in chips) 
Seat 9: Krassancho ($25 in chips) 
WooLeeJung: posts small blind $0.10
Krassancho: posts big blind $0.25
*** HOLE CARDS ***
Dealt to Alameda22 [Ad 7c]
DERUY: folds 
gjc256: raises $0.75 to $1
djjeffypoo: folds 
pzlm73: folds 
Alimash: folds 
Alameda22: folds 
WooLeeJung: folds 
Krassancho: folds 
Uncalled bet ($0.75) returned to gjc256
gjc256 collected $0.60 from pot
gjc256: doesn't show hand 
*** SUMMARY ***
Total pot $0.60 | Rake $0 
Seat 1: DERUY folded before Flop (didn't bet)
Seat 2: gjc256 collected ($0.60)
Seat 3: djjeffypoo folded before Flop (didn't bet)
Seat 4: pzlm73 folded before Flop (didn't bet)
Seat 5: Alimash folded before Flop (didn't bet)
Seat 7: Alameda22 (button) folded before Flop (didn't bet)
Seat 8: WooLeeJung (small blind) folded before Flop
Seat 9: Krassancho (big blind) folded before Flop



PokerStars Game #19578049669:  Hold'em No Limit ($0.10/$0.25) - 2008/08/13 - 00:44:54 (ET)
Table 'Amnestia III' 9-max Seat #8 is the button
Seat 1: DERUY ($33.95 in chips) 
Seat 2: gjc256 ($5.15 in chips) 
Seat 3: djjeffypoo ($23.75 in chips) 
Seat 4: pzlm73 ($20.65 in chips) 
Seat 5: Alimash ($23 in chips) 
Seat 7: Alameda22 ($23.20 in chips) 
Seat 8: WooLeeJung ($24.90 in chips) 
Seat 9: Krassancho ($24.75 in chips) 
Krassancho: posts small blind $0.10
DERUY: posts big blind $0.25
*** HOLE CARDS ***
Dealt to Alameda22 [Ks Kd]
gjc256: folds 
djjeffypoo: folds 
pzlm73: calls $0.25
Alimash: folds 
Alameda22: raises $0.75 to $1
WooLeeJung: folds 
Krassancho: folds 
DERUY: folds 
pzlm73: folds 
Uncalled bet ($0.75) returned to Alameda22
Alameda22 collected $0.85 from pot
Alameda22: doesn't show hand 
*** SUMMARY ***
Total pot $0.85 | Rake $0 
Seat 1: DERUY (big blind) folded before Flop
Seat 2: gjc256 folded before Flop (didn't bet)
Seat 3: djjeffypoo folded before Flop (didn't bet)
Seat 4: pzlm73 folded before Flop
Seat 5: Alimash folded before Flop (didn't bet)
Seat 7: Alameda22 collected ($0.85)
Seat 8: WooLeeJung (button) folded before Flop (didn't bet)
Seat 9: Krassancho (small blind) folded before Flop



PokerStars Game #19578059856:  Hold'em No Limit ($0.10/$0.25) - 2008/08/13 - 00:45:32 (ET)
Table 'Amnestia III' 9-max Seat #9 is the button
Seat 1: DERUY ($33.70 in chips) 
Seat 2: gjc256 ($5.15 in chips) 
Seat 3: djjeffypoo ($23.75 in chips) 
Seat 4: pzlm73 ($20.40 in chips) 
Seat 5: Alimash ($23 in chips) 
Seat 7: Alameda22 ($23.80 in chips) 
Seat 8: WooLeeJung ($24.90 in chips) 
Seat 9: Krassancho ($24.65 in chips) 
DERUY: posts small blind $0.10
gjc256: posts big blind $0.25
*** HOLE CARDS ***
Dealt to Alameda22 [5c Qd]
djjeffypoo: folds 
pzlm73: folds 
Alimash: folds 
Alameda22: folds 
WooLeeJung: raises $0.75 to $1
Krassancho: folds 
DERUY: folds 
gjc256: folds 
Uncalled bet ($0.75) returned to WooLeeJung
WooLeeJung collected $0.60 from pot
WooLeeJung: doesn't show hand 
*** SUMMARY ***
Total pot $0.60 | Rake $0 
Seat 1: DERUY (small blind) folded before Flop
Seat 2: gjc256 (big blind) folded before Flop
Seat 3: djjeffypoo folded before Flop (didn't bet)
Seat 4: pzlm73 folded before Flop (didn't bet)
Seat 5: Alimash folded before Flop (didn't bet)
Seat 7: Alameda22 folded before Flop (didn't bet)
Seat 8: WooLeeJung collected ($0.60)
Seat 9: Krassancho (button) folded before Flop (didn't bet)



PokerStars Game #19578069555:  Hold'em No Limit ($0.10/$0.25) - 2008/08/13 - 00:46:08 (ET)
Table 'Amnestia III' 9-max Seat #1 is the button
Seat 1: DERUY ($33.60 in chips) 
Seat 2: gjc256 ($4.90 in chips) 
Seat 4: pzlm73 ($20.40 in chips) 
Seat 5: Alimash ($23 in chips) 
Seat 7: Alameda22 ($23.80 in chips) 
Seat 8: WooLeeJung ($25.25 in chips) 
Seat 9: Krassancho ($24.65 in chips) 
gjc256: posts small blind $0.10
djjeffypoo: is sitting out 
djjeffypoo leaves the table
pzlm73: posts big blind $0.25
*** HOLE CARDS ***
Dealt to Alameda22 [6c Js]
Alimash: raises $0.60 to $0.85
Alameda22: folds 
WooLeeJung: folds 
Krassancho: folds 
DERUY: folds 
gjc256: folds 
pzlm73: folds 
Uncalled bet ($0.60) returned to Alimash
Alimash collected $0.60 from pot
*** SUMMARY ***
Total pot $0.60 | Rake $0 
Seat 1: DERUY (button) folded before Flop (didn't bet)
Seat 2: gjc256 (small blind) folded before Flop
Seat 4: pzlm73 (big blind) folded before Flop
Seat 5: Alimash collected ($0.60)
Seat 7: Alameda22 folded before Flop (didn't bet)
Seat 8: WooLeeJung folded before Flop (didn't bet)
Seat 9: Krassancho folded before Flop (didn't bet)



PokerStars Game #19578081216:  Hold'em No Limit ($0.10/$0.25) - 2008/08/13 - 00:46:52 (ET)
Table 'Amnestia III' 9-max Seat #2 is the button
Seat 1: DERUY ($33.60 in chips) 
Seat 2: gjc256 ($4.80 in chips) 
Seat 4: pzlm73 ($20.15 in chips) 
Seat 5: Alimash ($23.35 in chips) 
Seat 7: Alameda22 ($23.80 in chips) 
Seat 8: WooLeeJung ($25.25 in chips) 
Seat 9: Krassancho ($24.65 in chips) 
pzlm73: posts small blind $0.10
Alimash: posts big blind $0.25
*** HOLE CARDS ***
Dealt to Alameda22 [2d 9d]
Alameda22: folds 
WooLeeJung: folds 
Krassancho: calls $0.25
DERUY: folds 
gjc256: calls $0.25
aLaN426 joins the table at seat #3 
pzlm73: calls $0.15
Alimash: checks 
*** FLOP *** [Jh 6c Ac]
pzlm73: checks 
Alimash: checks 
Krassancho: checks 
gjc256: bets $0.50
pzlm73: folds 
Alimash: folds 
Krassancho: folds 
Uncalled bet ($0.50) returned to gjc256
gjc256 collected $0.95 from pot
gjc256: doesn't show hand 
*** SUMMARY ***
Total pot $1 | Rake $0.05 
Board [Jh 6c Ac]
Seat 1: DERUY folded before Flop (didn't bet)
Seat 2: gjc256 (button) collected ($0.95)
Seat 4: pzlm73 (small blind) folded on the Flop
Seat 5: Alimash (big blind) folded on the Flop
Seat 7: Alameda22 folded before Flop (didn't bet)
Seat 8: WooLeeJung folded before Flop (didn't bet)
Seat 9: Krassancho folded on the Flop



PokerStars Game #19578099436:  Hold'em No Limit ($0.10/$0.25) - 2008/08/13 - 00:48:01 (ET)
Table 'Amnestia III' 9-max Seat #4 is the button
Seat 1: DERUY ($33.60 in chips) 
Seat 2: gjc256 ($5.50 in chips) 
Seat 3: aLaN426 ($6 in chips) 
Seat 4: pzlm73 ($19.90 in chips) 
Seat 5: Alimash ($23.10 in chips) 
Seat 7: Alameda22 ($23.80 in chips) 
Seat 8: WooLeeJung ($25.25 in chips) 
Seat 9: Krassancho ($24.40 in chips) 
Alimash: posts small blind $0.10
Alameda22: posts big blind $0.25
aLaN426: posts big blind $0.25
*** HOLE CARDS ***
Dealt to Alameda22 [6d 6s]
WooLeeJung: folds 
Krassancho: folds 
DERUY: folds 
gjc256: folds 
aLaN426: checks 
pzlm73: calls $0.25
Alimash: folds 
Alameda22: checks 
*** FLOP *** [Js 8s Tc]
Alameda22: checks 
aLaN426: checks 
pzlm73: bets $0.75
Alameda22: folds 
aLaN426: folds 
Uncalled bet ($0.75) returned to pzlm73
pzlm73 collected $0.85 from pot
pzlm73: doesn't show hand 
*** SUMMARY ***
Total pot $0.85 | Rake $0 
Board [Js 8s Tc]
Seat 1: DERUY folded before Flop (didn't bet)
Seat 2: gjc256 folded before Flop (didn't bet)
Seat 3: aLaN426 folded on the Flop
Seat 4: pzlm73 (button) collected ($0.85)
Seat 5: Alimash (small blind) folded before Flop
Seat 7: Alameda22 (big blind) folded on the Flop
Seat 8: WooLeeJung folded before Flop (didn't bet)
Seat 9: Krassancho folded before Flop (didn't bet)



PokerStars Game #19578114634:  Hold'em No Limit ($0.10/$0.25) - 2008/08/13 - 00:48:57 (ET)
Table 'Amnestia III' 9-max Seat #5 is the button
Seat 1: DERUY ($33.60 in chips) 
Seat 2: gjc256 ($5.50 in chips) 
Seat 3: aLaN426 ($5.75 in chips) 
Seat 4: pzlm73 ($20.50 in chips) 
Seat 5: Alimash ($23 in chips) 
Seat 7: Alameda22 ($23.55 in chips) 
Seat 8: WooLeeJung ($25.25 in chips) 
Seat 9: Krassancho ($24.40 in chips) 
Alameda22: posts small blind $0.10
WooLeeJung: posts big blind $0.25
*** HOLE CARDS ***
Dealt to Alameda22 [Js Ks]
Krassancho: folds 
DERUY: folds 
gjc256: folds 
aLaN426: folds 
pzlm73: raises $0.75 to $1
Alimash: folds 
Alameda22: folds 
WooLeeJung: folds 
Uncalled bet ($0.75) returned to pzlm73
pzlm73 collected $0.60 from pot
pzlm73: doesn't show hand 
*** SUMMARY ***
Total pot $0.60 | Rake $0 
Seat 1: DERUY folded before Flop (didn't bet)
Seat 2: gjc256 folded before Flop (didn't bet)
Seat 3: aLaN426 folded before Flop (didn't bet)
Seat 4: pzlm73 collected ($0.60)
Seat 5: Alimash (button) folded before Flop (didn't bet)
Seat 7: Alameda22 (small blind) folded before Flop
Seat 8: WooLeeJung (big blind) folded before Flop
Seat 9: Krassancho folded before Flop (didn't bet)



PokerStars Game #19578123888:  Hold'em No Limit ($0.10/$0.25) - 2008/08/13 - 00:49:32 (ET)
Table 'Amnestia III' 9-max Seat #7 is the button
Seat 1: DERUY ($33.60 in chips) 
Seat 2: gjc256 ($5.50 in chips) 
Seat 3: aLaN426 ($5.75 in chips) 
Seat 4: pzlm73 ($20.85 in chips) 
Seat 5: Alimash ($23 in chips) 
Seat 7: Alameda22 ($23.45 in chips) 
Seat 8: WooLeeJung ($25 in chips) 
Seat 9: Krassancho ($24.40 in chips) 
WooLeeJung: posts small blind $0.10
Krassancho: posts big blind $0.25
*** HOLE CARDS ***
Dealt to Alameda22 [Qd 9c]
DERUY: folds 
gjc256: folds 
aLaN426: calls $0.25
pzlm73: folds 
Alimash: folds 
Alameda22: folds 
WooLeeJung: calls $0.15
Krassancho: checks 
*** FLOP *** [4s Td Jh]
WooLeeJung: checks 
Krassancho: checks 
aLaN426: checks 
*** TURN *** [4s Td Jh] [As]
666balu has returned
WooLeeJung: checks 
Krassancho: checks 
aLaN426: checks 
*** RIVER *** [4s Td Jh As] [Ah]
WooLeeJung: bets $0.50
Krassancho: folds 
aLaN426: calls $0.50
*** SHOW DOWN ***
WooLeeJung: shows [Ad 7h] (three of a kind, Aces)
aLaN426: mucks hand 
WooLeeJung collected $1.70 from pot
*** SUMMARY ***
Total pot $1.75 | Rake $0.05 
Board [4s Td Jh As Ah]
Seat 1: DERUY folded before Flop (didn't bet)
Seat 2: gjc256 folded before Flop (didn't bet)
Seat 3: aLaN426 mucked [Tc 7c]
Seat 4: pzlm73 folded before Flop (didn't bet)
Seat 5: Alimash folded before Flop (didn't bet)
Seat 7: Alameda22 (button) folded before Flop (didn't bet)
Seat 8: WooLeeJung (small blind) showed [Ad 7h] and won ($1.70) with three of a kind, Aces
Seat 9: Krassancho (big blind) folded on the River



PokerStars Game #19578144901:  Hold'em No Limit ($0.10/$0.25) - 2008/08/13 - 00:50:51 (ET)
Table 'Amnestia III' 9-max Seat #8 is the button
Seat 1: DERUY ($33.60 in chips) 
Seat 2: gjc256 ($5.50 in chips) 
Seat 3: aLaN426 ($5 in chips) 
Seat 4: pzlm73 ($20.85 in chips) 
Seat 5: Alimash ($23 in chips) 
Seat 6: 666balu ($5 in chips) 
Seat 7: Alameda22 ($23.45 in chips) 
Seat 8: WooLeeJung ($25.95 in chips) 
Seat 9: Krassancho ($24.15 in chips) 
Krassancho: posts small blind $0.10
DERUY: posts big blind $0.25
666balu: posts small & big blinds $0.35
*** HOLE CARDS ***
Dealt to Alameda22 [5s 2h]
gjc256: folds 
aLaN426: folds 
pzlm73: folds 
Alimash: raises $1 to $1.25
666balu: calls $1
Alameda22: folds 
WooLeeJung: folds 
Krassancho: folds 
DERUY: folds 
*** FLOP *** [6d 7h Qh]
Alimash: bets $1.50
666balu: folds 
Uncalled bet ($1.50) returned to Alimash
Alimash collected $2.85 from pot
Alimash: doesn't show hand 
*** SUMMARY ***
Total pot $2.95 | Rake $0.10 
Board [6d 7h Qh]
Seat 1: DERUY (big blind) folded before Flop
Seat 2: gjc256 folded before Flop (didn't bet)
Seat 3: aLaN426 folded before Flop (didn't bet)
Seat 4: pzlm73 folded before Flop (didn't bet)
Seat 5: Alimash collected ($2.85)
Seat 6: 666balu folded on the Flop
Seat 7: Alameda22 folded before Flop (didn't bet)
Seat 8: WooLeeJung (button) folded before Flop (didn't bet)
Seat 9: Krassancho (small blind) folded before Flop



PokerStars Game #19578158849:  Hold'em No Limit ($0.10/$0.25) - 2008/08/13 - 00:51:44 (ET)
Table 'Amnestia III' 9-max Seat #9 is the button
Seat 1: DERUY ($33.35 in chips) 
Seat 2: gjc256 ($5.50 in chips) 
Seat 3: aLaN426 ($5 in chips) 
Seat 4: pzlm73 ($20.85 in chips) 
Seat 5: Alimash ($24.60 in chips) 
Seat 6: 666balu ($3.65 in chips) 
Seat 7: Alameda22 ($23.45 in chips) 
Seat 8: WooLeeJung ($25.95 in chips) 
Seat 9: Krassancho ($24.05 in chips) 
DERUY: posts small blind $0.10
gjc256: posts big blind $0.25
*** HOLE CARDS ***
Dealt to Alameda22 [2s 4h]
aLaN426: calls $0.25
pzlm73: folds 
Alimash: folds 
666balu: folds 
Alameda22: folds 
WooLeeJung: folds 
Krassancho: folds 
DERUY: folds 
gjc256: checks 
*** FLOP *** [9c 5h 8s]
gjc256: checks 
aLaN426: bets $0.25
gjc256: folds 
Uncalled bet ($0.25) returned to aLaN426
aLaN426 collected $0.60 from pot
aLaN426: doesn't show hand 
*** SUMMARY ***
Total pot $0.60 | Rake $0 
Board [9c 5h 8s]
Seat 1: DERUY (small blind) folded before Flop
Seat 2: gjc256 (big blind) folded on the Flop
Seat 3: aLaN426 collected ($0.60)
Seat 4: pzlm73 folded before Flop (didn't bet)
Seat 5: Alimash folded before Flop (didn't bet)
Seat 6: 666balu folded before Flop (didn't bet)
Seat 7: Alameda22 folded before Flop (didn't bet)
Seat 8: WooLeeJung folded before Flop (didn't bet)
Seat 9: Krassancho (button) folded before Flop (didn't bet)



PokerStars Game #19578171089:  Hold'em No Limit ($0.10/$0.25) - 2008/08/13 - 00:52:30 (ET)
Table 'Amnestia III' 9-max Seat #1 is the button
Seat 1: DERUY ($33.25 in chips) 
Seat 2: gjc256 ($5.25 in chips) 
Seat 3: aLaN426 ($5.35 in chips) 
Seat 4: pzlm73 ($20.85 in chips) 
Seat 5: Alimash ($24.60 in chips) 
Seat 6: 666balu ($3.65 in chips) 
Seat 7: Alameda22 ($23.45 in chips) 
Seat 8: WooLeeJung ($25.95 in chips) 
Seat 9: Krassancho ($24.05 in chips) 
gjc256: posts small blind $0.10
aLaN426: posts big blind $0.25
*** HOLE CARDS ***
Dealt to Alameda22 [8c 6c]
pzlm73: folds 
Alimash: folds 
666balu: calls $0.25
Alameda22: folds 
WooLeeJung: folds 
pzlm73 leaves the table
Krassancho: folds 
DERUY: calls $0.25
gjc256: calls $0.15
aLaN426: checks 
*** FLOP *** [5h 5c Ts]
gjc256: checks 
aLaN426: checks 
666balu: bets $0.75
DERUY: folds 
gjc256: calls $0.75
aLaN426: folds 
*** TURN *** [5h 5c Ts] [7c]
gjc256: checks 
666balu: bets $1
gjc256: raises $1.65 to $2.65
666balu: calls $1.65 and is all-in
*** RIVER *** [5h 5c Ts 7c] [4h]
*** SHOW DOWN ***
gjc256: shows [3c 5d] (three of a kind, Fives)
666balu: shows [9h Td] (two pair, Tens and Fives)
666balu leaves the table
gjc256 collected $7.45 from pot
*** SUMMARY ***
Total pot $7.80 | Rake $0.35 
Board [5h 5c Ts 7c 4h]
Seat 1: DERUY (button) folded on the Flop
Seat 2: gjc256 (small blind) showed [3c 5d] and won ($7.45) with three of a kind, Fives
Seat 3: aLaN426 (big blind) folded on the Flop
Seat 4: pzlm73 folded before Flop (didn't bet)
Seat 5: Alimash folded before Flop (didn't bet)
Seat 6: 666balu showed [9h Td] and lost with two pair, Tens and Fives
Seat 7: Alameda22 folded before Flop (didn't bet)
Seat 8: WooLeeJung folded before Flop (didn't bet)
Seat 9: Krassancho folded before Flop (didn't bet)



PokerStars Game #19578192304:  Hold'em No Limit ($0.10/$0.25) - 2008/08/13 - 00:53:51 (ET)
Table 'Amnestia III' 9-max Seat #2 is the button
Seat 1: DERUY ($33 in chips) 
Seat 2: gjc256 ($9.05 in chips) 
Seat 3: aLaN426 ($5.10 in chips) 
Seat 5: Alimash ($24.60 in chips) 
Seat 7: Alameda22 ($23.45 in chips) 
Seat 8: WooLeeJung ($25.95 in chips) 
Seat 9: Krassancho ($24.05 in chips) 
aLaN426: posts small blind $0.10
Alimash: posts big blind $0.25
*** HOLE CARDS ***
Dealt to Alameda22 [Ah 4h]
Alameda22: folds 
WooLeeJung: folds 
Krassancho: folds 
Krassancho leaves the table
DERUY: folds 
gjc256: folds 
aLaN426: calls $0.15
Alimash: checks 
*** FLOP *** [2s Jh Ts]
aLaN426: checks 
Alimash: bets $0.50
aLaN426: folds 
Uncalled bet ($0.50) returned to Alimash
Alimash collected $0.50 from pot
Alimash: doesn't show hand 
*** SUMMARY ***
Total pot $0.50 | Rake $0 
Board [2s Jh Ts]
Seat 1: DERUY folded before Flop (didn't bet)
Seat 2: gjc256 (button) folded before Flop (didn't bet)
Seat 3: aLaN426 (small blind) folded on the Flop
Seat 5: Alimash (big blind) collected ($0.50)
Seat 7: Alameda22 folded before Flop (didn't bet)
Seat 8: WooLeeJung folded before Flop (didn't bet)
Seat 9: Krassancho folded before Flop (didn't bet)



PokerStars Game #19578203922:  Hold'em No Limit ($0.10/$0.25) - 2008/08/13 - 00:54:36 (ET)
Table 'Amnestia III' 9-max Seat #3 is the button
Seat 1: DERUY ($33 in chips) 
Seat 2: gjc256 ($9.05 in chips) 
Seat 3: aLaN426 ($4.85 in chips) 
Seat 5: Alimash ($24.85 in chips) 
Seat 7: Alameda22 ($23.45 in chips) 
Seat 8: WooLeeJung ($25.95 in chips) 
Alimash: posts small blind $0.10
Alameda22: posts big blind $0.25
*** HOLE CARDS ***
Dealt to Alameda22 [4c 4d]
WooLeeJung: calls $0.25
DERUY: folds 
gjc256: folds 
aLaN426: raises $0.75 to $1
Alimash: folds 
Alameda22: folds 
WooLeeJung: calls $0.75
*** FLOP *** [As 9h 6c]
WooLeeJung: checks 
aLaN426: bets $1
WooLeeJung: raises $3 to $4
aLaN426: calls $2.85 and is all-in
Uncalled bet ($0.15) returned to WooLeeJung
*** TURN *** [As 9h 6c] [7c]
*** RIVER *** [As 9h 6c 7c] [Jc]
*** SHOW DOWN ***
WooLeeJung: shows [Qs Ah] (a pair of Aces)
aLaN426: mucks hand 
WooLeeJung collected $9.60 from pot
*** SUMMARY ***
Total pot $10.05 | Rake $0.45 
Board [As 9h 6c 7c Jc]
Seat 1: DERUY folded before Flop (didn't bet)
Seat 2: gjc256 folded before Flop (didn't bet)
Seat 3: aLaN426 (button) mucked [8h Kh]
Seat 5: Alimash (small blind) folded before Flop
Seat 7: Alameda22 (big blind) folded before Flop
Seat 8: WooLeeJung showed [Qs Ah] and won ($9.60) with a pair of Aces



PokerStars Game #19578221896:  Hold'em No Limit ($0.10/$0.25) - 2008/08/13 - 00:55:45 (ET)
Table 'Amnestia III' 9-max Seat #5 is the button
Seat 1: DERUY ($33 in chips) 
Seat 2: gjc256 ($9.05 in chips) 
Seat 5: Alimash ($24.75 in chips) 
Seat 7: Alameda22 ($23.20 in chips) 
Seat 8: WooLeeJung ($30.70 in chips) 
Alameda22: posts small blind $0.10
WooLeeJung: posts big blind $0.25
*** HOLE CARDS ***
Dealt to Alameda22 [3h 5c]
aLaN426 leaves the table
DERUY: folds 
gjc256: folds 
Alimash: folds 
Alameda22: folds 
Uncalled bet ($0.15) returned to WooLeeJung
WooLeeJung collected $0.20 from pot
WooLeeJung: doesn't show hand 
*** SUMMARY ***
Total pot $0.20 | Rake $0 
Seat 1: DERUY folded before Flop (didn't bet)
Seat 2: gjc256 folded before Flop (didn't bet)
Seat 5: Alimash (button) folded before Flop (didn't bet)
Seat 7: Alameda22 (small blind) folded before Flop
Seat 8: WooLeeJung (big blind) collected ($0.20)



