PokerStars Game #20078781745:  Hold'em No Limit ($0.10/$0.25) - 2008/09/01 - 21:02:46 (ET)
Table 'Kitalpha' 9-max Seat #3 is the button
Seat 1: joging26 ($3.50 in chips) 
Seat 2: Cardini 23 ($34.05 in chips) 
Seat 3: _vig_ ($22.70 in chips) 
Seat 4: jjppoo ($25.65 in chips) 
Seat 5: Alameda22 ($25 in chips) 
Seat 6: TiLtTiLtT1Lt ($20.25 in chips) 
Seat 7: Zockerqlb ($7.65 in chips) 
Seat 8: roadrunertoo ($10.55 in chips) 
Seat 9: xwarlockx ($26.75 in chips) 
jjppoo: posts small blind $0.10
Alameda22: posts big blind $0.25
*** HOLE CARDS ***
Dealt to Alameda22 [6s 5h]
TiLtTiLtT1Lt: folds 
Zockerqlb: folds 
roadrunertoo: calls $0.25
xwarlockx: folds 
joging26: folds 
Cardini 23: folds 
_vig_: folds 
jjppoo: folds 
Alameda22: checks 
*** FLOP *** [Kd 2d Qd]
Alameda22: checks 
roadrunertoo: checks 
*** TURN *** [Kd 2d Qd] [Qc]
Alameda22: checks 
roadrunertoo: checks 
*** RIVER *** [Kd 2d Qd Qc] [Ah]
Alameda22: checks 
roadrunertoo: bets $0.25
Alameda22: folds 
Uncalled bet ($0.25) returned to roadrunertoo
roadrunertoo collected $0.60 from pot
roadrunertoo: doesn't show hand 
*** SUMMARY ***
Total pot $0.60 | Rake $0 
Board [Kd 2d Qd Qc Ah]
Seat 1: joging26 folded before Flop (didn't bet)
Seat 2: Cardini 23 folded before Flop (didn't bet)
Seat 3: _vig_ (button) folded before Flop (didn't bet)
Seat 4: jjppoo (small blind) folded before Flop
Seat 5: Alameda22 (big blind) folded on the River
Seat 6: TiLtTiLtT1Lt folded before Flop (didn't bet)
Seat 7: Zockerqlb folded before Flop (didn't bet)
Seat 8: roadrunertoo collected ($0.60)
Seat 9: xwarlockx folded before Flop (didn't bet)



PokerStars Game #20078821508:  Hold'em No Limit ($0.10/$0.25) - 2008/09/01 - 21:04:43 (ET)
Table 'Kitalpha' 9-max Seat #4 is the button
Seat 1: joging26 ($3.50 in chips) 
Seat 2: Cardini 23 ($34.05 in chips) 
Seat 3: _vig_ ($22.70 in chips) 
Seat 4: jjppoo ($25.55 in chips) 
Seat 5: Alameda22 ($24.75 in chips) 
Seat 6: TiLtTiLtT1Lt ($20.25 in chips) 
Seat 7: Zockerqlb ($7.65 in chips) 
Seat 8: roadrunertoo ($10.90 in chips) 
Seat 9: xwarlockx ($26.75 in chips) 
Alameda22: posts small blind $0.10
TiLtTiLtT1Lt: posts big blind $0.25
*** HOLE CARDS ***
Dealt to Alameda22 [Ah 9h]
Zockerqlb: raises $0.75 to $1
roadrunertoo: folds 
xwarlockx: folds 
joging26: folds 
Cardini 23: folds 
_vig_: folds 
jjppoo: folds 
Alameda22: folds 
TiLtTiLtT1Lt: folds 
Uncalled bet ($0.75) returned to Zockerqlb
Zockerqlb collected $0.60 from pot
Zockerqlb: doesn't show hand 
*** SUMMARY ***
Total pot $0.60 | Rake $0 
Seat 1: joging26 folded before Flop (didn't bet)
Seat 2: Cardini 23 folded before Flop (didn't bet)
Seat 3: _vig_ folded before Flop (didn't bet)
Seat 4: jjppoo (button) folded before Flop (didn't bet)
Seat 5: Alameda22 (small blind) folded before Flop
Seat 6: TiLtTiLtT1Lt (big blind) folded before Flop
Seat 7: Zockerqlb collected ($0.60)
Seat 8: roadrunertoo folded before Flop (didn't bet)
Seat 9: xwarlockx folded before Flop (didn't bet)



PokerStars Game #20078844453:  Hold'em No Limit ($0.10/$0.25) - 2008/09/01 - 21:05:45 (ET)
Table 'Kitalpha' 9-max Seat #5 is the button
Seat 1: joging26 ($3.50 in chips) 
Seat 2: Cardini 23 ($34.05 in chips) 
Seat 3: _vig_ ($22.70 in chips) 
Seat 4: jjppoo ($25.55 in chips) 
Seat 5: Alameda22 ($24.65 in chips) 
Seat 6: TiLtTiLtT1Lt ($20 in chips) 
Seat 8: roadrunertoo ($10.90 in chips) 
Seat 9: xwarlockx ($26.75 in chips) 
TiLtTiLtT1Lt: posts small blind $0.10
Zockerqlb: is sitting out 
Zockerqlb leaves the table
roadrunertoo: posts big blind $0.25
*** HOLE CARDS ***
Dealt to Alameda22 [Qc Kc]
xwarlockx: folds 
joging26: folds 
Cardini 23: folds 
_vig_: folds 
jjppoo: folds 
Alameda22: raises $0.75 to $1
TiLtTiLtT1Lt: folds 
roadrunertoo: folds 
Uncalled bet ($0.75) returned to Alameda22
Alameda22 collected $0.60 from pot
Alameda22: doesn't show hand 
*** SUMMARY ***
Total pot $0.60 | Rake $0 
Seat 1: joging26 folded before Flop (didn't bet)
Seat 2: Cardini 23 folded before Flop (didn't bet)
Seat 3: _vig_ folded before Flop (didn't bet)
Seat 4: jjppoo folded before Flop (didn't bet)
Seat 5: Alameda22 (button) collected ($0.60)
Seat 6: TiLtTiLtT1Lt (small blind) folded before Flop
Seat 8: roadrunertoo (big blind) folded before Flop
Seat 9: xwarlockx folded before Flop (didn't bet)



PokerStars Game #20078869613:  Hold'em No Limit ($0.10/$0.25) - 2008/09/01 - 21:06:53 (ET)
Table 'Kitalpha' 9-max Seat #6 is the button
Seat 1: joging26 ($3.50 in chips) 
Seat 2: Cardini 23 ($34.05 in chips) 
Seat 3: _vig_ ($22.70 in chips) 
Seat 4: jjppoo ($25.55 in chips) 
Seat 5: Alameda22 ($25 in chips) 
Seat 6: TiLtTiLtT1Lt ($19.90 in chips) 
Seat 8: roadrunertoo ($10.65 in chips) 
Seat 9: xwarlockx ($26.75 in chips) 
roadrunertoo: posts small blind $0.10
xwarlockx: posts big blind $0.25
*** HOLE CARDS ***
Dealt to Alameda22 [5s 3c]
joging26: folds 
Cardini 23: folds 
horacles joins the table at seat #7 
_vig_: folds 
jjppoo: folds 
Alameda22: folds 
TiLtTiLtT1Lt: folds 
roadrunertoo: calls $0.15
xwarlockx: raises $0.25 to $0.50
roadrunertoo: calls $0.25
*** FLOP *** [3s Qc 3h]
roadrunertoo: checks 
xwarlockx: checks 
*** TURN *** [3s Qc 3h] [5d]
roadrunertoo: bets $0.25
xwarlockx: calls $0.25
*** RIVER *** [3s Qc 3h 5d] [9h]
roadrunertoo: bets $1.25
xwarlockx: folds 
Uncalled bet ($1.25) returned to roadrunertoo
roadrunertoo collected $1.45 from pot
*** SUMMARY ***
Total pot $1.50 | Rake $0.05 
Board [3s Qc 3h 5d 9h]
Seat 1: joging26 folded before Flop (didn't bet)
Seat 2: Cardini 23 folded before Flop (didn't bet)
Seat 3: _vig_ folded before Flop (didn't bet)
Seat 4: jjppoo folded before Flop (didn't bet)
Seat 5: Alameda22 folded before Flop (didn't bet)
Seat 6: TiLtTiLtT1Lt (button) folded before Flop (didn't bet)
Seat 8: roadrunertoo (small blind) collected ($1.45)
Seat 9: xwarlockx (big blind) folded on the River



PokerStars Game #20078893734:  Hold'em No Limit ($0.10/$0.25) - 2008/09/01 - 21:07:58 (ET)
Table 'Kitalpha' 9-max Seat #8 is the button
Seat 1: joging26 ($3.50 in chips) 
Seat 2: Cardini 23 ($34.05 in chips) 
Seat 3: _vig_ ($22.70 in chips) 
Seat 4: jjppoo ($25.55 in chips) 
Seat 5: Alameda22 ($25 in chips) 
Seat 6: TiLtTiLtT1Lt ($19.90 in chips) 
Seat 8: roadrunertoo ($11.35 in chips) 
Seat 9: xwarlockx ($26 in chips) 
xwarlockx: posts small blind $0.10
joging26: posts big blind $0.25
horacles: sits out 
*** HOLE CARDS ***
Dealt to Alameda22 [Jd 9c]
Cardini 23: folds 
_vig_: folds 
jjppoo: folds 
Alameda22: folds 
TiLtTiLtT1Lt: raises $0.50 to $0.75
roadrunertoo: folds 
xwarlockx: folds 
joging26: folds 
Uncalled bet ($0.50) returned to TiLtTiLtT1Lt
TiLtTiLtT1Lt collected $0.60 from pot
TiLtTiLtT1Lt: doesn't show hand 
*** SUMMARY ***
Total pot $0.60 | Rake $0 
Seat 1: joging26 (big blind) folded before Flop
Seat 2: Cardini 23 folded before Flop (didn't bet)
Seat 3: _vig_ folded before Flop (didn't bet)
Seat 4: jjppoo folded before Flop (didn't bet)
Seat 5: Alameda22 folded before Flop (didn't bet)
Seat 6: TiLtTiLtT1Lt collected ($0.60)
Seat 8: roadrunertoo (button) folded before Flop (didn't bet)
Seat 9: xwarlockx (small blind) folded before Flop



PokerStars Game #20078905739:  Hold'em No Limit ($0.10/$0.25) - 2008/09/01 - 21:08:29 (ET)
Table 'Kitalpha' 9-max Seat #9 is the button
Seat 1: joging26 ($3.25 in chips) 
Seat 2: Cardini 23 ($34.05 in chips) 
Seat 3: _vig_ ($22.70 in chips) 
Seat 4: jjppoo ($25.55 in chips) 
Seat 5: Alameda22 ($25 in chips) 
Seat 6: TiLtTiLtT1Lt ($20.25 in chips) 
Seat 8: roadrunertoo ($11.35 in chips) 
Seat 9: xwarlockx ($25.90 in chips) 
joging26: posts small blind $0.10
Cardini 23: posts big blind $0.25
horacles: sits out 
*** HOLE CARDS ***
Dealt to Alameda22 [8c Kh]
_vig_: folds 
jjppoo: folds 
Alameda22: folds 
TiLtTiLtT1Lt: folds 
roadrunertoo: folds 
xwarlockx: folds 
joging26: calls $0.15
Cardini 23: checks 
*** FLOP *** [Tc Jh 5d]
joging26: bets $0.25
Cardini 23: folds 
Uncalled bet ($0.25) returned to joging26
joging26 collected $0.50 from pot
joging26: doesn't show hand 
*** SUMMARY ***
Total pot $0.50 | Rake $0 
Board [Tc Jh 5d]
Seat 1: joging26 (small blind) collected ($0.50)
Seat 2: Cardini 23 (big blind) folded on the Flop
Seat 3: _vig_ folded before Flop (didn't bet)
Seat 4: jjppoo folded before Flop (didn't bet)
Seat 5: Alameda22 folded before Flop (didn't bet)
Seat 6: TiLtTiLtT1Lt folded before Flop (didn't bet)
Seat 8: roadrunertoo folded before Flop (didn't bet)
Seat 9: xwarlockx (button) folded before Flop (didn't bet)



PokerStars Game #20078922877:  Hold'em No Limit ($0.10/$0.25) - 2008/09/01 - 21:09:15 (ET)
Table 'Kitalpha' 9-max Seat #1 is the button
Seat 1: joging26 ($3.50 in chips) 
Seat 2: Cardini 23 ($33.80 in chips) 
Seat 3: _vig_ ($22.70 in chips) 
Seat 4: jjppoo ($25.55 in chips) 
Seat 5: Alameda22 ($25 in chips) 
Seat 6: TiLtTiLtT1Lt ($20.25 in chips) 
Seat 8: roadrunertoo ($11.35 in chips) 
Seat 9: xwarlockx ($25.90 in chips) 
Cardini 23: posts small blind $0.10
_vig_: posts big blind $0.25
horacles: sits out 
*** HOLE CARDS ***
Dealt to Alameda22 [Th Ah]
jjppoo: folds 
Alameda22: folds 
TiLtTiLtT1Lt: folds 
roadrunertoo: calls $0.25
xwarlockx: folds 
joging26: raises $0.75 to $1
Cardini 23: folds 
_vig_: folds 
roadrunertoo: calls $0.75
*** FLOP *** [4d 6s 9c]
roadrunertoo: checks 
joging26: bets $1.25
roadrunertoo: calls $1.25
*** TURN *** [4d 6s 9c] [4h]
roadrunertoo: bets $3
joging26: calls $1.25 and is all-in
Uncalled bet ($1.75) returned to roadrunertoo
*** RIVER *** [4d 6s 9c 4h] [8h]
*** SHOW DOWN ***
roadrunertoo: shows [8s Jc] (two pair, Eights and Fours)
joging26: mucks hand 
roadrunertoo collected $7 from pot
joging26 leaves the table
*** SUMMARY ***
Total pot $7.35 | Rake $0.35 
Board [4d 6s 9c 4h 8h]
Seat 1: joging26 (button) mucked [Qs Ad]
Seat 2: Cardini 23 (small blind) folded before Flop
Seat 3: _vig_ (big blind) folded before Flop
Seat 4: jjppoo folded before Flop (didn't bet)
Seat 5: Alameda22 folded before Flop (didn't bet)
Seat 6: TiLtTiLtT1Lt folded before Flop (didn't bet)
Seat 8: roadrunertoo showed [8s Jc] and won ($7) with two pair, Eights and Fours
Seat 9: xwarlockx folded before Flop (didn't bet)



PokerStars Game #20078948190:  Hold'em No Limit ($0.10/$0.25) - 2008/09/01 - 21:10:22 (ET)
Table 'Kitalpha' 9-max Seat #2 is the button
Seat 2: Cardini 23 ($33.70 in chips) 
Seat 3: _vig_ ($22.45 in chips) 
Seat 4: jjppoo ($25.55 in chips) 
Seat 5: Alameda22 ($25 in chips) 
Seat 6: TiLtTiLtT1Lt ($20.25 in chips) 
Seat 8: roadrunertoo ($14.85 in chips) 
Seat 9: xwarlockx ($25.90 in chips) 
_vig_: posts small blind $0.10
jjppoo: posts big blind $0.25
horacles: sits out 
*** HOLE CARDS ***
Dealt to Alameda22 [4h 3h]
Alameda22: folds 
lolly1980 joins the table at seat #1 
TiLtTiLtT1Lt: folds 
roadrunertoo: calls $0.25
xwarlockx: folds 
Cardini 23: folds 
_vig_: calls $0.15
jjppoo: checks 
*** FLOP *** [2s Qd Qs]
_vig_: checks 
jjppoo: checks 
roadrunertoo: checks 
*** TURN *** [2s Qd Qs] [Th]
_vig_: checks 
jjppoo: bets $0.50
roadrunertoo: calls $0.50
_vig_: folds 
*** RIVER *** [2s Qd Qs Th] [Ad]
jjppoo: bets $1.75
roadrunertoo: calls $1.75
*** SHOW DOWN ***
jjppoo: shows [Ks Qc] (three of a kind, Queens)
roadrunertoo: mucks hand 
jjppoo collected $5 from pot
*** SUMMARY ***
Total pot $5.25 | Rake $0.25 
Board [2s Qd Qs Th Ad]
Seat 2: Cardini 23 (button) folded before Flop (didn't bet)
Seat 3: _vig_ (small blind) folded on the Turn
Seat 4: jjppoo (big blind) showed [Ks Qc] and won ($5) with three of a kind, Queens
Seat 5: Alameda22 folded before Flop (didn't bet)
Seat 6: TiLtTiLtT1Lt folded before Flop (didn't bet)
Seat 8: roadrunertoo mucked [2c Tc]
Seat 9: xwarlockx folded before Flop (didn't bet)



PokerStars Game #20078978856:  Hold'em No Limit ($0.10/$0.25) - 2008/09/01 - 21:11:44 (ET)
Table 'Kitalpha' 9-max Seat #3 is the button
Seat 2: Cardini 23 ($33.70 in chips) 
Seat 3: _vig_ ($22.20 in chips) 
Seat 4: jjppoo ($28.05 in chips) 
Seat 5: Alameda22 ($25 in chips) 
Seat 6: TiLtTiLtT1Lt ($20.25 in chips) 
Seat 8: roadrunertoo ($12.35 in chips) 
Seat 9: xwarlockx ($25.90 in chips) 
jjppoo: posts small blind $0.10
Alameda22: posts big blind $0.25
horacles: sits out 
lolly1980: sits out 
*** HOLE CARDS ***
Dealt to Alameda22 [Kh As]
TiLtTiLtT1Lt: folds 
roadrunertoo: calls $0.25
xwarlockx: folds 
Cardini 23: folds 
_vig_: raises $1 to $1.25
jjppoo: folds 
Alameda22: calls $1
roadrunertoo: folds 
*** FLOP *** [8s Ac 5h]
Alameda22: bets $1.75
_vig_: folds 
Uncalled bet ($1.75) returned to Alameda22
Alameda22 collected $2.75 from pot
Alameda22: doesn't show hand 
*** SUMMARY ***
Total pot $2.85 | Rake $0.10 
Board [8s Ac 5h]
Seat 2: Cardini 23 folded before Flop (didn't bet)
Seat 3: _vig_ (button) folded on the Flop
Seat 4: jjppoo (small blind) folded before Flop
Seat 5: Alameda22 (big blind) collected ($2.75)
Seat 6: TiLtTiLtT1Lt folded before Flop (didn't bet)
Seat 8: roadrunertoo folded before Flop
Seat 9: xwarlockx folded before Flop (didn't bet)



PokerStars Game #20079008464:  Hold'em No Limit ($0.10/$0.25) - 2008/09/01 - 21:13:03 (ET)
Table 'Kitalpha' 9-max Seat #4 is the button
Seat 2: Cardini 23 ($33.70 in chips) 
Seat 3: _vig_ ($20.95 in chips) 
Seat 4: jjppoo ($27.95 in chips) 
Seat 5: Alameda22 ($26.50 in chips) 
Seat 6: TiLtTiLtT1Lt ($20.25 in chips) 
Seat 8: roadrunertoo ($12.10 in chips) 
Seat 9: xwarlockx ($25.90 in chips) 
Alameda22: posts small blind $0.10
TiLtTiLtT1Lt: posts big blind $0.25
horacles: sits out 
lolly1980: sits out 
*** HOLE CARDS ***
Dealt to Alameda22 [2h Qs]
roadrunertoo: folds 
xwarlockx: folds 
Cardini 23: folds 
_vig_: calls $0.25
jjppoo: calls $0.25
Alameda22: folds 
TiLtTiLtT1Lt: checks 
*** FLOP *** [7s Ts 8c]
TiLtTiLtT1Lt: checks 
_vig_: checks 
jjppoo: checks 
*** TURN *** [7s Ts 8c] [3h]
TiLtTiLtT1Lt: bets $0.75
_vig_: folds 
jjppoo: folds 
Uncalled bet ($0.75) returned to TiLtTiLtT1Lt
TiLtTiLtT1Lt collected $0.85 from pot
TiLtTiLtT1Lt: doesn't show hand 
*** SUMMARY ***
Total pot $0.85 | Rake $0 
Board [7s Ts 8c 3h]
Seat 2: Cardini 23 folded before Flop (didn't bet)
Seat 3: _vig_ folded on the Turn
Seat 4: jjppoo (button) folded on the Turn
Seat 5: Alameda22 (small blind) folded before Flop
Seat 6: TiLtTiLtT1Lt (big blind) collected ($0.85)
Seat 8: roadrunertoo folded before Flop (didn't bet)
Seat 9: xwarlockx folded before Flop (didn't bet)



PokerStars Game #20079028531:  Hold'em No Limit ($0.10/$0.25) - 2008/09/01 - 21:13:56 (ET)
Table 'Kitalpha' 9-max Seat #5 is the button
Seat 2: Cardini 23 ($33.70 in chips) 
Seat 3: _vig_ ($20.70 in chips) 
Seat 4: jjppoo ($27.70 in chips) 
Seat 5: Alameda22 ($26.40 in chips) 
Seat 6: TiLtTiLtT1Lt ($20.85 in chips) 
Seat 7: horacles ($25 in chips) 
Seat 8: roadrunertoo ($12.10 in chips) 
Seat 9: xwarlockx ($25.90 in chips) 
TiLtTiLtT1Lt: posts small blind $0.10
horacles: posts big blind $0.25
lolly1980: sits out 
*** HOLE CARDS ***
Dealt to Alameda22 [Qh 2c]
roadrunertoo: folds 
xwarlockx: folds 
Cardini 23: folds 
_vig_: folds 
jjppoo: raises $0.50 to $0.75
Alameda22: folds 
TiLtTiLtT1Lt: folds 
horacles: calls $0.50
*** FLOP *** [5c Td 2d]
horacles: checks 
jjppoo: bets $1.50
horacles: raises $2.50 to $4
jjppoo: folds 
Uncalled bet ($2.50) returned to horacles
horacles collected $4.40 from pot
*** SUMMARY ***
Total pot $4.60 | Rake $0.20 
Board [5c Td 2d]
Seat 2: Cardini 23 folded before Flop (didn't bet)
Seat 3: _vig_ folded before Flop (didn't bet)
Seat 4: jjppoo folded on the Flop
Seat 5: Alameda22 (button) folded before Flop (didn't bet)
Seat 6: TiLtTiLtT1Lt (small blind) folded before Flop
Seat 7: horacles (big blind) collected ($4.40)
Seat 8: roadrunertoo folded before Flop (didn't bet)
Seat 9: xwarlockx folded before Flop (didn't bet)



PokerStars Game #20079059086:  Hold'em No Limit ($0.10/$0.25) - 2008/09/01 - 21:15:16 (ET)
Table 'Kitalpha' 9-max Seat #6 is the button
Seat 2: Cardini 23 ($33.70 in chips) 
Seat 3: _vig_ ($20.70 in chips) 
Seat 4: jjppoo ($25.45 in chips) 
Seat 5: Alameda22 ($26.40 in chips) 
Seat 6: TiLtTiLtT1Lt ($20.75 in chips) 
Seat 7: horacles ($27.15 in chips) 
Seat 8: roadrunertoo ($12.10 in chips) 
Seat 9: xwarlockx ($25.90 in chips) 
horacles: posts small blind $0.10
roadrunertoo: posts big blind $0.25
lolly1980: sits out 
*** HOLE CARDS ***
Dealt to Alameda22 [2d 7c]
xwarlockx: folds 
Cardini 23: folds 
_vig_: calls $0.25
jjppoo: folds 
Alameda22: folds 
TiLtTiLtT1Lt: folds 
horacles: raises $1 to $1.25
roadrunertoo: folds 
_vig_: calls $1
*** FLOP *** [7d 4d Ks]
horacles: bets $2
_vig_: calls $2
*** TURN *** [7d 4d Ks] [Jh]
horacles: bets $3.75
_vig_: calls $3.75
*** RIVER *** [7d 4d Ks Jh] [5d]
horacles: checks 
_vig_: bets $4.50
horacles: calls $4.50
*** SHOW DOWN ***
_vig_: shows [Td 9d] (a flush, Ten high)
horacles: mucks hand 
_vig_ collected $22.15 from pot
*** SUMMARY ***
Total pot $23.25 | Rake $1.10 
Board [7d 4d Ks Jh 5d]
Seat 2: Cardini 23 folded before Flop (didn't bet)
Seat 3: _vig_ showed [Td 9d] and won ($22.15) with a flush, Ten high
Seat 4: jjppoo folded before Flop (didn't bet)
Seat 5: Alameda22 folded before Flop (didn't bet)
Seat 6: TiLtTiLtT1Lt (button) folded before Flop (didn't bet)
Seat 7: horacles (small blind) mucked [Kh Qh]
Seat 8: roadrunertoo (big blind) folded before Flop
Seat 9: xwarlockx folded before Flop (didn't bet)



PokerStars Game #20079112964:  Hold'em No Limit ($0.10/$0.25) - 2008/09/01 - 21:17:38 (ET)
Table 'Kitalpha' 9-max Seat #7 is the button
Seat 1: lolly1980 ($5 in chips) 
Seat 2: Cardini 23 ($33.70 in chips) 
Seat 3: _vig_ ($31.35 in chips) 
Seat 4: jjppoo ($25.45 in chips) 
Seat 5: Alameda22 ($26.40 in chips) 
Seat 6: TiLtTiLtT1Lt ($20.75 in chips) 
Seat 7: horacles ($15.65 in chips) 
Seat 8: roadrunertoo ($11.85 in chips) 
roadrunertoo: posts small blind $0.10
xwarlockx: is sitting out 
xwarlockx leaves the table
snowpepsi joins the table at seat #9 
lolly1980: posts big blind $0.25
*** HOLE CARDS ***
Dealt to Alameda22 [6d 4d]
Cardini 23: calls $0.25
_vig_: folds 
jjppoo: folds 
Alameda22: folds 
TiLtTiLtT1Lt: folds 
horacles: folds 
roadrunertoo: calls $0.15
lolly1980: checks 
*** FLOP *** [Ac Jc Ks]
roadrunertoo: checks 
lolly1980: checks 
Cardini 23: checks 
*** TURN *** [Ac Jc Ks] [3s]
roadrunertoo: bets $0.25
lolly1980: folds 
Cardini 23: folds 
Uncalled bet ($0.25) returned to roadrunertoo
roadrunertoo collected $0.75 from pot
*** SUMMARY ***
Total pot $0.75 | Rake $0 
Board [Ac Jc Ks 3s]
Seat 1: lolly1980 (big blind) folded on the Turn
Seat 2: Cardini 23 folded on the Turn
Seat 3: _vig_ folded before Flop (didn't bet)
Seat 4: jjppoo folded before Flop (didn't bet)
Seat 5: Alameda22 folded before Flop (didn't bet)
Seat 6: TiLtTiLtT1Lt folded before Flop (didn't bet)
Seat 7: horacles (button) folded before Flop (didn't bet)
Seat 8: roadrunertoo (small blind) collected ($0.75)



PokerStars Game #20079146219:  Hold'em No Limit ($0.10/$0.25) - 2008/09/01 - 21:19:05 (ET)
Table 'Kitalpha' 9-max Seat #8 is the button
Seat 1: lolly1980 ($4.75 in chips) 
Seat 2: Cardini 23 ($33.45 in chips) 
Seat 3: _vig_ ($31.35 in chips) 
Seat 4: jjppoo ($25.45 in chips) 
Seat 5: Alameda22 ($26.40 in chips) 
Seat 6: TiLtTiLtT1Lt ($20.75 in chips) 
Seat 7: horacles ($25 in chips) 
Seat 8: roadrunertoo ($12.35 in chips) 
snowpepsi will be allowed to play after the button
lolly1980: posts small blind $0.10
Cardini 23: posts big blind $0.25
*** HOLE CARDS ***
Dealt to Alameda22 [3c Th]
_vig_: folds 
jjppoo: folds 
Alameda22: folds 
TiLtTiLtT1Lt: folds 
horacles: folds 
roadrunertoo: folds 
lolly1980: folds 
Uncalled bet ($0.15) returned to Cardini 23
Cardini 23 collected $0.20 from pot
Cardini 23: doesn't show hand 
*** SUMMARY ***
Total pot $0.20 | Rake $0 
Seat 1: lolly1980 (small blind) folded before Flop
Seat 2: Cardini 23 (big blind) collected ($0.20)
Seat 3: _vig_ folded before Flop (didn't bet)
Seat 4: jjppoo folded before Flop (didn't bet)
Seat 5: Alameda22 folded before Flop (didn't bet)
Seat 6: TiLtTiLtT1Lt folded before Flop (didn't bet)
Seat 7: horacles folded before Flop (didn't bet)
Seat 8: roadrunertoo (button) folded before Flop (didn't bet)



PokerStars Game #20079164177:  Hold'em No Limit ($0.10/$0.25) - 2008/09/01 - 21:19:53 (ET)
Table 'Kitalpha' 9-max Seat #1 is the button
Seat 1: lolly1980 ($4.65 in chips) 
Seat 2: Cardini 23 ($33.55 in chips) 
Seat 3: _vig_ ($31.35 in chips) 
Seat 4: jjppoo ($25.45 in chips) 
Seat 5: Alameda22 ($26.40 in chips) 
Seat 6: TiLtTiLtT1Lt ($20.75 in chips) 
Seat 7: horacles ($25 in chips) 
Seat 8: roadrunertoo ($12.35 in chips) 
Seat 9: snowpepsi ($25 in chips) 
Cardini 23: posts small blind $0.10
_vig_: posts big blind $0.25
snowpepsi: posts big blind $0.25
*** HOLE CARDS ***
Dealt to Alameda22 [8h 9d]
jjppoo: folds 
Alameda22: folds 
TiLtTiLtT1Lt: folds 
horacles: calls $0.25
roadrunertoo: calls $0.25
snowpepsi: checks 
lolly1980: folds 
Cardini 23: calls $0.15
_vig_: checks 
*** FLOP *** [7d Qs Jd]
Cardini 23: checks 
_vig_: checks 
horacles: checks 
roadrunertoo: checks 
snowpepsi: checks 
*** TURN *** [7d Qs Jd] [Qd]
Cardini 23: checks 
_vig_: checks 
horacles: checks 
roadrunertoo: checks 
snowpepsi: checks 
*** RIVER *** [7d Qs Jd Qd] [Js]
Cardini 23: checks 
_vig_: checks 
horacles: checks 
roadrunertoo: checks 
snowpepsi: checks 
*** SHOW DOWN ***
Cardini 23: shows [9c Jh] (a full house, Jacks full of Queens)
_vig_: mucks hand 
horacles: mucks hand 
roadrunertoo: mucks hand 
snowpepsi: mucks hand 
Cardini 23 collected $1.20 from pot
*** SUMMARY ***
Total pot $1.25 | Rake $0.05 
Board [7d Qs Jd Qd Js]
Seat 1: lolly1980 (button) folded before Flop (didn't bet)
Seat 2: Cardini 23 (small blind) showed [9c Jh] and won ($1.20) with a full house, Jacks full of Queens
Seat 3: _vig_ (big blind) mucked [Kh 4s]
Seat 4: jjppoo folded before Flop (didn't bet)
Seat 5: Alameda22 folded before Flop (didn't bet)
Seat 6: TiLtTiLtT1Lt folded before Flop (didn't bet)
Seat 7: horacles mucked [5s Ks]
Seat 8: roadrunertoo mucked [Ah 9h]
Seat 9: snowpepsi mucked [2c Th]



PokerStars Game #20079211194:  Hold'em No Limit ($0.10/$0.25) - 2008/09/01 - 21:21:56 (ET)
Table 'Kitalpha' 9-max Seat #2 is the button
Seat 1: lolly1980 ($4.65 in chips) 
Seat 2: Cardini 23 ($34.50 in chips) 
Seat 3: _vig_ ($31.10 in chips) 
Seat 4: jjppoo ($25.45 in chips) 
Seat 5: Alameda22 ($26.40 in chips) 
Seat 6: TiLtTiLtT1Lt ($20.75 in chips) 
Seat 7: horacles ($24.75 in chips) 
Seat 8: roadrunertoo ($12.10 in chips) 
Seat 9: snowpepsi ($24.75 in chips) 
_vig_: posts small blind $0.10
jjppoo: posts big blind $0.25
*** HOLE CARDS ***
Dealt to Alameda22 [3d Th]
Alameda22: folds 
TiLtTiLtT1Lt: folds 
horacles: folds 
roadrunertoo: folds 
snowpepsi: folds 
lolly1980: folds 
Cardini 23: raises $0.75 to $1
_vig_: folds 
jjppoo: folds 
Uncalled bet ($0.75) returned to Cardini 23
Cardini 23 collected $0.60 from pot
Cardini 23: doesn't show hand 
*** SUMMARY ***
Total pot $0.60 | Rake $0 
Seat 1: lolly1980 folded before Flop (didn't bet)
Seat 2: Cardini 23 (button) collected ($0.60)
Seat 3: _vig_ (small blind) folded before Flop
Seat 4: jjppoo (big blind) folded before Flop
Seat 5: Alameda22 folded before Flop (didn't bet)
Seat 6: TiLtTiLtT1Lt folded before Flop (didn't bet)
Seat 7: horacles folded before Flop (didn't bet)
Seat 8: roadrunertoo folded before Flop (didn't bet)
Seat 9: snowpepsi folded before Flop (didn't bet)



PokerStars Game #20079228908:  Hold'em No Limit ($0.10/$0.25) - 2008/09/01 - 21:22:43 (ET)
Table 'Kitalpha' 9-max Seat #3 is the button
Seat 1: lolly1980 ($4.65 in chips) 
Seat 2: Cardini 23 ($34.85 in chips) 
Seat 3: _vig_ ($31 in chips) 
Seat 4: jjppoo ($25.20 in chips) 
Seat 5: Alameda22 ($26.40 in chips) 
Seat 6: TiLtTiLtT1Lt ($20.75 in chips) 
Seat 7: horacles ($24.75 in chips) 
Seat 8: roadrunertoo ($12.10 in chips) 
Seat 9: snowpepsi ($24.75 in chips) 
jjppoo: posts small blind $0.10
Alameda22: posts big blind $0.25
*** HOLE CARDS ***
Dealt to Alameda22 [Jc 2c]
TiLtTiLtT1Lt: folds 
horacles: folds 
roadrunertoo: calls $0.25
snowpepsi: folds 
lolly1980: folds 
Cardini 23: folds 
_vig_: folds 
jjppoo: folds 
Alameda22: checks 
*** FLOP *** [Kh Kc 2s]
Alameda22: checks 
roadrunertoo: bets $1
Alameda22: folds 
Uncalled bet ($1) returned to roadrunertoo
roadrunertoo collected $0.60 from pot
roadrunertoo: doesn't show hand 
*** SUMMARY ***
Total pot $0.60 | Rake $0 
Board [Kh Kc 2s]
Seat 1: lolly1980 folded before Flop (didn't bet)
Seat 2: Cardini 23 folded before Flop (didn't bet)
Seat 3: _vig_ (button) folded before Flop (didn't bet)
Seat 4: jjppoo (small blind) folded before Flop
Seat 5: Alameda22 (big blind) folded on the Flop
Seat 6: TiLtTiLtT1Lt folded before Flop (didn't bet)
Seat 7: horacles folded before Flop (didn't bet)
Seat 8: roadrunertoo collected ($0.60)
Seat 9: snowpepsi folded before Flop (didn't bet)



PokerStars Game #20079253600:  Hold'em No Limit ($0.10/$0.25) - 2008/09/01 - 21:23:48 (ET)
Table 'Kitalpha' 9-max Seat #4 is the button
Seat 1: lolly1980 ($4.65 in chips) 
Seat 2: Cardini 23 ($34.85 in chips) 
Seat 3: _vig_ ($31 in chips) 
Seat 4: jjppoo ($25.10 in chips) 
Seat 5: Alameda22 ($26.15 in chips) 
Seat 6: TiLtTiLtT1Lt ($20.75 in chips) 
Seat 7: horacles ($24.75 in chips) 
Seat 8: roadrunertoo ($12.45 in chips) 
Seat 9: snowpepsi ($24.75 in chips) 
Alameda22: posts small blind $0.10
TiLtTiLtT1Lt: posts big blind $0.25
*** HOLE CARDS ***
Dealt to Alameda22 [8s 3c]
horacles: folds 
roadrunertoo: calls $0.25
snowpepsi: raises $1 to $1.25
lolly1980: folds 
Cardini 23: folds 
_vig_: folds 
jjppoo: folds 
Alameda22: folds 
TiLtTiLtT1Lt: folds 
roadrunertoo: folds 
Uncalled bet ($1) returned to snowpepsi
snowpepsi collected $0.85 from pot
*** SUMMARY ***
Total pot $0.85 | Rake $0 
Seat 1: lolly1980 folded before Flop (didn't bet)
Seat 2: Cardini 23 folded before Flop (didn't bet)
Seat 3: _vig_ folded before Flop (didn't bet)
Seat 4: jjppoo (button) folded before Flop (didn't bet)
Seat 5: Alameda22 (small blind) folded before Flop
Seat 6: TiLtTiLtT1Lt (big blind) folded before Flop
Seat 7: horacles folded before Flop (didn't bet)
Seat 8: roadrunertoo folded before Flop
Seat 9: snowpepsi collected ($0.85)



PokerStars Game #20079273089:  Hold'em No Limit ($0.10/$0.25) - 2008/09/01 - 21:24:40 (ET)
Table 'Kitalpha' 9-max Seat #5 is the button
Seat 1: lolly1980 ($4.65 in chips) 
Seat 2: Cardini 23 ($34.85 in chips) 
Seat 3: _vig_ ($31 in chips) 
Seat 4: jjppoo ($25.10 in chips) 
Seat 5: Alameda22 ($26.05 in chips) 
Seat 6: TiLtTiLtT1Lt ($20.50 in chips) 
Seat 7: horacles ($24.75 in chips) 
Seat 8: roadrunertoo ($12.20 in chips) 
Seat 9: snowpepsi ($25.35 in chips) 
TiLtTiLtT1Lt: posts small blind $0.10
horacles: posts big blind $0.25
*** HOLE CARDS ***
Dealt to Alameda22 [6s 3s]
roadrunertoo: folds 
snowpepsi: folds 
lolly1980: folds 
Cardini 23: folds 
_vig_: raises $1 to $1.25
jjppoo: folds 
Alameda22: folds 
TiLtTiLtT1Lt: folds 
horacles: folds 
Uncalled bet ($1) returned to _vig_
_vig_ collected $0.60 from pot
_vig_: doesn't show hand 
*** SUMMARY ***
Total pot $0.60 | Rake $0 
Seat 1: lolly1980 folded before Flop (didn't bet)
Seat 2: Cardini 23 folded before Flop (didn't bet)
Seat 3: _vig_ collected ($0.60)
Seat 4: jjppoo folded before Flop (didn't bet)
Seat 5: Alameda22 (button) folded before Flop (didn't bet)
Seat 6: TiLtTiLtT1Lt (small blind) folded before Flop
Seat 7: horacles (big blind) folded before Flop
Seat 8: roadrunertoo folded before Flop (didn't bet)
Seat 9: snowpepsi folded before Flop (didn't bet)



PokerStars Game #20079291691:  Hold'em No Limit ($0.10/$0.25) - 2008/09/01 - 21:25:29 (ET)
Table 'Kitalpha' 9-max Seat #6 is the button
Seat 1: lolly1980 ($4.65 in chips) 
Seat 2: Cardini 23 ($34.85 in chips) 
Seat 3: _vig_ ($31.35 in chips) 
Seat 4: jjppoo ($25.10 in chips) 
Seat 5: Alameda22 ($26.05 in chips) 
Seat 6: TiLtTiLtT1Lt ($20.40 in chips) 
Seat 7: horacles ($24.50 in chips) 
Seat 8: roadrunertoo ($12.20 in chips) 
Seat 9: snowpepsi ($25.35 in chips) 
horacles: posts small blind $0.10
roadrunertoo: posts big blind $0.25
*** HOLE CARDS ***
Dealt to Alameda22 [2d Jd]
snowpepsi: calls $0.25
lolly1980: folds 
Cardini 23: folds 
_vig_: folds 
jjppoo: folds 
Alameda22: folds 
TiLtTiLtT1Lt: folds 
horacles: folds 
roadrunertoo: checks 
*** FLOP *** [6s As Qd]
roadrunertoo: checks 
snowpepsi: bets $0.75
roadrunertoo: folds 
Uncalled bet ($0.75) returned to snowpepsi
snowpepsi collected $0.60 from pot
*** SUMMARY ***
Total pot $0.60 | Rake $0 
Board [6s As Qd]
Seat 1: lolly1980 folded before Flop (didn't bet)
Seat 2: Cardini 23 folded before Flop (didn't bet)
Seat 3: _vig_ folded before Flop (didn't bet)
Seat 4: jjppoo folded before Flop (didn't bet)
Seat 5: Alameda22 folded before Flop (didn't bet)
Seat 6: TiLtTiLtT1Lt (button) folded before Flop (didn't bet)
Seat 7: horacles (small blind) folded before Flop
Seat 8: roadrunertoo (big blind) folded on the Flop
Seat 9: snowpepsi collected ($0.60)



PokerStars Game #20079315092:  Hold'em No Limit ($0.10/$0.25) - 2008/09/01 - 21:26:31 (ET)
Table 'Kitalpha' 9-max Seat #7 is the button
Seat 1: lolly1980 ($4.65 in chips) 
Seat 2: Cardini 23 ($34.85 in chips) 
Seat 3: _vig_ ($31.35 in chips) 
Seat 4: jjppoo ($25.10 in chips) 
Seat 5: Alameda22 ($26.05 in chips) 
Seat 6: TiLtTiLtT1Lt ($20.40 in chips) 
Seat 7: horacles ($24.40 in chips) 
Seat 8: roadrunertoo ($11.95 in chips) 
Seat 9: snowpepsi ($25.70 in chips) 
roadrunertoo: posts small blind $0.10
snowpepsi: posts big blind $0.25
*** HOLE CARDS ***
Dealt to Alameda22 [8s 9d]
lolly1980: folds 
Cardini 23: folds 
_vig_: folds 
jjppoo: folds 
Alameda22: folds 
TiLtTiLtT1Lt: folds 
horacles: folds 
roadrunertoo: calls $0.15
snowpepsi: checks 
*** FLOP *** [3s Jd 2c]
roadrunertoo: checks 
snowpepsi: checks 
*** TURN *** [3s Jd 2c] [4s]
roadrunertoo: bets $0.25
snowpepsi: folds 
Uncalled bet ($0.25) returned to roadrunertoo
roadrunertoo collected $0.50 from pot
roadrunertoo: doesn't show hand 
*** SUMMARY ***
Total pot $0.50 | Rake $0 
Board [3s Jd 2c 4s]
Seat 1: lolly1980 folded before Flop (didn't bet)
Seat 2: Cardini 23 folded before Flop (didn't bet)
Seat 3: _vig_ folded before Flop (didn't bet)
Seat 4: jjppoo folded before Flop (didn't bet)
Seat 5: Alameda22 folded before Flop (didn't bet)
Seat 6: TiLtTiLtT1Lt folded before Flop (didn't bet)
Seat 7: horacles (button) folded before Flop (didn't bet)
Seat 8: roadrunertoo (small blind) collected ($0.50)
Seat 9: snowpepsi (big blind) folded on the Turn



PokerStars Game #20079340103:  Hold'em No Limit ($0.10/$0.25) - 2008/09/01 - 21:27:37 (ET)
Table 'Kitalpha' 9-max Seat #8 is the button
Seat 1: lolly1980 ($4.65 in chips) 
Seat 2: Cardini 23 ($34.85 in chips) 
Seat 3: _vig_ ($31.35 in chips) 
Seat 4: jjppoo ($25.10 in chips) 
Seat 5: Alameda22 ($26.05 in chips) 
Seat 6: TiLtTiLtT1Lt ($20.40 in chips) 
Seat 7: horacles ($24.40 in chips) 
Seat 8: roadrunertoo ($12.20 in chips) 
Seat 9: snowpepsi ($25.45 in chips) 
snowpepsi: posts small blind $0.10
lolly1980: posts big blind $0.25
*** HOLE CARDS ***
Dealt to Alameda22 [2h 6h]
Cardini 23: folds 
_vig_: calls $0.25
jjppoo: folds 
Alameda22: folds 
TiLtTiLtT1Lt: folds 
horacles: calls $0.25
roadrunertoo: folds 
snowpepsi: folds 
lolly1980: checks 
*** FLOP *** [Ac Ad 7s]
lolly1980: checks 
_vig_: checks 
horacles: checks 
*** TURN *** [Ac Ad 7s] [Qh]
lolly1980: checks 
_vig_: checks 
horacles: checks 
*** RIVER *** [Ac Ad 7s Qh] [Qd]
lolly1980: checks 
_vig_: checks 
horacles: checks 
*** SHOW DOWN ***
lolly1980: shows [Kh 8h] (two pair, Aces and Queens)
_vig_: mucks hand 
horacles: mucks hand 
lolly1980 collected $0.85 from pot
*** SUMMARY ***
Total pot $0.85 | Rake $0 
Board [Ac Ad 7s Qh Qd]
Seat 1: lolly1980 (big blind) showed [Kh 8h] and won ($0.85) with two pair, Aces and Queens
Seat 2: Cardini 23 folded before Flop (didn't bet)
Seat 3: _vig_ mucked [8d 9d]
Seat 4: jjppoo folded before Flop (didn't bet)
Seat 5: Alameda22 folded before Flop (didn't bet)
Seat 6: TiLtTiLtT1Lt folded before Flop (didn't bet)
Seat 7: horacles mucked [Ts Jh]
Seat 8: roadrunertoo (button) folded before Flop (didn't bet)
Seat 9: snowpepsi (small blind) folded before Flop



PokerStars Game #20079378122:  Hold'em No Limit ($0.10/$0.25) - 2008/09/01 - 21:29:19 (ET)
Table 'Kitalpha' 9-max Seat #9 is the button
Seat 1: lolly1980 ($5.25 in chips) 
Seat 3: _vig_ ($31.10 in chips) 
Seat 4: jjppoo ($25.10 in chips) 
Seat 5: Alameda22 ($26.05 in chips) 
Seat 6: TiLtTiLtT1Lt ($20.40 in chips) 
Seat 7: horacles ($24.15 in chips) 
Seat 8: roadrunertoo ($12.20 in chips) 
Seat 9: snowpepsi ($25.35 in chips) 
lolly1980: posts small blind $0.10
Cardini 23: is sitting out 
Cardini 23 leaves the table
_vig_: posts big blind $0.25
*** HOLE CARDS ***
Dealt to Alameda22 [5d Tc]
jjppoo: calls $0.25
Alameda22: folds 
TiLtTiLtT1Lt: calls $0.25
horacles: calls $0.25
roadrunertoo: raises $0.75 to $1
snowpepsi: folds 
lolly1980: folds 
_vig_: folds 
jjppoo: calls $0.75
TiLtTiLtT1Lt: calls $0.75
horacles: calls $0.75
*** FLOP *** [7h 6s 2h]
jjppoo: checks 
TiLtTiLtT1Lt: bets $2
horacles: folds 
roadrunertoo: raises $9.20 to $11.20 and is all-in
jjppoo: folds 
TiLtTiLtT1Lt: folds 
Uncalled bet ($9.20) returned to roadrunertoo
roadrunertoo collected $7.95 from pot
roadrunertoo: doesn't show hand 
*** SUMMARY ***
Total pot $8.35 | Rake $0.40 
Board [7h 6s 2h]
Seat 1: lolly1980 (small blind) folded before Flop
Seat 3: _vig_ (big blind) folded before Flop
Seat 4: jjppoo folded on the Flop
Seat 5: Alameda22 folded before Flop (didn't bet)
Seat 6: TiLtTiLtT1Lt folded on the Flop
Seat 7: horacles folded on the Flop
Seat 8: roadrunertoo collected ($7.95)
Seat 9: snowpepsi (button) folded before Flop (didn't bet)



PokerStars Game #20079425090:  Hold'em No Limit ($0.10/$0.25) - 2008/09/01 - 21:31:24 (ET)
Table 'Kitalpha' 9-max Seat #1 is the button
Seat 1: lolly1980 ($5.15 in chips) 
Seat 3: _vig_ ($30.85 in chips) 
Seat 4: jjppoo ($24.10 in chips) 
Seat 5: Alameda22 ($26.05 in chips) 
Seat 6: TiLtTiLtT1Lt ($17.40 in chips) 
Seat 7: horacles ($23.15 in chips) 
Seat 8: roadrunertoo ($17.15 in chips) 
Seat 9: snowpepsi ($25.35 in chips) 
_vig_: posts small blind $0.10
jjppoo: posts big blind $0.25
*** HOLE CARDS ***
Dealt to Alameda22 [8s 9c]
Alameda22: folds 
jasons0147 joins the table at seat #2 
TiLtTiLtT1Lt: folds 
horacles: folds 
roadrunertoo: folds 
snowpepsi: folds 
lolly1980: folds 
_vig_: calls $0.15
jjppoo: checks 
*** FLOP *** [2c Qc 9d]
_vig_: checks 
jjppoo: bets $0.50
_vig_: calls $0.50
*** TURN *** [2c Qc 9d] [6h]
_vig_: checks 
jjppoo: bets $1.50
_vig_: folds 
Uncalled bet ($1.50) returned to jjppoo
jjppoo collected $1.45 from pot
jjppoo: doesn't show hand 
*** SUMMARY ***
Total pot $1.50 | Rake $0.05 
Board [2c Qc 9d 6h]
Seat 1: lolly1980 (button) folded before Flop (didn't bet)
Seat 3: _vig_ (small blind) folded on the Turn
Seat 4: jjppoo (big blind) collected ($1.45)
Seat 5: Alameda22 folded before Flop (didn't bet)
Seat 6: TiLtTiLtT1Lt folded before Flop (didn't bet)
Seat 7: horacles folded before Flop (didn't bet)
Seat 8: roadrunertoo folded before Flop (didn't bet)
Seat 9: snowpepsi folded before Flop (didn't bet)



PokerStars Game #20079461148:  Hold'em No Limit ($0.10/$0.25) - 2008/09/01 - 21:33:01 (ET)
Table 'Kitalpha' 9-max Seat #3 is the button
Seat 1: lolly1980 ($5.15 in chips) 
Seat 3: _vig_ ($30.10 in chips) 
Seat 4: jjppoo ($24.80 in chips) 
Seat 5: Alameda22 ($26.05 in chips) 
Seat 6: TiLtTiLtT1Lt ($17.40 in chips) 
Seat 7: horacles ($23.15 in chips) 
Seat 8: roadrunertoo ($17.15 in chips) 
Seat 9: snowpepsi ($25.35 in chips) 
jjppoo: posts small blind $0.10
Alameda22: posts big blind $0.25
jasons0147: sits out 
*** HOLE CARDS ***
Dealt to Alameda22 [5h 6c]
TiLtTiLtT1Lt: calls $0.25
horacles: calls $0.25
roadrunertoo: folds 
snowpepsi: folds 
lolly1980: raises $1 to $1.25
_vig_: folds 
jjppoo: folds 
Alameda22: folds 
TiLtTiLtT1Lt: calls $1
horacles: calls $1
*** FLOP *** [9d Ad Js]
TiLtTiLtT1Lt: checks 
horacles: checks 
lolly1980: bets $3.90 and is all-in
TiLtTiLtT1Lt: calls $3.90
horacles: folds 
*** TURN *** [9d Ad Js] [Jc]
*** RIVER *** [9d Ad Js Jc] [Kc]
*** SHOW DOWN ***
TiLtTiLtT1Lt: shows [8h Th] (a pair of Jacks)
lolly1980: shows [Qd Ac] (two pair, Aces and Jacks)
lolly1980 collected $11.35 from pot
*** SUMMARY ***
Total pot $11.90 | Rake $0.55 
Board [9d Ad Js Jc Kc]
Seat 1: lolly1980 showed [Qd Ac] and won ($11.35) with two pair, Aces and Jacks
Seat 3: _vig_ (button) folded before Flop (didn't bet)
Seat 4: jjppoo (small blind) folded before Flop
Seat 5: Alameda22 (big blind) folded before Flop
Seat 6: TiLtTiLtT1Lt showed [8h Th] and lost with a pair of Jacks
Seat 7: horacles folded on the Flop
Seat 8: roadrunertoo folded before Flop (didn't bet)
Seat 9: snowpepsi folded before Flop (didn't bet)



PokerStars Game #20079490550:  Hold'em No Limit ($0.10/$0.25) - 2008/09/01 - 21:34:21 (ET)
Table 'Kitalpha' 9-max Seat #4 is the button
Seat 1: lolly1980 ($11.35 in chips) 
Seat 3: _vig_ ($30.10 in chips) 
Seat 4: jjppoo ($24.70 in chips) 
Seat 5: Alameda22 ($25.80 in chips) 
Seat 6: TiLtTiLtT1Lt ($12.25 in chips) 
Seat 7: horacles ($21.90 in chips) 
Seat 8: roadrunertoo ($17.15 in chips) 
Seat 9: snowpepsi ($25.35 in chips) 
Alameda22: posts small blind $0.10
TiLtTiLtT1Lt: posts big blind $0.25
jasons0147: sits out 
*** HOLE CARDS ***
Dealt to Alameda22 [Ks Jc]
horacles: folds 
roadrunertoo: folds 
snowpepsi: folds 
lolly1980: folds 
_vig_: folds 
jjppoo: folds 
Alameda22: folds 
Uncalled bet ($0.15) returned to TiLtTiLtT1Lt
TiLtTiLtT1Lt collected $0.20 from pot
TiLtTiLtT1Lt: doesn't show hand 
*** SUMMARY ***
Total pot $0.20 | Rake $0 
Seat 1: lolly1980 folded before Flop (didn't bet)
Seat 3: _vig_ folded before Flop (didn't bet)
Seat 4: jjppoo (button) folded before Flop (didn't bet)
Seat 5: Alameda22 (small blind) folded before Flop
Seat 6: TiLtTiLtT1Lt (big blind) collected ($0.20)
Seat 7: horacles folded before Flop (didn't bet)
Seat 8: roadrunertoo folded before Flop (didn't bet)
Seat 9: snowpepsi folded before Flop (didn't bet)



PokerStars Game #20079501401:  Hold'em No Limit ($0.10/$0.25) - 2008/09/01 - 21:34:50 (ET)
Table 'Kitalpha' 9-max Seat #5 is the button
Seat 1: lolly1980 ($11.35 in chips) 
Seat 3: _vig_ ($30.10 in chips) 
Seat 4: jjppoo ($24.70 in chips) 
Seat 5: Alameda22 ($25.70 in chips) 
Seat 6: TiLtTiLtT1Lt ($12.35 in chips) 
Seat 7: horacles ($21.90 in chips) 
Seat 8: roadrunertoo ($17.15 in chips) 
Seat 9: snowpepsi ($25.35 in chips) 
TiLtTiLtT1Lt: posts small blind $0.10
horacles: posts big blind $0.25
jasons0147: sits out 
*** HOLE CARDS ***
Dealt to Alameda22 [5d Ah]
roadrunertoo: folds 
snowpepsi: folds 
lolly1980: folds 
_vig_: folds 
jjppoo: raises $0.50 to $0.75
Alameda22: folds 
TiLtTiLtT1Lt: folds 
horacles: calls $0.50
*** FLOP *** [7c Qd 3s]
horacles: checks 
jjppoo: checks 
*** TURN *** [7c Qd 3s] [8d]
horacles: checks 
jjppoo: bets $1
horacles: folds 
Uncalled bet ($1) returned to jjppoo
jjppoo collected $1.55 from pot
jjppoo: doesn't show hand 
*** SUMMARY ***
Total pot $1.60 | Rake $0.05 
Board [7c Qd 3s 8d]
Seat 1: lolly1980 folded before Flop (didn't bet)
Seat 3: _vig_ folded before Flop (didn't bet)
Seat 4: jjppoo collected ($1.55)
Seat 5: Alameda22 (button) folded before Flop (didn't bet)
Seat 6: TiLtTiLtT1Lt (small blind) folded before Flop
Seat 7: horacles (big blind) folded on the Turn
Seat 8: roadrunertoo folded before Flop (didn't bet)
Seat 9: snowpepsi folded before Flop (didn't bet)



PokerStars Game #20079526433:  Hold'em No Limit ($0.10/$0.25) - 2008/09/01 - 21:35:58 (ET)
Table 'Kitalpha' 9-max Seat #6 is the button
Seat 1: lolly1980 ($11.35 in chips) 
Seat 3: _vig_ ($30.10 in chips) 
Seat 4: jjppoo ($25.50 in chips) 
Seat 5: Alameda22 ($25.70 in chips) 
Seat 6: TiLtTiLtT1Lt ($12.25 in chips) 
Seat 7: horacles ($21.15 in chips) 
Seat 8: roadrunertoo ($17.15 in chips) 
Seat 9: snowpepsi ($25.35 in chips) 
horacles: posts small blind $0.10
roadrunertoo: posts big blind $0.25
jasons0147: sits out 
*** HOLE CARDS ***
Dealt to Alameda22 [Qd Kh]
snowpepsi: folds 
lolly1980: folds 
_vig_: raises $1 to $1.25
jjppoo: calls $1.25
Alameda22: folds 
TiLtTiLtT1Lt: folds 
horacles: folds 
roadrunertoo: folds 
*** FLOP *** [2c 2d 4c]
_vig_: bets $1.75
jjppoo: calls $1.75
*** TURN *** [2c 2d 4c] [6d]
_vig_: bets $2.25
jjppoo: calls $2.25
*** RIVER *** [2c 2d 4c 6d] [5h]
_vig_: checks 
jjppoo: checks 
*** SHOW DOWN ***
_vig_: shows [Kd Ks] (two pair, Kings and Deuces)
jjppoo: mucks hand 
_vig_ collected $10.35 from pot
*** SUMMARY ***
Total pot $10.85 | Rake $0.50 
Board [2c 2d 4c 6d 5h]
Seat 1: lolly1980 folded before Flop (didn't bet)
Seat 3: _vig_ showed [Kd Ks] and won ($10.35) with two pair, Kings and Deuces
Seat 4: jjppoo mucked [Jc Ac]
Seat 5: Alameda22 folded before Flop (didn't bet)
Seat 6: TiLtTiLtT1Lt (button) folded before Flop (didn't bet)
Seat 7: horacles (small blind) folded before Flop
Seat 8: roadrunertoo (big blind) folded before Flop
Seat 9: snowpepsi folded before Flop (didn't bet)



PokerStars Game #20079555562:  Hold'em No Limit ($0.10/$0.25) - 2008/09/01 - 21:37:16 (ET)
Table 'Kitalpha' 9-max Seat #7 is the button
Seat 1: lolly1980 ($11.35 in chips) 
Seat 3: _vig_ ($35.20 in chips) 
Seat 4: jjppoo ($20.25 in chips) 
Seat 5: Alameda22 ($25.70 in chips) 
Seat 6: TiLtTiLtT1Lt ($12.25 in chips) 
Seat 7: horacles ($21.05 in chips) 
Seat 8: roadrunertoo ($16.90 in chips) 
Seat 9: snowpepsi ($25.35 in chips) 
roadrunertoo: posts small blind $0.10
snowpepsi: posts big blind $0.25
jasons0147: sits out 
*** HOLE CARDS ***
Dealt to Alameda22 [6d 4c]
lolly1980: folds 
_vig_: folds 
jjppoo: folds 
Alameda22: folds 
TiLtTiLtT1Lt: raises $0.50 to $0.75
horacles: folds 
roadrunertoo: raises $3.75 to $4.50
snowpepsi: folds 
TiLtTiLtT1Lt: folds 
Uncalled bet ($3.75) returned to roadrunertoo
roadrunertoo collected $1.75 from pot
roadrunertoo: doesn't show hand 
*** SUMMARY ***
Total pot $1.75 | Rake $0 
Seat 1: lolly1980 folded before Flop (didn't bet)
Seat 3: _vig_ folded before Flop (didn't bet)
Seat 4: jjppoo folded before Flop (didn't bet)
Seat 5: Alameda22 folded before Flop (didn't bet)
Seat 6: TiLtTiLtT1Lt folded before Flop
Seat 7: horacles (button) folded before Flop (didn't bet)
Seat 8: roadrunertoo (small blind) collected ($1.75)
Seat 9: snowpepsi (big blind) folded before Flop



PokerStars Game #20079577949:  Hold'em No Limit ($0.10/$0.25) - 2008/09/01 - 21:38:17 (ET)
Table 'Kitalpha' 9-max Seat #8 is the button
Seat 2: jasons0147 ($25 in chips) 
Seat 3: _vig_ ($35.20 in chips) 
Seat 4: jjppoo ($20.25 in chips) 
Seat 5: Alameda22 ($25.70 in chips) 
Seat 6: TiLtTiLtT1Lt ($11.50 in chips) 
Seat 7: horacles ($25 in chips) 
Seat 8: roadrunertoo ($17.90 in chips) 
Seat 9: snowpepsi ($25.10 in chips) 
snowpepsi: posts small blind $0.10
lolly1980: is sitting out 
lolly1980 leaves the table
jasons0147: posts big blind $0.25
*** HOLE CARDS ***
Dealt to Alameda22 [8s 5d]
_vig_: folds 
jjppoo: folds 
Alameda22: folds 
TiLtTiLtT1Lt: folds 
yjqian23 joins the table at seat #1 
horacles: raises $0.75 to $1
roadrunertoo: folds 
snowpepsi: folds 
jasons0147: folds 
Uncalled bet ($0.75) returned to horacles
horacles collected $0.60 from pot
*** SUMMARY ***
Total pot $0.60 | Rake $0 
Seat 2: jasons0147 (big blind) folded before Flop
Seat 3: _vig_ folded before Flop (didn't bet)
Seat 4: jjppoo folded before Flop (didn't bet)
Seat 5: Alameda22 folded before Flop (didn't bet)
Seat 6: TiLtTiLtT1Lt folded before Flop (didn't bet)
Seat 7: horacles collected ($0.60)
Seat 8: roadrunertoo (button) folded before Flop (didn't bet)
Seat 9: snowpepsi (small blind) folded before Flop



PokerStars Game #20079598692:  Hold'em No Limit ($0.10/$0.25) - 2008/09/01 - 21:39:12 (ET)
Table 'Kitalpha' 9-max Seat #9 is the button
Seat 2: jasons0147 ($25 in chips) 
Seat 3: _vig_ ($35.20 in chips) 
Seat 4: jjppoo ($20.25 in chips) 
Seat 5: Alameda22 ($25.70 in chips) 
Seat 6: TiLtTiLtT1Lt ($11.50 in chips) 
Seat 7: horacles ($25.35 in chips) 
Seat 8: roadrunertoo ($17.90 in chips) 
Seat 9: snowpepsi ($25 in chips) 
yjqian23 will be allowed to play after the button
jasons0147: posts small blind $0.10
_vig_: posts big blind $0.25
*** HOLE CARDS ***
Dealt to Alameda22 [6c Qs]
jjppoo: folds 
Alameda22: folds 
TiLtTiLtT1Lt: calls $0.25
horacles: folds 
roadrunertoo: calls $0.25
snowpepsi: raises $1.25 to $1.50
jasons0147: folds 
_vig_: calls $1.25
TiLtTiLtT1Lt: folds 
roadrunertoo: calls $1.25
*** FLOP *** [6s 8s 2s]
_vig_: checks 
roadrunertoo: bets $6.25
snowpepsi: folds 
_vig_: folds 
Uncalled bet ($6.25) returned to roadrunertoo
roadrunertoo collected $4.65 from pot
roadrunertoo: doesn't show hand 
*** SUMMARY ***
Total pot $4.85 | Rake $0.20 
Board [6s 8s 2s]
Seat 2: jasons0147 (small blind) folded before Flop
Seat 3: _vig_ (big blind) folded on the Flop
Seat 4: jjppoo folded before Flop (didn't bet)
Seat 5: Alameda22 folded before Flop (didn't bet)
Seat 6: TiLtTiLtT1Lt folded before Flop
Seat 7: horacles folded before Flop (didn't bet)
Seat 8: roadrunertoo collected ($4.65)
Seat 9: snowpepsi (button) folded on the Flop



PokerStars Game #20079623774:  Hold'em No Limit ($0.10/$0.25) - 2008/09/01 - 21:40:21 (ET)
Table 'Kitalpha' 9-max Seat #2 is the button
Seat 2: jasons0147 ($25 in chips) 
Seat 3: _vig_ ($33.70 in chips) 
Seat 4: jjppoo ($20.25 in chips) 
Seat 5: Alameda22 ($25.70 in chips) 
Seat 6: TiLtTiLtT1Lt ($11.25 in chips) 
Seat 7: horacles ($25.35 in chips) 
Seat 8: roadrunertoo ($21.05 in chips) 
Seat 9: snowpepsi ($23.50 in chips) 
_vig_: posts small blind $0.10
jjppoo: posts big blind $0.25
yjqian23: sits out 
*** HOLE CARDS ***
Dealt to Alameda22 [Kc 2s]
Alameda22: folds 
TiLtTiLtT1Lt: folds 
horacles: folds 
roadrunertoo: folds 
snowpepsi: folds 
jasons0147: raises $0.50 to $0.75
_vig_: folds 
jjppoo: folds 
Uncalled bet ($0.50) returned to jasons0147
jasons0147 collected $0.60 from pot
jasons0147: doesn't show hand 
*** SUMMARY ***
Total pot $0.60 | Rake $0 
Seat 2: jasons0147 (button) collected ($0.60)
Seat 3: _vig_ (small blind) folded before Flop
Seat 4: jjppoo (big blind) folded before Flop
Seat 5: Alameda22 folded before Flop (didn't bet)
Seat 6: TiLtTiLtT1Lt folded before Flop (didn't bet)
Seat 7: horacles folded before Flop (didn't bet)
Seat 8: roadrunertoo folded before Flop (didn't bet)
Seat 9: snowpepsi folded before Flop (didn't bet)



PokerStars Game #20079658804:  Hold'em No Limit ($0.10/$0.25) - 2008/09/01 - 21:41:52 (ET)
Table 'Kitalpha' 9-max Seat #3 is the button
Seat 2: jasons0147 ($25.35 in chips) 
Seat 3: _vig_ ($33.60 in chips) 
Seat 4: jjppoo ($20 in chips) 
Seat 5: Alameda22 ($25.70 in chips) 
Seat 6: TiLtTiLtT1Lt ($11.25 in chips) 
Seat 7: horacles ($25.35 in chips) 
Seat 8: roadrunertoo ($21.05 in chips) 
Seat 9: snowpepsi ($23.50 in chips) 
jjppoo: posts small blind $0.10
Alameda22: posts big blind $0.25
yjqian23: sits out 
*** HOLE CARDS ***
Dealt to Alameda22 [Ts Jd]
TiLtTiLtT1Lt: calls $0.25
horacles: folds 
roadrunertoo: folds 
snowpepsi: calls $0.25
jasons0147: folds 
_vig_: folds 
jjppoo: folds 
Alameda22: checks 
*** FLOP *** [Th 4c 8h]
Alameda22: checks 
TiLtTiLtT1Lt: bets $0.50
snowpepsi: folds 
Alameda22: folds 
Uncalled bet ($0.50) returned to TiLtTiLtT1Lt
TiLtTiLtT1Lt collected $0.85 from pot
TiLtTiLtT1Lt is sitting out
TiLtTiLtT1Lt: doesn't show hand 
*** SUMMARY ***
Total pot $0.85 | Rake $0 
Board [Th 4c 8h]
Seat 2: jasons0147 folded before Flop (didn't bet)
Seat 3: _vig_ (button) folded before Flop (didn't bet)
Seat 4: jjppoo (small blind) folded before Flop
Seat 5: Alameda22 (big blind) folded on the Flop
Seat 6: TiLtTiLtT1Lt collected ($0.85)
Seat 7: horacles folded before Flop (didn't bet)
Seat 8: roadrunertoo folded before Flop (didn't bet)
Seat 9: snowpepsi folded on the Flop



PokerStars Game #20079687232:  Hold'em No Limit ($0.10/$0.25) - 2008/09/01 - 21:43:06 (ET)
Table 'Kitalpha' 9-max Seat #4 is the button
Seat 2: jasons0147 ($25.35 in chips) 
Seat 3: _vig_ ($33.60 in chips) 
Seat 4: jjppoo ($19.90 in chips) 
Seat 5: Alameda22 ($25.45 in chips) 
Seat 7: horacles ($25.35 in chips) 
Seat 8: roadrunertoo ($21.05 in chips) 
Seat 9: snowpepsi ($23.25 in chips) 
Alameda22: posts small blind $0.10
horacles: posts big blind $0.25
yjqian23: sits out 
*** HOLE CARDS ***
Dealt to Alameda22 [Kh 9c]
TiLtTiLtT1Lt leaves the table
roadrunertoo: calls $0.25
snowpepsi: folds 
jasons0147: folds 
_vig_: raises $1 to $1.25
jjppoo: folds 
Alameda22: folds 
horacles: folds 
roadrunertoo: calls $1
*** FLOP *** [Tc 8d Qs]
roadrunertoo: checks 
_vig_: bets $1.75
roadrunertoo: calls $1.75
*** TURN *** [Tc 8d Qs] [3h]
roadrunertoo: checks 
_vig_: checks 
*** RIVER *** [Tc 8d Qs 3h] [Ac]
roadrunertoo: bets $18.05 and is all-in
_vig_: calls $18.05
*** SHOW DOWN ***
roadrunertoo: shows [Kc Jd] (a straight, Ten to Ace)
_vig_: mucks hand 
_vig_ said, "hyng,8y"
roadrunertoo collected $40.35 from pot
*** SUMMARY ***
Total pot $42.45 | Rake $2.10 
Board [Tc 8d Qs 3h Ac]
Seat 2: jasons0147 folded before Flop (didn't bet)
Seat 3: _vig_ mucked [As Qh]
Seat 4: jjppoo (button) folded before Flop (didn't bet)
Seat 5: Alameda22 (small blind) folded before Flop
Seat 7: horacles (big blind) folded before Flop
Seat 8: roadrunertoo showed [Kc Jd] and won ($40.35) with a straight, Ten to Ace
Seat 9: snowpepsi folded before Flop (didn't bet)



PokerStars Game #20079713967:  Hold'em No Limit ($0.10/$0.25) - 2008/09/01 - 21:44:15 (ET)
Table 'Kitalpha' 9-max Seat #5 is the button
Seat 2: jasons0147 ($25.35 in chips) 
Seat 3: _vig_ ($12.55 in chips) 
Seat 4: jjppoo ($19.90 in chips) 
Seat 5: Alameda22 ($25.35 in chips) 
Seat 7: horacles ($25.10 in chips) 
Seat 8: roadrunertoo ($40.35 in chips) 
Seat 9: snowpepsi ($23.25 in chips) 
horacles: posts small blind $0.10
boilerski joins the table at seat #6 
roadrunertoo: posts big blind $0.25
yjqian23: sits out 
*** HOLE CARDS ***
Dealt to Alameda22 [Kc 5h]
snowpepsi: folds 
jasons0147: folds 
_vig_: folds 
jjppoo: folds 
Alameda22: folds 
horacles: calls $0.15
roadrunertoo: checks 
*** FLOP *** [8s Ah 2c]
horacles: checks 
roadrunertoo: bets $0.25
horacles: folds 
Uncalled bet ($0.25) returned to roadrunertoo
roadrunertoo collected $0.50 from pot
roadrunertoo: doesn't show hand 
jasons0147 is sitting out
*** SUMMARY ***
Total pot $0.50 | Rake $0 
Board [8s Ah 2c]
Seat 2: jasons0147 folded before Flop (didn't bet)
Seat 3: _vig_ folded before Flop (didn't bet)
Seat 4: jjppoo folded before Flop (didn't bet)
Seat 5: Alameda22 (button) folded before Flop (didn't bet)
Seat 7: horacles (small blind) folded on the Flop
Seat 8: roadrunertoo (big blind) collected ($0.50)
Seat 9: snowpepsi folded before Flop (didn't bet)



PokerStars Game #20079738608:  Hold'em No Limit ($0.10/$0.25) - 2008/09/01 - 21:45:19 (ET)
Table 'Kitalpha' 9-max Seat #7 is the button
Seat 3: _vig_ ($22.55 in chips) 
Seat 4: jjppoo ($19.90 in chips) 
Seat 5: Alameda22 ($25.35 in chips) 
Seat 7: horacles ($24.85 in chips) 
Seat 8: roadrunertoo ($40.60 in chips) 
Seat 9: snowpepsi ($23.25 in chips) 
roadrunertoo: posts small blind $0.10
snowpepsi: posts big blind $0.25
yjqian23: sits out 
boilerski: sits out 
*** HOLE CARDS ***
Dealt to Alameda22 [8s 9c]
_vig_: folds 
jjppoo: folds 
Alameda22: folds 
horacles: raises $0.75 to $1
roadrunertoo: folds 
snowpepsi: folds 
Uncalled bet ($0.75) returned to horacles
horacles collected $0.60 from pot
*** SUMMARY ***
Total pot $0.60 | Rake $0 
Seat 3: _vig_ folded before Flop (didn't bet)
Seat 4: jjppoo folded before Flop (didn't bet)
Seat 5: Alameda22 folded before Flop (didn't bet)
Seat 7: horacles (button) collected ($0.60)
Seat 8: roadrunertoo (small blind) folded before Flop
Seat 9: snowpepsi (big blind) folded before Flop



PokerStars Game #20079754547:  Hold'em No Limit ($0.10/$0.25) - 2008/09/01 - 21:46:00 (ET)
Table 'Kitalpha' 9-max Seat #8 is the button
Seat 1: yjqian23 ($25 in chips) 
Seat 3: _vig_ ($22.55 in chips) 
Seat 4: jjppoo ($19.90 in chips) 
Seat 5: Alameda22 ($25.35 in chips) 
Seat 7: horacles ($25.20 in chips) 
Seat 8: roadrunertoo ($40.50 in chips) 
Seat 9: snowpepsi ($23 in chips) 
snowpepsi: posts small blind $0.10
yjqian23: posts big blind $0.25
boilerski: sits out 
*** HOLE CARDS ***
Dealt to Alameda22 [8c Th]
_vig_: folds 
jjppoo: folds 
Alameda22: folds 
horacles: calls $0.25
roadrunertoo: calls $0.25
snowpepsi: folds 
yjqian23: checks 
*** FLOP *** [9c 4c 3c]
yjqian23: checks 
horacles: checks 
roadrunertoo: checks 
*** TURN *** [9c 4c 3c] [Kc]
yjqian23: checks 
horacles: checks 
roadrunertoo: checks 
*** RIVER *** [9c 4c 3c Kc] [6s]
yjqian23: checks 
horacles: checks 
roadrunertoo: checks 
*** SHOW DOWN ***
yjqian23: shows [5h Ts] (high card King)
horacles: shows [As 4s] (a pair of Fours)
roadrunertoo: shows [7d 7h] (a pair of Sevens)
roadrunertoo collected $0.85 from pot
*** SUMMARY ***
Total pot $0.85 | Rake $0 
Board [9c 4c 3c Kc 6s]
Seat 1: yjqian23 (big blind) showed [5h Ts] and lost with high card King
Seat 3: _vig_ folded before Flop (didn't bet)
Seat 4: jjppoo folded before Flop (didn't bet)
Seat 5: Alameda22 folded before Flop (didn't bet)
Seat 7: horacles showed [As 4s] and lost with a pair of Fours
Seat 8: roadrunertoo (button) showed [7d 7h] and won ($0.85) with a pair of Sevens
Seat 9: snowpepsi (small blind) folded before Flop



PokerStars Game #20079796252:  Hold'em No Limit ($0.10/$0.25) - 2008/09/01 - 21:47:49 (ET)
Table 'Kitalpha' 9-max Seat #9 is the button
Seat 1: yjqian23 ($24.75 in chips) 
Seat 3: _vig_ ($22.55 in chips) 
Seat 4: jjppoo ($19.90 in chips) 
Seat 5: Alameda22 ($25.35 in chips) 
Seat 7: horacles ($24.95 in chips) 
Seat 8: roadrunertoo ($41.10 in chips) 
Seat 9: snowpepsi ($22.90 in chips) 
yjqian23: posts small blind $0.10
_vig_: posts big blind $0.25
boilerski: sits out 
*** HOLE CARDS ***
Dealt to Alameda22 [Ts Kc]
jjppoo: folds 
Alameda22: folds 
horacles: folds 
roadrunertoo: folds 
snowpepsi: folds 
yjqian23: calls $0.15
_vig_: checks 
*** FLOP *** [As Td 2c]
yjqian23: bets $0.25
_vig_: folds 
Uncalled bet ($0.25) returned to yjqian23
yjqian23 collected $0.50 from pot
yjqian23: doesn't show hand 
*** SUMMARY ***
Total pot $0.50 | Rake $0 
Board [As Td 2c]
Seat 1: yjqian23 (small blind) collected ($0.50)
Seat 3: _vig_ (big blind) folded on the Flop
Seat 4: jjppoo folded before Flop (didn't bet)
Seat 5: Alameda22 folded before Flop (didn't bet)
Seat 7: horacles folded before Flop (didn't bet)
Seat 8: roadrunertoo folded before Flop (didn't bet)
Seat 9: snowpepsi (button) folded before Flop (didn't bet)



PokerStars Game #20079815983:  Hold'em No Limit ($0.10/$0.25) - 2008/09/01 - 21:48:41 (ET)
Table 'Kitalpha' 9-max Seat #1 is the button
Seat 1: yjqian23 ($25 in chips) 
Seat 3: _vig_ ($22.30 in chips) 
Seat 4: jjppoo ($19.90 in chips) 
Seat 5: Alameda22 ($25.35 in chips) 
Seat 7: horacles ($24.95 in chips) 
Seat 8: roadrunertoo ($41.10 in chips) 
Seat 9: snowpepsi ($22.90 in chips) 
_vig_: posts small blind $0.10
jjppoo: posts big blind $0.25
boilerski: sits out 
*** HOLE CARDS ***
Dealt to Alameda22 [6c 6d]
Alameda22: folds 
horacles: raises $0.75 to $1
roadrunertoo: folds 
roadrunertoo leaves the table
snowpepsi: folds 
yjqian23: folds 
_vig_: folds 
jjppoo: folds 
Uncalled bet ($0.75) returned to horacles
horacles collected $0.60 from pot
*** SUMMARY ***
Total pot $0.60 | Rake $0 
Seat 1: yjqian23 (button) folded before Flop (didn't bet)
Seat 3: _vig_ (small blind) folded before Flop
Seat 4: jjppoo (big blind) folded before Flop
Seat 5: Alameda22 folded before Flop (didn't bet)
Seat 7: horacles collected ($0.60)
Seat 8: roadrunertoo folded before Flop (didn't bet)
Seat 9: snowpepsi folded before Flop (didn't bet)



PokerStars Game #20079837092:  Hold'em No Limit ($0.10/$0.25) - 2008/09/01 - 21:49:36 (ET)
Table 'Kitalpha' 9-max Seat #3 is the button
Seat 1: yjqian23 ($25 in chips) 
Seat 3: _vig_ ($22.20 in chips) 
Seat 4: jjppoo ($19.65 in chips) 
Seat 5: Alameda22 ($25.35 in chips) 
Seat 7: horacles ($25.30 in chips) 
Seat 9: snowpepsi ($22.90 in chips) 
jjppoo: posts small blind $0.10
Alameda22: posts big blind $0.25
boilerski: sits out 
*** HOLE CARDS ***
Dealt to Alameda22 [Th 3s]
horacles: folds 
snowpepsi: raises $0.75 to $1
yjqian23: folds 
_vig_: folds 
jjppoo: raises $2 to $3
Alameda22: folds 
snowpepsi: calls $2
*** FLOP *** [9d 4d 9s]
jjppoo: bets $5
snowpepsi: folds 
Uncalled bet ($5) returned to jjppoo
jjppoo collected $5.95 from pot
*** SUMMARY ***
Total pot $6.25 | Rake $0.30 
Board [9d 4d 9s]
Seat 1: yjqian23 folded before Flop (didn't bet)
Seat 3: _vig_ (button) folded before Flop (didn't bet)
Seat 4: jjppoo (small blind) collected ($5.95)
Seat 5: Alameda22 (big blind) folded before Flop
Seat 7: horacles folded before Flop (didn't bet)
Seat 9: snowpepsi folded on the Flop



PokerStars Game #20079865562:  Hold'em No Limit ($0.10/$0.25) - 2008/09/01 - 21:50:52 (ET)
Table 'Kitalpha' 9-max Seat #4 is the button
Seat 1: yjqian23 ($25 in chips) 
Seat 3: _vig_ ($22.20 in chips) 
Seat 4: jjppoo ($22.60 in chips) 
Seat 5: Alameda22 ($25.10 in chips) 
Seat 6: boilerski ($15 in chips) 
Seat 7: horacles ($25.30 in chips) 
Seat 9: snowpepsi ($25 in chips) 
Alameda22: posts small blind $0.10
boilerski: posts big blind $0.25
*** HOLE CARDS ***
Dealt to Alameda22 [5h 8s]
horacles: folds 
snowpepsi: folds 
yjqian23: folds 
_vig_: folds 
jjppoo: raises $0.25 to $0.50
Alameda22: folds 
boilerski: folds 
Uncalled bet ($0.25) returned to jjppoo
jjppoo collected $0.60 from pot
*** SUMMARY ***
Total pot $0.60 | Rake $0 
Seat 1: yjqian23 folded before Flop (didn't bet)
Seat 3: _vig_ folded before Flop (didn't bet)
Seat 4: jjppoo (button) collected ($0.60)
Seat 5: Alameda22 (small blind) folded before Flop
Seat 6: boilerski (big blind) folded before Flop
Seat 7: horacles folded before Flop (didn't bet)
Seat 9: snowpepsi folded before Flop (didn't bet)



PokerStars Game #20079883069:  Hold'em No Limit ($0.10/$0.25) - 2008/09/01 - 21:51:38 (ET)
Table 'Kitalpha' 9-max Seat #5 is the button
Seat 1: yjqian23 ($25 in chips) 
Seat 3: _vig_ ($22.20 in chips) 
Seat 4: jjppoo ($22.95 in chips) 
Seat 5: Alameda22 ($25 in chips) 
Seat 6: boilerski ($14.75 in chips) 
Seat 7: horacles ($25.30 in chips) 
Seat 9: snowpepsi ($25 in chips) 
boilerski: posts small blind $0.10
horacles: posts big blind $0.25
*** HOLE CARDS ***
Dealt to Alameda22 [3c 2c]
snowpepsi: folds 
yjqian23: folds 
_vig_: folds 
jjppoo: folds 
Alameda22: folds 
jasons0147 has returned
boilerski: folds 
Uncalled bet ($0.15) returned to horacles
horacles collected $0.20 from pot
*** SUMMARY ***
Total pot $0.20 | Rake $0 
Seat 1: yjqian23 folded before Flop (didn't bet)
Seat 3: _vig_ folded before Flop (didn't bet)
Seat 4: jjppoo folded before Flop (didn't bet)
Seat 5: Alameda22 (button) folded before Flop (didn't bet)
Seat 6: boilerski (small blind) folded before Flop
Seat 7: horacles (big blind) collected ($0.20)
Seat 9: snowpepsi folded before Flop (didn't bet)



PokerStars Game #20079898726:  Hold'em No Limit ($0.10/$0.25) - 2008/09/01 - 21:52:20 (ET)
Table 'Kitalpha' 9-max Seat #6 is the button
Seat 1: yjqian23 ($25 in chips) 
Seat 3: _vig_ ($22.20 in chips) 
Seat 4: jjppoo ($22.95 in chips) 
Seat 5: Alameda22 ($25 in chips) 
Seat 6: boilerski ($14.65 in chips) 
Seat 7: horacles ($25.40 in chips) 
Seat 9: snowpepsi ($25 in chips) 
horacles: posts small blind $0.10
snowpepsi: posts big blind $0.25
jasons0147: sits out 
*** HOLE CARDS ***
Dealt to Alameda22 [8s 8h]
yjqian23: folds 
_vig_: folds 
jjppoo: folds 
Alameda22: folds 
boilerski: raises $0.65 to $0.90
horacles: folds 
snowpepsi: folds 
Uncalled bet ($0.65) returned to boilerski
boilerski collected $0.60 from pot
*** SUMMARY ***
Total pot $0.60 | Rake $0 
Seat 1: yjqian23 folded before Flop (didn't bet)
Seat 3: _vig_ folded before Flop (didn't bet)
Seat 4: jjppoo folded before Flop (didn't bet)
Seat 5: Alameda22 folded before Flop (didn't bet)
Seat 6: boilerski (button) collected ($0.60)
Seat 7: horacles (small blind) folded before Flop
Seat 9: snowpepsi (big blind) folded before Flop



PokerStars Game #20079921715:  Hold'em No Limit ($0.10/$0.25) - 2008/09/01 - 21:53:21 (ET)
Table 'Kitalpha' 9-max Seat #7 is the button
Seat 1: yjqian23 ($25 in chips) 
Seat 3: _vig_ ($22.20 in chips) 
Seat 4: jjppoo ($22.95 in chips) 
Seat 5: Alameda22 ($25 in chips) 
Seat 6: boilerski ($15 in chips) 
Seat 7: horacles ($25.30 in chips) 
Seat 9: snowpepsi ($24.75 in chips) 
snowpepsi: posts small blind $0.10
yjqian23: posts big blind $0.25
jasons0147: sits out 
*** HOLE CARDS ***
Dealt to Alameda22 [Kh 7h]
_vig_: folds 
jjppoo: folds 
rkvelaga joins the table at seat #8 
Alameda22: folds 
boilerski: folds 
horacles: folds 
snowpepsi: folds 
Uncalled bet ($0.15) returned to yjqian23
yjqian23 collected $0.20 from pot
yjqian23: doesn't show hand 
*** SUMMARY ***
Total pot $0.20 | Rake $0 
Seat 1: yjqian23 (big blind) collected ($0.20)
Seat 3: _vig_ folded before Flop (didn't bet)
Seat 4: jjppoo folded before Flop (didn't bet)
Seat 5: Alameda22 folded before Flop (didn't bet)
Seat 6: boilerski folded before Flop (didn't bet)
Seat 7: horacles (button) folded before Flop (didn't bet)
Seat 9: snowpepsi (small blind) folded before Flop



PokerStars Game #20079935280:  Hold'em No Limit ($0.10/$0.25) - 2008/09/01 - 21:53:57 (ET)
Table 'Kitalpha' 9-max Seat #9 is the button
Seat 1: yjqian23 ($25.10 in chips) 
Seat 2: jasons0147 ($25.35 in chips) 
Seat 3: _vig_ ($22.20 in chips) 
Seat 4: jjppoo ($22.95 in chips) 
Seat 5: Alameda22 ($25 in chips) 
Seat 6: boilerski ($15 in chips) 
Seat 7: horacles ($25.30 in chips) 
Seat 8: rkvelaga ($15 in chips) 
Seat 9: snowpepsi ($24.65 in chips) 
yjqian23: posts small blind $0.10
jasons0147: posts big blind $0.25
rkvelaga: posts big blind $0.25
*** HOLE CARDS ***
Dealt to Alameda22 [8s 4c]
_vig_: folds 
jjppoo: folds 
Alameda22: folds 
boilerski: folds 
horacles: calls $0.25
rkvelaga: checks 
snowpepsi: folds 
yjqian23: folds 
jasons0147: checks 
*** FLOP *** [7d 8c 8d]
jasons0147: checks 
horacles: checks 
rkvelaga: checks 
*** TURN *** [7d 8c 8d] [9d]
jasons0147: checks 
horacles: checks 
rkvelaga: checks 
*** RIVER *** [7d 8c 8d 9d] [Tc]
jasons0147: checks 
horacles: bets $1
rkvelaga: calls $1
jasons0147: folds 
*** SHOW DOWN ***
horacles: shows [Qc Js] (a straight, Eight to Queen)
rkvelaga: shows [6d 3c] (a straight, Six to Ten)
horacles collected $2.75 from pot
*** SUMMARY ***
Total pot $2.85 | Rake $0.10 
Board [7d 8c 8d 9d Tc]
Seat 1: yjqian23 (small blind) folded before Flop
Seat 2: jasons0147 (big blind) folded on the River
Seat 3: _vig_ folded before Flop (didn't bet)
Seat 4: jjppoo folded before Flop (didn't bet)
Seat 5: Alameda22 folded before Flop (didn't bet)
Seat 6: boilerski folded before Flop (didn't bet)
Seat 7: horacles showed [Qc Js] and won ($2.75) with a straight, Eight to Queen
Seat 8: rkvelaga showed [6d 3c] and lost with a straight, Six to Ten
Seat 9: snowpepsi (button) folded before Flop (didn't bet)



PokerStars Game #20079982193:  Hold'em No Limit ($0.10/$0.25) - 2008/09/01 - 21:56:02 (ET)
Table 'Kitalpha' 9-max Seat #1 is the button
Seat 1: yjqian23 ($25 in chips) 
Seat 2: jasons0147 ($25.10 in chips) 
Seat 3: _vig_ ($22.20 in chips) 
Seat 4: jjppoo ($22.95 in chips) 
Seat 5: Alameda22 ($25 in chips) 
Seat 6: boilerski ($15 in chips) 
Seat 7: horacles ($26.80 in chips) 
Seat 8: rkvelaga ($13.75 in chips) 
Seat 9: snowpepsi ($24.65 in chips) 
jasons0147: posts small blind $0.10
_vig_: posts big blind $0.25
*** HOLE CARDS ***
Dealt to Alameda22 [Kc Qh]
jjppoo: folds 
Alameda22: folds 
boilerski: raises $0.65 to $0.90
horacles: folds 
rkvelaga: folds 
snowpepsi: folds 
yjqian23: folds 
jasons0147: folds 
_vig_: folds 
Uncalled bet ($0.65) returned to boilerski
boilerski collected $0.60 from pot
*** SUMMARY ***
Total pot $0.60 | Rake $0 
Seat 1: yjqian23 (button) folded before Flop (didn't bet)
Seat 2: jasons0147 (small blind) folded before Flop
Seat 3: _vig_ (big blind) folded before Flop
Seat 4: jjppoo folded before Flop (didn't bet)
Seat 5: Alameda22 folded before Flop (didn't bet)
Seat 6: boilerski collected ($0.60)
Seat 7: horacles folded before Flop (didn't bet)
Seat 8: rkvelaga folded before Flop (didn't bet)
Seat 9: snowpepsi folded before Flop (didn't bet)



PokerStars Game #20080003322:  Hold'em No Limit ($0.10/$0.25) - 2008/09/01 - 21:56:59 (ET)
Table 'Kitalpha' 9-max Seat #2 is the button
Seat 1: yjqian23 ($25 in chips) 
Seat 2: jasons0147 ($25 in chips) 
Seat 3: _vig_ ($21.95 in chips) 
Seat 4: jjppoo ($22.95 in chips) 
Seat 5: Alameda22 ($25 in chips) 
Seat 6: boilerski ($15.35 in chips) 
Seat 7: horacles ($26.80 in chips) 
Seat 8: rkvelaga ($13.75 in chips) 
Seat 9: snowpepsi ($24.65 in chips) 
_vig_: posts small blind $0.10
jjppoo: posts big blind $0.25
*** HOLE CARDS ***
Dealt to Alameda22 [4d Jc]
Alameda22: folds 
boilerski: calls $0.25
horacles: folds 
rkvelaga: raises $1.50 to $1.75
snowpepsi: folds 
yjqian23: folds 
jasons0147: folds 
_vig_: folds 
jjppoo: folds 
boilerski: folds 
Uncalled bet ($1.50) returned to rkvelaga
rkvelaga collected $0.85 from pot
*** SUMMARY ***
Total pot $0.85 | Rake $0 
Seat 1: yjqian23 folded before Flop (didn't bet)
Seat 2: jasons0147 (button) folded before Flop (didn't bet)
Seat 3: _vig_ (small blind) folded before Flop
Seat 4: jjppoo (big blind) folded before Flop
Seat 5: Alameda22 folded before Flop (didn't bet)
Seat 6: boilerski folded before Flop
Seat 7: horacles folded before Flop (didn't bet)
Seat 8: rkvelaga collected ($0.85)
Seat 9: snowpepsi folded before Flop (didn't bet)



PokerStars Game #20080016658:  Hold'em No Limit ($0.10/$0.25) - 2008/09/01 - 21:57:35 (ET)
Table 'Kitalpha' 9-max Seat #3 is the button
Seat 1: yjqian23 ($25 in chips) 
Seat 2: jasons0147 ($25 in chips) 
Seat 3: _vig_ ($21.85 in chips) 
Seat 4: jjppoo ($22.70 in chips) 
Seat 5: Alameda22 ($25 in chips) 
Seat 6: boilerski ($15.10 in chips) 
Seat 7: horacles ($26.80 in chips) 
Seat 8: rkvelaga ($14.35 in chips) 
Seat 9: snowpepsi ($24.65 in chips) 
jjppoo: posts small blind $0.10
Alameda22: posts big blind $0.25
*** HOLE CARDS ***
Dealt to Alameda22 [2s 7d]
boilerski: folds 
horacles: folds 
rkvelaga: folds 
snowpepsi: folds 
yjqian23: folds 
jasons0147: folds 
_vig_: raises $0.75 to $1
jjppoo: folds 
Alameda22: folds 
Uncalled bet ($0.75) returned to _vig_
_vig_ collected $0.60 from pot
_vig_: doesn't show hand 
*** SUMMARY ***
Total pot $0.60 | Rake $0 
Seat 1: yjqian23 folded before Flop (didn't bet)
Seat 2: jasons0147 folded before Flop (didn't bet)
Seat 3: _vig_ (button) collected ($0.60)
Seat 4: jjppoo (small blind) folded before Flop
Seat 5: Alameda22 (big blind) folded before Flop
Seat 6: boilerski folded before Flop (didn't bet)
Seat 7: horacles folded before Flop (didn't bet)
Seat 8: rkvelaga folded before Flop (didn't bet)
Seat 9: snowpepsi folded before Flop (didn't bet)



PokerStars Game #20080045511:  Hold'em No Limit ($0.10/$0.25) - 2008/09/01 - 21:58:53 (ET)
Table 'Kitalpha' 9-max Seat #4 is the button
Seat 1: yjqian23 ($25 in chips) 
Seat 2: jasons0147 ($25 in chips) 
Seat 3: _vig_ ($22.20 in chips) 
Seat 4: jjppoo ($22.60 in chips) 
Seat 5: Alameda22 ($24.75 in chips) 
Seat 6: boilerski ($15.10 in chips) 
Seat 7: horacles ($26.80 in chips) 
Seat 8: rkvelaga ($14.35 in chips) 
Seat 9: snowpepsi ($24.65 in chips) 
Alameda22: posts small blind $0.10
boilerski: posts big blind $0.25
*** HOLE CARDS ***
Dealt to Alameda22 [As Ts]
horacles: folds 
rkvelaga: folds 
snowpepsi: folds 
yjqian23: folds 
jasons0147: folds 
_vig_: folds 
jjppoo: raises $0.75 to $1
Alameda22: folds 
boilerski: folds 
Uncalled bet ($0.75) returned to jjppoo
jjppoo collected $0.60 from pot
jjppoo: doesn't show hand 
*** SUMMARY ***
Total pot $0.60 | Rake $0 
Seat 1: yjqian23 folded before Flop (didn't bet)
Seat 2: jasons0147 folded before Flop (didn't bet)
Seat 3: _vig_ folded before Flop (didn't bet)
Seat 4: jjppoo (button) collected ($0.60)
Seat 5: Alameda22 (small blind) folded before Flop
Seat 6: boilerski (big blind) folded before Flop
Seat 7: horacles folded before Flop (didn't bet)
Seat 8: rkvelaga folded before Flop (didn't bet)
Seat 9: snowpepsi folded before Flop (didn't bet)



PokerStars Game #20080061527:  Hold'em No Limit ($0.10/$0.25) - 2008/09/01 - 21:59:37 (ET)
Table 'Kitalpha' 9-max Seat #5 is the button
Seat 1: yjqian23 ($25 in chips) 
Seat 2: jasons0147 ($25 in chips) 
Seat 3: _vig_ ($22.20 in chips) 
Seat 4: jjppoo ($22.95 in chips) 
Seat 5: Alameda22 ($24.65 in chips) 
Seat 6: boilerski ($14.85 in chips) 
Seat 7: horacles ($26.80 in chips) 
Seat 8: rkvelaga ($14.35 in chips) 
Seat 9: snowpepsi ($24.65 in chips) 
boilerski: posts small blind $0.10
horacles: posts big blind $0.25
*** HOLE CARDS ***
Dealt to Alameda22 [7s 9c]
rkvelaga: folds 
snowpepsi: folds 
yjqian23: calls $0.25
jasons0147: folds 
_vig_: calls $0.25
jjppoo: folds 
Alameda22: folds 
boilerski: calls $0.15
horacles: checks 
*** FLOP *** [As 5h 2d]
boilerski: checks 
horacles: checks 
yjqian23: checks 
_vig_: checks 
*** TURN *** [As 5h 2d] [Ad]
boilerski: checks 
horacles: checks 
yjqian23: bets $0.25
_vig_: raises $0.25 to $0.50
boilerski: folds 
horacles: folds 
yjqian23: folds 
Uncalled bet ($0.25) returned to _vig_
_vig_ collected $1.45 from pot
_vig_: doesn't show hand 
*** SUMMARY ***
Total pot $1.50 | Rake $0.05 
Board [As 5h 2d Ad]
Seat 1: yjqian23 folded on the Turn
Seat 2: jasons0147 folded before Flop (didn't bet)
Seat 3: _vig_ collected ($1.45)
Seat 4: jjppoo folded before Flop (didn't bet)
Seat 5: Alameda22 (button) folded before Flop (didn't bet)
Seat 6: boilerski (small blind) folded on the Turn
Seat 7: horacles (big blind) folded on the Turn
Seat 8: rkvelaga folded before Flop (didn't bet)
Seat 9: snowpepsi folded before Flop (didn't bet)



PokerStars Game #20080094643:  Hold'em No Limit ($0.10/$0.25) - 2008/09/01 - 22:01:04 (ET)
Table 'Kitalpha' 9-max Seat #6 is the button
Seat 1: yjqian23 ($24.50 in chips) 
Seat 2: jasons0147 ($25 in chips) 
Seat 3: _vig_ ($23.15 in chips) 
Seat 4: jjppoo ($22.95 in chips) 
Seat 5: Alameda22 ($24.65 in chips) 
Seat 6: boilerski ($14.60 in chips) 
Seat 7: horacles ($26.55 in chips) 
Seat 8: rkvelaga ($14.35 in chips) 
Seat 9: snowpepsi ($24.65 in chips) 
horacles: posts small blind $0.10
rkvelaga: posts big blind $0.25
*** HOLE CARDS ***
Dealt to Alameda22 [2s As]
snowpepsi: folds 
yjqian23: folds 
jasons0147: folds 
_vig_: folds 
jjppoo: folds 
Alameda22: folds 
boilerski: folds 
horacles: raises $0.75 to $1
rkvelaga: folds 
Uncalled bet ($0.75) returned to horacles
horacles collected $0.50 from pot
*** SUMMARY ***
Total pot $0.50 | Rake $0 
Seat 1: yjqian23 folded before Flop (didn't bet)
Seat 2: jasons0147 folded before Flop (didn't bet)
Seat 3: _vig_ folded before Flop (didn't bet)
Seat 4: jjppoo folded before Flop (didn't bet)
Seat 5: Alameda22 folded before Flop (didn't bet)
Seat 6: boilerski (button) folded before Flop (didn't bet)
Seat 7: horacles (small blind) collected ($0.50)
Seat 8: rkvelaga (big blind) folded before Flop
Seat 9: snowpepsi folded before Flop (didn't bet)



PokerStars Game #20080110463:  Hold'em No Limit ($0.10/$0.25) - 2008/09/01 - 22:01:46 (ET)
Table 'Kitalpha' 9-max Seat #7 is the button
Seat 1: yjqian23 ($24.50 in chips) 
Seat 2: jasons0147 ($25 in chips) 
Seat 3: _vig_ ($23.15 in chips) 
Seat 4: jjppoo ($22.95 in chips) 
Seat 5: Alameda22 ($24.65 in chips) 
Seat 6: boilerski ($14.60 in chips) 
Seat 7: horacles ($26.80 in chips) 
Seat 8: rkvelaga ($14.10 in chips) 
Seat 9: snowpepsi ($24.65 in chips) 
rkvelaga: posts small blind $0.10
snowpepsi: posts big blind $0.25
*** HOLE CARDS ***
Dealt to Alameda22 [Qd Th]
yjqian23: folds 
jasons0147: folds 
_vig_: folds 
jjppoo: folds 
Alameda22: folds 
boilerski: folds 
horacles: folds 
horacles is sitting out
rkvelaga: calls $0.15
snowpepsi: raises $0.50 to $0.75
rkvelaga: calls $0.50
*** FLOP *** [3d Tc Ac]
rkvelaga: checks 
snowpepsi: bets $1
rkvelaga: folds 
Uncalled bet ($1) returned to snowpepsi
snowpepsi collected $1.45 from pot
snowpepsi: doesn't show hand 
*** SUMMARY ***
Total pot $1.50 | Rake $0.05 
Board [3d Tc Ac]
Seat 1: yjqian23 folded before Flop (didn't bet)
Seat 2: jasons0147 folded before Flop (didn't bet)
Seat 3: _vig_ folded before Flop (didn't bet)
Seat 4: jjppoo folded before Flop (didn't bet)
Seat 5: Alameda22 folded before Flop (didn't bet)
Seat 6: boilerski folded before Flop (didn't bet)
Seat 7: horacles (button) folded before Flop (didn't bet)
Seat 8: rkvelaga (small blind) folded on the Flop
Seat 9: snowpepsi (big blind) collected ($1.45)



PokerStars Game #20080133597:  Hold'em No Limit ($0.10/$0.25) - 2008/09/01 - 22:02:48 (ET)
Table 'Kitalpha' 9-max Seat #8 is the button
Seat 2: jasons0147 ($25 in chips) 
Seat 3: _vig_ ($23.15 in chips) 
Seat 4: jjppoo ($22.95 in chips) 
Seat 5: Alameda22 ($24.65 in chips) 
Seat 6: boilerski ($14.60 in chips) 
Seat 8: rkvelaga ($13.35 in chips) 
Seat 9: snowpepsi ($25.35 in chips) 
snowpepsi: posts small blind $0.10
yjqian23: is sitting out 
yjqian23 leaves the table
jasons0147: posts big blind $0.25
*** HOLE CARDS ***
Dealt to Alameda22 [6s 6h]
_vig_: folds 
jjppoo: folds 
idraug joins the table at seat #1 
Alameda22: folds 
boilerski: folds 
rkvelaga: folds 
snowpepsi: calls $0.15
jasons0147: checks 
*** FLOP *** [Jd 7d As]
snowpepsi: checks 
jasons0147: checks 
*** TURN *** [Jd 7d As] [7h]
horacles leaves the table
snowpepsi: bets $0.25
jasons0147: folds 
Uncalled bet ($0.25) returned to snowpepsi
snowpepsi collected $0.50 from pot
*** SUMMARY ***
Total pot $0.50 | Rake $0 
Board [Jd 7d As 7h]
Seat 2: jasons0147 (big blind) folded on the Turn
Seat 3: _vig_ folded before Flop (didn't bet)
Seat 4: jjppoo folded before Flop (didn't bet)
Seat 5: Alameda22 folded before Flop (didn't bet)
Seat 6: boilerski folded before Flop (didn't bet)
Seat 8: rkvelaga (button) folded before Flop (didn't bet)
Seat 9: snowpepsi (small blind) collected ($0.50)



PokerStars Game #20080158759:  Hold'em No Limit ($0.10/$0.25) - 2008/09/01 - 22:03:55 (ET)
Table 'Kitalpha' 9-max Seat #9 is the button
Seat 2: jasons0147 ($25 in chips) 
Seat 3: _vig_ ($23.15 in chips) 
Seat 4: jjppoo ($22.95 in chips) 
Seat 5: Alameda22 ($24.65 in chips) 
Seat 6: boilerski ($14.60 in chips) 
Seat 8: rkvelaga ($13.35 in chips) 
Seat 9: snowpepsi ($25.60 in chips) 
idraug will be allowed to play after the button
jasons0147: posts small blind $0.10
_vig_: posts big blind $0.25
*** HOLE CARDS ***
Dealt to Alameda22 [4s Kc]
jjppoo: folds 
Alameda22: folds 
boilerski: folds 
rkvelaga: folds 
snowpepsi: raises $0.75 to $1
jasons0147: folds 
_vig_: folds 
Uncalled bet ($0.75) returned to snowpepsi
snowpepsi collected $0.60 from pot
snowpepsi: doesn't show hand 
*** SUMMARY ***
Total pot $0.60 | Rake $0 
Seat 2: jasons0147 (small blind) folded before Flop
Seat 3: _vig_ (big blind) folded before Flop
Seat 4: jjppoo folded before Flop (didn't bet)
Seat 5: Alameda22 folded before Flop (didn't bet)
Seat 6: boilerski folded before Flop (didn't bet)
Seat 8: rkvelaga folded before Flop (didn't bet)
Seat 9: snowpepsi (button) collected ($0.60)



PokerStars Game #20080173482:  Hold'em No Limit ($0.10/$0.25) - 2008/09/01 - 22:04:34 (ET)
Table 'Kitalpha' 9-max Seat #2 is the button
Seat 1: idraug ($15 in chips) 
Seat 2: jasons0147 ($25 in chips) 
Seat 3: _vig_ ($22.90 in chips) 
Seat 4: jjppoo ($22.95 in chips) 
Seat 5: Alameda22 ($24.65 in chips) 
Seat 6: boilerski ($14.60 in chips) 
Seat 8: rkvelaga ($13.35 in chips) 
Seat 9: snowpepsi ($25.95 in chips) 
_vig_: posts small blind $0.10
jjppoo: posts big blind $0.25
idraug: posts big blind $0.25
*** HOLE CARDS ***
Dealt to Alameda22 [8s 3d]
Alameda22: folds 
boilerski: folds 
rkvelaga: calls $0.25
snowpepsi: folds 
idraug: checks 
jasons0147: folds 
_vig_: calls $0.15
jjppoo: checks 
*** FLOP *** [Qc Qd 6h]
_vig_: checks 
jjppoo: checks 
rkvelaga: checks 
idraug: checks 
*** TURN *** [Qc Qd 6h] [Jh]
_vig_: checks 
jjppoo: checks 
rkvelaga: bets $0.25
idraug: folds 
_vig_: folds 
jjppoo: folds 
Uncalled bet ($0.25) returned to rkvelaga
rkvelaga collected $0.95 from pot
*** SUMMARY ***
Total pot $1 | Rake $0.05 
Board [Qc Qd 6h Jh]
Seat 1: idraug folded on the Turn
Seat 2: jasons0147 (button) folded before Flop (didn't bet)
Seat 3: _vig_ (small blind) folded on the Turn
Seat 4: jjppoo (big blind) folded on the Turn
Seat 5: Alameda22 folded before Flop (didn't bet)
Seat 6: boilerski folded before Flop (didn't bet)
Seat 8: rkvelaga collected ($0.95)
Seat 9: snowpepsi folded before Flop (didn't bet)



PokerStars Game #20080200367:  Hold'em No Limit ($0.10/$0.25) - 2008/09/01 - 22:05:47 (ET)
Table 'Kitalpha' 9-max Seat #3 is the button
Seat 1: idraug ($14.75 in chips) 
Seat 2: jasons0147 ($25 in chips) 
Seat 3: _vig_ ($22.65 in chips) 
Seat 4: jjppoo ($22.70 in chips) 
Seat 5: Alameda22 ($24.65 in chips) 
Seat 6: boilerski ($14.60 in chips) 
Seat 8: rkvelaga ($14.05 in chips) 
Seat 9: snowpepsi ($25.95 in chips) 
jjppoo: posts small blind $0.10
Alameda22: posts big blind $0.25
*** HOLE CARDS ***
Dealt to Alameda22 [4h 5d]
boilerski: folds 
rkvelaga: folds 
snowpepsi: folds 
idraug: raises $0.55 to $0.80
Eksal joins the table at seat #7 
jasons0147: folds 
_vig_: folds 
jjppoo: folds 
Alameda22: folds 
Uncalled bet ($0.55) returned to idraug
idraug collected $0.60 from pot
*** SUMMARY ***
Total pot $0.60 | Rake $0 
Seat 1: idraug collected ($0.60)
Seat 2: jasons0147 folded before Flop (didn't bet)
Seat 3: _vig_ (button) folded before Flop (didn't bet)
Seat 4: jjppoo (small blind) folded before Flop
Seat 5: Alameda22 (big blind) folded before Flop
Seat 6: boilerski folded before Flop (didn't bet)
Seat 8: rkvelaga folded before Flop (didn't bet)
Seat 9: snowpepsi folded before Flop (didn't bet)



PokerStars Game #20080217052:  Hold'em No Limit ($0.10/$0.25) - 2008/09/01 - 22:06:32 (ET)
Table 'Kitalpha' 9-max Seat #4 is the button
Seat 1: idraug ($15.10 in chips) 
Seat 2: jasons0147 ($25 in chips) 
Seat 3: _vig_ ($22.65 in chips) 
Seat 4: jjppoo ($22.60 in chips) 
Seat 5: Alameda22 ($24.40 in chips) 
Seat 6: boilerski ($14.60 in chips) 
Seat 8: rkvelaga ($14.05 in chips) 
Seat 9: snowpepsi ($25.95 in chips) 
Alameda22: posts small blind $0.10
boilerski: posts big blind $0.25
Eksal: sits out 
*** HOLE CARDS ***
Dealt to Alameda22 [As Kh]
rkvelaga: folds 
snowpepsi: folds 
idraug: raises $0.55 to $0.80
jasons0147: folds 
_vig_: folds 
jjppoo: calls $0.80
Alameda22: calls $0.70
boilerski: folds 
*** FLOP *** [Ks 4s 2h]
Alameda22: bets $1.75
idraug: folds 
jjppoo: folds 
Uncalled bet ($1.75) returned to Alameda22
Alameda22 collected $2.55 from pot
Alameda22: doesn't show hand 
*** SUMMARY ***
Total pot $2.65 | Rake $0.10 
Board [Ks 4s 2h]
Seat 1: idraug folded on the Flop
Seat 2: jasons0147 folded before Flop (didn't bet)
Seat 3: _vig_ folded before Flop (didn't bet)
Seat 4: jjppoo (button) folded on the Flop
Seat 5: Alameda22 (small blind) collected ($2.55)
Seat 6: boilerski (big blind) folded before Flop
Seat 8: rkvelaga folded before Flop (didn't bet)
Seat 9: snowpepsi folded before Flop (didn't bet)



PokerStars Game #20080240013:  Hold'em No Limit ($0.10/$0.25) - 2008/09/01 - 22:07:33 (ET)
Table 'Kitalpha' 9-max Seat #5 is the button
Seat 1: idraug ($14.30 in chips) 
Seat 2: jasons0147 ($25 in chips) 
Seat 3: _vig_ ($22.65 in chips) 
Seat 4: jjppoo ($21.80 in chips) 
Seat 5: Alameda22 ($26.15 in chips) 
Seat 6: boilerski ($14.35 in chips) 
Seat 7: Eksal ($6 in chips) 
Seat 8: rkvelaga ($14.05 in chips) 
Seat 9: snowpepsi ($25.95 in chips) 
boilerski: posts small blind $0.10
Eksal: posts big blind $0.25
*** HOLE CARDS ***
Dealt to Alameda22 [6s Qc]
rkvelaga: calls $0.25
snowpepsi: folds 
idraug: raises $0.50 to $0.75
jasons0147: folds 
_vig_: folds 
jjppoo: folds 
Alameda22: folds 
boilerski: folds 
Eksal: folds 
rkvelaga: calls $0.50
*** FLOP *** [8s 7d 9s]
rkvelaga: checks 
idraug: bets $1
rkvelaga: calls $1
*** TURN *** [8s 7d 9s] [Qd]
rkvelaga: checks 
idraug: checks 
*** RIVER *** [8s 7d 9s Qd] [Ad]
rkvelaga: bets $0.50
idraug: raises $2 to $2.50
rkvelaga: folds 
Uncalled bet ($2) returned to idraug
idraug collected $4.65 from pot
*** SUMMARY ***
Total pot $4.85 | Rake $0.20 
Board [8s 7d 9s Qd Ad]
Seat 1: idraug collected ($4.65)
Seat 2: jasons0147 folded before Flop (didn't bet)
Seat 3: _vig_ folded before Flop (didn't bet)
Seat 4: jjppoo folded before Flop (didn't bet)
Seat 5: Alameda22 (button) folded before Flop (didn't bet)
Seat 6: boilerski (small blind) folded before Flop
Seat 7: Eksal (big blind) folded before Flop
Seat 8: rkvelaga folded on the River
Seat 9: snowpepsi folded before Flop (didn't bet)



PokerStars Game #20080280518:  Hold'em No Limit ($0.10/$0.25) - 2008/09/01 - 22:09:21 (ET)
Table 'Kitalpha' 9-max Seat #6 is the button
Seat 1: idraug ($16.70 in chips) 
Seat 2: jasons0147 ($25 in chips) 
Seat 3: _vig_ ($22.65 in chips) 
Seat 4: jjppoo ($21.80 in chips) 
Seat 5: Alameda22 ($26.15 in chips) 
Seat 6: boilerski ($14.25 in chips) 
Seat 7: Eksal ($5.75 in chips) 
Seat 8: rkvelaga ($11.80 in chips) 
Seat 9: snowpepsi ($25.95 in chips) 
Eksal: posts small blind $0.10
rkvelaga: posts big blind $0.25
*** HOLE CARDS ***
Dealt to Alameda22 [Qh 9c]
snowpepsi: folds 
idraug: folds 
jasons0147: folds 
_vig_: folds 
jjppoo: folds 
Alameda22: folds 
boilerski: folds 
Eksal: folds 
Uncalled bet ($0.15) returned to rkvelaga
rkvelaga collected $0.20 from pot
rkvelaga: shows [As Tc] (high card Ace)
*** SUMMARY ***
Total pot $0.20 | Rake $0 
Seat 1: idraug folded before Flop (didn't bet)
Seat 2: jasons0147 folded before Flop (didn't bet)
Seat 3: _vig_ folded before Flop (didn't bet)
Seat 4: jjppoo folded before Flop (didn't bet)
Seat 5: Alameda22 folded before Flop (didn't bet)
Seat 6: boilerski (button) folded before Flop (didn't bet)
Seat 7: Eksal (small blind) folded before Flop
Seat 8: rkvelaga (big blind) collected ($0.20)
Seat 9: snowpepsi folded before Flop (didn't bet)



PokerStars Game #20080290402:  Hold'em No Limit ($0.10/$0.25) - 2008/09/01 - 22:09:47 (ET)
Table 'Kitalpha' 9-max Seat #7 is the button
Seat 1: idraug ($16.70 in chips) 
Seat 2: jasons0147 ($25 in chips) 
Seat 3: _vig_ ($22.65 in chips) 
Seat 4: jjppoo ($21.80 in chips) 
Seat 5: Alameda22 ($26.15 in chips) 
Seat 6: boilerski ($14.25 in chips) 
Seat 7: Eksal ($5.65 in chips) 
Seat 8: rkvelaga ($11.90 in chips) 
Seat 9: snowpepsi ($25.95 in chips) 
rkvelaga: posts small blind $0.10
snowpepsi: posts big blind $0.25
*** HOLE CARDS ***
Dealt to Alameda22 [4s Jc]
idraug: folds 
jasons0147: folds 
_vig_: folds 
jjppoo: folds 
Alameda22: folds 
boilerski: raises $0.55 to $0.80
Eksal: folds 
rkvelaga: calls $0.70
snowpepsi: folds 
*** FLOP *** [Jd 4h 2c]
rkvelaga: checks 
boilerski: bets $1
rkvelaga: folds 
Uncalled bet ($1) returned to boilerski
boilerski collected $1.80 from pot
rkvelaga said, "hmmm"
boilerski: doesn't show hand 
*** SUMMARY ***
Total pot $1.85 | Rake $0.05 
Board [Jd 4h 2c]
Seat 1: idraug folded before Flop (didn't bet)
Seat 2: jasons0147 folded before Flop (didn't bet)
Seat 3: _vig_ folded before Flop (didn't bet)
Seat 4: jjppoo folded before Flop (didn't bet)
Seat 5: Alameda22 folded before Flop (didn't bet)
Seat 6: boilerski collected ($1.80)
Seat 7: Eksal (button) folded before Flop (didn't bet)
Seat 8: rkvelaga (small blind) folded on the Flop
Seat 9: snowpepsi (big blind) folded before Flop



PokerStars Game #20080316576:  Hold'em No Limit ($0.10/$0.25) - 2008/09/01 - 22:10:57 (ET)
Table 'Kitalpha' 9-max Seat #8 is the button
Seat 1: idraug ($16.70 in chips) 
Seat 2: jasons0147 ($25 in chips) 
Seat 3: _vig_ ($22.65 in chips) 
Seat 4: jjppoo ($21.80 in chips) 
Seat 5: Alameda22 ($26.15 in chips) 
Seat 6: boilerski ($15.25 in chips) 
Seat 7: Eksal ($5.65 in chips) 
Seat 8: rkvelaga ($11.10 in chips) 
Seat 9: snowpepsi ($25.70 in chips) 
snowpepsi: posts small blind $0.10
idraug: posts big blind $0.25
*** HOLE CARDS ***
Dealt to Alameda22 [6h Jd]
jasons0147: folds 
_vig_: raises $1 to $1.25
jjppoo: folds 
Alameda22: folds 
boilerski: folds 
Eksal: folds 
rkvelaga: folds 
snowpepsi: folds 
idraug: folds 
Uncalled bet ($1) returned to _vig_
_vig_ collected $0.60 from pot
_vig_: doesn't show hand 
*** SUMMARY ***
Total pot $0.60 | Rake $0 
Seat 1: idraug (big blind) folded before Flop
Seat 2: jasons0147 folded before Flop (didn't bet)
Seat 3: _vig_ collected ($0.60)
Seat 4: jjppoo folded before Flop (didn't bet)
Seat 5: Alameda22 folded before Flop (didn't bet)
Seat 6: boilerski folded before Flop (didn't bet)
Seat 7: Eksal folded before Flop (didn't bet)
Seat 8: rkvelaga (button) folded before Flop (didn't bet)
Seat 9: snowpepsi (small blind) folded before Flop



PokerStars Game #20080326850:  Hold'em No Limit ($0.10/$0.25) - 2008/09/01 - 22:11:25 (ET)
Table 'Kitalpha' 9-max Seat #9 is the button
Seat 1: idraug ($16.45 in chips) 
Seat 2: jasons0147 ($25 in chips) 
Seat 3: _vig_ ($23 in chips) 
Seat 4: jjppoo ($21.80 in chips) 
Seat 5: Alameda22 ($26.15 in chips) 
Seat 6: boilerski ($15.25 in chips) 
Seat 7: Eksal ($5.65 in chips) 
Seat 8: rkvelaga ($11.10 in chips) 
Seat 9: snowpepsi ($25.60 in chips) 
idraug: posts small blind $0.10
jasons0147: posts big blind $0.25
*** HOLE CARDS ***
Dealt to Alameda22 [2h 8s]
_vig_: folds 
jjppoo: folds 
Alameda22: folds 
boilerski: calls $0.25
Eksal: folds 
rkvelaga: folds 
snowpepsi: folds 
idraug: calls $0.15
jasons0147: checks 
*** FLOP *** [8d 5h 7d]
idraug: checks 
jasons0147: checks 
boilerski: bets $0.55
idraug: folds 
jasons0147: folds 
Uncalled bet ($0.55) returned to boilerski
boilerski collected $0.75 from pot
boilerski: doesn't show hand 
*** SUMMARY ***
Total pot $0.75 | Rake $0 
Board [8d 5h 7d]
Seat 1: idraug (small blind) folded on the Flop
Seat 2: jasons0147 (big blind) folded on the Flop
Seat 3: _vig_ folded before Flop (didn't bet)
Seat 4: jjppoo folded before Flop (didn't bet)
Seat 5: Alameda22 folded before Flop (didn't bet)
Seat 6: boilerski collected ($0.75)
Seat 7: Eksal folded before Flop (didn't bet)
Seat 8: rkvelaga folded before Flop (didn't bet)
Seat 9: snowpepsi (button) folded before Flop (didn't bet)



PokerStars Game #20080348614:  Hold'em No Limit ($0.10/$0.25) - 2008/09/01 - 22:12:24 (ET)
Table 'Kitalpha' 9-max Seat #1 is the button
Seat 1: idraug ($16.20 in chips) 
Seat 2: jasons0147 ($25 in chips) 
Seat 3: _vig_ ($23 in chips) 
Seat 4: jjppoo ($21.80 in chips) 
Seat 5: Alameda22 ($26.15 in chips) 
Seat 6: boilerski ($15.75 in chips) 
Seat 7: Eksal ($5.65 in chips) 
Seat 8: rkvelaga ($11.10 in chips) 
Seat 9: snowpepsi ($25.60 in chips) 
jasons0147: posts small blind $0.10
_vig_: posts big blind $0.25
*** HOLE CARDS ***
Dealt to Alameda22 [3s 2d]
jjppoo: folds 
Alameda22: folds 
boilerski: raises $0.55 to $0.80
Eksal: folds 
rkvelaga: folds 
snowpepsi: calls $0.80
idraug: calls $0.80
jasons0147: folds 
_vig_: folds 
*** FLOP *** [7s 9d 6s]
boilerski: checks 
snowpepsi: bets $1.50
idraug: folds 
boilerski: folds 
Uncalled bet ($1.50) returned to snowpepsi
snowpepsi collected $2.65 from pot
*** SUMMARY ***
Total pot $2.75 | Rake $0.10 
Board [7s 9d 6s]
Seat 1: idraug (button) folded on the Flop
Seat 2: jasons0147 (small blind) folded before Flop
Seat 3: _vig_ (big blind) folded before Flop
Seat 4: jjppoo folded before Flop (didn't bet)
Seat 5: Alameda22 folded before Flop (didn't bet)
Seat 6: boilerski folded on the Flop
Seat 7: Eksal folded before Flop (didn't bet)
Seat 8: rkvelaga folded before Flop (didn't bet)
Seat 9: snowpepsi collected ($2.65)



PokerStars Game #20080376999:  Hold'em No Limit ($0.10/$0.25) - 2008/09/01 - 22:13:40 (ET)
Table 'Kitalpha' 9-max Seat #2 is the button
Seat 1: idraug ($15.40 in chips) 
Seat 2: jasons0147 ($25 in chips) 
Seat 3: _vig_ ($22.75 in chips) 
Seat 4: jjppoo ($21.80 in chips) 
Seat 5: Alameda22 ($26.15 in chips) 
Seat 6: boilerski ($14.95 in chips) 
Seat 7: Eksal ($5.65 in chips) 
Seat 8: rkvelaga ($11.10 in chips) 
Seat 9: snowpepsi ($27.45 in chips) 
_vig_: posts small blind $0.10
jjppoo: posts big blind $0.25
*** HOLE CARDS ***
Dealt to Alameda22 [3s Qd]
Alameda22: folds 
boilerski: folds 
Eksal: folds 
rkvelaga: folds 
snowpepsi: folds 
idraug: raises $0.50 to $0.75
jasons0147: folds 
_vig_: folds 
jjppoo: folds 
Uncalled bet ($0.50) returned to idraug
idraug collected $0.60 from pot
*** SUMMARY ***
Total pot $0.60 | Rake $0 
Seat 1: idraug collected ($0.60)
Seat 2: jasons0147 (button) folded before Flop (didn't bet)
Seat 3: _vig_ (small blind) folded before Flop
Seat 4: jjppoo (big blind) folded before Flop
Seat 5: Alameda22 folded before Flop (didn't bet)
Seat 6: boilerski folded before Flop (didn't bet)
Seat 7: Eksal folded before Flop (didn't bet)
Seat 8: rkvelaga folded before Flop (didn't bet)
Seat 9: snowpepsi folded before Flop (didn't bet)



PokerStars Game #20080397546:  Hold'em No Limit ($0.10/$0.25) - 2008/09/01 - 22:14:35 (ET)
Table 'Kitalpha' 9-max Seat #3 is the button
Seat 1: idraug ($15.75 in chips) 
Seat 2: jasons0147 ($25 in chips) 
Seat 3: _vig_ ($22.65 in chips) 
Seat 4: jjppoo ($21.55 in chips) 
Seat 5: Alameda22 ($26.15 in chips) 
Seat 6: boilerski ($14.95 in chips) 
Seat 7: Eksal ($5.65 in chips) 
Seat 8: rkvelaga ($11.10 in chips) 
Seat 9: snowpepsi ($27.45 in chips) 
jjppoo: posts small blind $0.10
Alameda22: posts big blind $0.25
*** HOLE CARDS ***
Dealt to Alameda22 [8c 5c]
boilerski: calls $0.25
Eksal: folds 
rkvelaga: calls $0.25
snowpepsi: folds 
idraug: folds 
jasons0147: calls $0.25
_vig_: folds 
jjppoo: folds 
Alameda22: checks 
*** FLOP *** [7h Ac Kc]
Alameda22: checks 
boilerski: checks 
rkvelaga: bets $0.50
jasons0147: folds 
Alameda22: calls $0.50
boilerski: folds 
*** TURN *** [7h Ac Kc] [Th]
Alameda22: checks 
rkvelaga: bets $0.75
Alameda22: folds 
Uncalled bet ($0.75) returned to rkvelaga
rkvelaga collected $2 from pot
rkvelaga: shows [Tc Kh] (two pair, Kings and Tens)
*** SUMMARY ***
Total pot $2.10 | Rake $0.10 
Board [7h Ac Kc Th]
Seat 1: idraug folded before Flop (didn't bet)
Seat 2: jasons0147 folded on the Flop
Seat 3: _vig_ (button) folded before Flop (didn't bet)
Seat 4: jjppoo (small blind) folded before Flop
Seat 5: Alameda22 (big blind) folded on the Turn
Seat 6: boilerski folded on the Flop
Seat 7: Eksal folded before Flop (didn't bet)
Seat 8: rkvelaga collected ($2)
Seat 9: snowpepsi folded before Flop (didn't bet)



PokerStars Game #20080429736:  Hold'em No Limit ($0.10/$0.25) - 2008/09/01 - 22:16:01 (ET)
Table 'Kitalpha' 9-max Seat #4 is the button
Seat 1: idraug ($15.75 in chips) 
Seat 2: jasons0147 ($25 in chips) 
Seat 3: _vig_ ($22.65 in chips) 
Seat 4: jjppoo ($21.45 in chips) 
Seat 5: Alameda22 ($25.40 in chips) 
Seat 6: boilerski ($14.70 in chips) 
Seat 7: Eksal ($5.65 in chips) 
Seat 8: rkvelaga ($12.35 in chips) 
Seat 9: snowpepsi ($27.45 in chips) 
Alameda22: posts small blind $0.10
boilerski: posts big blind $0.25
*** HOLE CARDS ***
Dealt to Alameda22 [Qs 8c]
Eksal: folds 
rkvelaga: folds 
rkvelaga is sitting out
snowpepsi: folds 
idraug: raises $0.50 to $0.75
jasons0147: calls $0.75
_vig_: folds 
jjppoo: raises $2.25 to $3
Alameda22: folds 
boilerski: folds 
idraug: folds 
jasons0147: folds 
Uncalled bet ($2.25) returned to jjppoo
jjppoo collected $2.60 from pot
jjppoo: doesn't show hand 
*** SUMMARY ***
Total pot $2.60 | Rake $0 
Seat 1: idraug folded before Flop
Seat 2: jasons0147 folded before Flop
Seat 3: _vig_ folded before Flop (didn't bet)
Seat 4: jjppoo (button) collected ($2.60)
Seat 5: Alameda22 (small blind) folded before Flop
Seat 6: boilerski (big blind) folded before Flop
Seat 7: Eksal folded before Flop (didn't bet)
Seat 8: rkvelaga folded before Flop (didn't bet)
Seat 9: snowpepsi folded before Flop (didn't bet)



PokerStars Game #20080449026:  Hold'em No Limit ($0.10/$0.25) - 2008/09/01 - 22:16:53 (ET)
Table 'Kitalpha' 9-max Seat #5 is the button
Seat 1: idraug ($15 in chips) 
Seat 2: jasons0147 ($25 in chips) 
Seat 3: _vig_ ($22.65 in chips) 
Seat 4: jjppoo ($23.30 in chips) 
Seat 5: Alameda22 ($25.30 in chips) 
Seat 6: boilerski ($14.45 in chips) 
Seat 7: Eksal ($5.65 in chips) 
Seat 9: snowpepsi ($27.45 in chips) 
boilerski: posts small blind $0.10
Eksal: posts big blind $0.25
*** HOLE CARDS ***
Dealt to Alameda22 [3c 4c]
snowpepsi: folds 
idraug: folds 
jasons0147: folds 
_vig_: folds 
jjppoo: raises $0.75 to $1
Alameda22: folds 
boilerski: folds 
Eksal: folds 
Uncalled bet ($0.75) returned to jjppoo
jjppoo collected $0.60 from pot
*** SUMMARY ***
Total pot $0.60 | Rake $0 
Seat 1: idraug folded before Flop (didn't bet)
Seat 2: jasons0147 folded before Flop (didn't bet)
Seat 3: _vig_ folded before Flop (didn't bet)
Seat 4: jjppoo collected ($0.60)
Seat 5: Alameda22 (button) folded before Flop (didn't bet)
Seat 6: boilerski (small blind) folded before Flop
Seat 7: Eksal (big blind) folded before Flop
Seat 9: snowpepsi folded before Flop (didn't bet)



PokerStars Game #20080462458:  Hold'em No Limit ($0.10/$0.25) - 2008/09/01 - 22:17:30 (ET)
Table 'Kitalpha' 9-max Seat #6 is the button
Seat 1: idraug ($15 in chips) 
Seat 2: jasons0147 ($25 in chips) 
Seat 3: _vig_ ($22.65 in chips) 
Seat 4: jjppoo ($23.65 in chips) 
Seat 5: Alameda22 ($25.30 in chips) 
Seat 6: boilerski ($14.35 in chips) 
Seat 7: Eksal ($5.40 in chips) 
Seat 9: snowpepsi ($27.45 in chips) 
Eksal: posts small blind $0.10
snowpepsi: posts big blind $0.25
*** HOLE CARDS ***
Dealt to Alameda22 [9s 8c]
idraug: raises $0.55 to $0.80
jasons0147: folds 
_vig_: folds 
jjppoo: calls $0.80
Alameda22: folds 
boilerski: folds 
Eksal: folds 
snowpepsi: folds 
*** FLOP *** [6c Qh Qs]
idraug: bets $1.25
jjppoo: folds 
Uncalled bet ($1.25) returned to idraug
idraug collected $1.90 from pot
*** SUMMARY ***
Total pot $1.95 | Rake $0.05 
Board [6c Qh Qs]
Seat 1: idraug collected ($1.90)
Seat 2: jasons0147 folded before Flop (didn't bet)
Seat 3: _vig_ folded before Flop (didn't bet)
Seat 4: jjppoo folded on the Flop
Seat 5: Alameda22 folded before Flop (didn't bet)
Seat 6: boilerski (button) folded before Flop (didn't bet)
Seat 7: Eksal (small blind) folded before Flop
Seat 9: snowpepsi (big blind) folded before Flop



PokerStars Game #20080492183:  Hold'em No Limit ($0.10/$0.25) - 2008/09/01 - 22:18:50 (ET)
Table 'Kitalpha' 9-max Seat #7 is the button
Seat 1: idraug ($16.10 in chips) 
Seat 2: jasons0147 ($25 in chips) 
Seat 3: _vig_ ($22.65 in chips) 
Seat 4: jjppoo ($22.85 in chips) 
Seat 5: Alameda22 ($25.30 in chips) 
Seat 6: boilerski ($14.35 in chips) 
Seat 7: Eksal ($5.30 in chips) 
Seat 9: snowpepsi ($27.20 in chips) 
snowpepsi: posts small blind $0.10
idraug: posts big blind $0.25
*** HOLE CARDS ***
Dealt to Alameda22 [Js 5s]
jasons0147: folds 
_vig_: folds 
jjppoo: folds 
Alameda22: folds 
boilerski: raises $0.55 to $0.80
Eksal: folds 
snowpepsi: folds 
idraug: calls $0.55
*** FLOP *** [Jd 2d 3h]
idraug: checks 
boilerski: bets $1
idraug: folds 
Uncalled bet ($1) returned to boilerski
boilerski collected $1.65 from pot
boilerski: doesn't show hand 
*** SUMMARY ***
Total pot $1.70 | Rake $0.05 
Board [Jd 2d 3h]
Seat 1: idraug (big blind) folded on the Flop
Seat 2: jasons0147 folded before Flop (didn't bet)
Seat 3: _vig_ folded before Flop (didn't bet)
Seat 4: jjppoo folded before Flop (didn't bet)
Seat 5: Alameda22 folded before Flop (didn't bet)
Seat 6: boilerski collected ($1.65)
Seat 7: Eksal (button) folded before Flop (didn't bet)
Seat 9: snowpepsi (small blind) folded before Flop



PokerStars Game #20080509989:  Hold'em No Limit ($0.10/$0.25) - 2008/09/01 - 22:19:38 (ET)
Table 'Kitalpha' 9-max Seat #9 is the button
Seat 1: idraug ($15.30 in chips) 
Seat 2: jasons0147 ($25 in chips) 
Seat 3: _vig_ ($22.65 in chips) 
Seat 4: jjppoo ($22.85 in chips) 
Seat 5: Alameda22 ($25.30 in chips) 
Seat 6: boilerski ($15.20 in chips) 
Seat 7: Eksal ($5.30 in chips) 
Seat 9: snowpepsi ($27.10 in chips) 
idraug: posts small blind $0.10
jasons0147: posts big blind $0.25
*** HOLE CARDS ***
Dealt to Alameda22 [3h 4h]
_vig_: folds 
jjppoo: folds 
Alameda22: folds 
boilerski: folds 
Eksal: raises $0.50 to $0.75
snowpepsi: folds 
idraug: calls $0.65
jasons0147: folds 
*** FLOP *** [3c 7s Qh]
idraug: checks 
Eksal: checks 
*** TURN *** [3c 7s Qh] [Kh]
idraug: bets $1.25
Eksal: raises $3.30 to $4.55 and is all-in
idraug: folds 
Uncalled bet ($3.30) returned to Eksal
Eksal collected $4.05 from pot
Eksal: doesn't show hand 
*** SUMMARY ***
Total pot $4.25 | Rake $0.20 
Board [3c 7s Qh Kh]
Seat 1: idraug (small blind) folded on the Turn
Seat 2: jasons0147 (big blind) folded before Flop
Seat 3: _vig_ folded before Flop (didn't bet)
Seat 4: jjppoo folded before Flop (didn't bet)
Seat 5: Alameda22 folded before Flop (didn't bet)
Seat 6: boilerski folded before Flop (didn't bet)
Seat 7: Eksal collected ($4.05)
Seat 9: snowpepsi (button) folded before Flop (didn't bet)



PokerStars Game #20080541155:  Hold'em No Limit ($0.10/$0.25) - 2008/09/01 - 22:21:02 (ET)
Table 'Kitalpha' 9-max Seat #1 is the button
Seat 1: idraug ($13.30 in chips) 
Seat 2: jasons0147 ($25 in chips) 
Seat 3: _vig_ ($22.65 in chips) 
Seat 4: jjppoo ($22.85 in chips) 
Seat 5: Alameda22 ($25.30 in chips) 
Seat 6: boilerski ($15.20 in chips) 
Seat 7: Eksal ($7.35 in chips) 
Seat 9: snowpepsi ($27.10 in chips) 
jasons0147: posts small blind $0.10
_vig_: posts big blind $0.25
*** HOLE CARDS ***
Dealt to Alameda22 [8s 6h]
rkvelaga has returned
jjppoo: folds 
Alameda22: folds 
boilerski: calls $0.25
Eksal: folds 
snowpepsi: folds 
idraug: folds 
jasons0147: raises $1 to $1.25
_vig_: raises $2.25 to $3.50
boilerski: folds 
Eksal leaves the table
jasons0147: calls $2.25
*** FLOP *** [Ah Jc Ts]
jasons0147: bets $4.75
_vig_: calls $4.75
*** TURN *** [Ah Jc Ts] [Td]
jasons0147: checks 
_vig_: checks 
*** RIVER *** [Ah Jc Ts Td] [As]
jjppoo leaves the table
jasons0147: checks 
_vig_: checks 
*** SHOW DOWN ***
jasons0147: shows [Ac Kd] (a full house, Aces full of Tens)
_vig_: mucks hand 
jasons0147 collected $15.95 from pot
*** SUMMARY ***
Total pot $16.75 | Rake $0.80 
Board [Ah Jc Ts Td As]
Seat 1: idraug (button) folded before Flop (didn't bet)
Seat 2: jasons0147 (small blind) showed [Ac Kd] and won ($15.95) with a full house, Aces full of Tens
Seat 3: _vig_ (big blind) mucked [Ks Kh]
Seat 4: jjppoo folded before Flop (didn't bet)
Seat 5: Alameda22 folded before Flop (didn't bet)
Seat 6: boilerski folded before Flop
Seat 7: Eksal folded before Flop (didn't bet)
Seat 9: snowpepsi folded before Flop (didn't bet)



PokerStars Game #20080580906:  Hold'em No Limit ($0.10/$0.25) - 2008/09/01 - 22:22:49 (ET)
Table 'Kitalpha' 9-max Seat #2 is the button
Seat 1: idraug ($13.30 in chips) 
Seat 2: jasons0147 ($32.70 in chips) 
Seat 3: _vig_ ($14.40 in chips) 
Seat 5: Alameda22 ($25.30 in chips) 
Seat 6: boilerski ($14.95 in chips) 
Seat 8: rkvelaga ($12.35 in chips) 
Seat 9: snowpepsi ($27.10 in chips) 
_vig_: posts small blind $0.10
Alameda22: posts big blind $0.25
rkvelaga: posts small & big blinds $0.35
*** HOLE CARDS ***
Dealt to Alameda22 [3d Kd]
boilerski: folds 
rkvelaga: checks 
boilerski leaves the table
snowpepsi: folds 
idraug: folds 
jasons0147: folds 
_vig_: calls $0.15
Alameda22: checks 
*** FLOP *** [Ah 4h 9s]
_vig_: checks 
Alameda22: checks 
rkvelaga: bets $0.25
_vig_: folds 
Alameda22: folds 
Uncalled bet ($0.25) returned to rkvelaga
rkvelaga collected $0.85 from pot
rkvelaga: shows [9d 9c] (three of a kind, Nines)
*** SUMMARY ***
Total pot $0.85 | Rake $0 
Board [Ah 4h 9s]
Seat 1: idraug folded before Flop (didn't bet)
Seat 2: jasons0147 (button) folded before Flop (didn't bet)
Seat 3: _vig_ (small blind) folded on the Flop
Seat 5: Alameda22 (big blind) folded on the Flop
Seat 6: boilerski folded before Flop (didn't bet)
Seat 8: rkvelaga collected ($0.85)
Seat 9: snowpepsi folded before Flop (didn't bet)



PokerStars Game #20080604343:  Hold'em No Limit ($0.10/$0.25) - 2008/09/01 - 22:23:52 (ET)
Table 'Kitalpha' 9-max Seat #3 is the button
Seat 1: idraug ($13.30 in chips) 
Seat 2: jasons0147 ($32.70 in chips) 
Seat 3: _vig_ ($14.15 in chips) 
Seat 5: Alameda22 ($25.05 in chips) 
Seat 8: rkvelaga ($12.85 in chips) 
Seat 9: snowpepsi ($27.10 in chips) 
Alameda22: posts small blind $0.10
rkvelaga: posts big blind $0.25
*** HOLE CARDS ***
Dealt to Alameda22 [As Tc]
snowpepsi: calls $0.25
idraug: folds 
jasons0147: folds 
_vig_: folds 
Alameda22: folds 
rkvelaga: checks 
*** FLOP *** [2h 7c 2s]
rkvelaga: checks 
snowpepsi: checks 
*** TURN *** [2h 7c 2s] [Jc]
rkvelaga: checks 
snowpepsi: checks 
*** RIVER *** [2h 7c 2s Jc] [Ah]
rkvelaga: bets $0.25
snowpepsi: raises $0.50 to $0.75
rkvelaga: calls $0.50
*** SHOW DOWN ***
snowpepsi: shows [Ad Qs] (two pair, Aces and Deuces)
rkvelaga: shows [Jh 6s] (two pair, Jacks and Deuces)
snowpepsi collected $2 from pot
*** SUMMARY ***
Total pot $2.10 | Rake $0.10 
Board [2h 7c 2s Jc Ah]
Seat 1: idraug folded before Flop (didn't bet)
Seat 2: jasons0147 folded before Flop (didn't bet)
Seat 3: _vig_ (button) folded before Flop (didn't bet)
Seat 5: Alameda22 (small blind) folded before Flop
Seat 8: rkvelaga (big blind) showed [Jh 6s] and lost with two pair, Jacks and Deuces
Seat 9: snowpepsi showed [Ad Qs] and won ($2) with two pair, Aces and Deuces



PokerStars Game #20080628004:  Hold'em No Limit ($0.10/$0.25) - 2008/09/01 - 22:24:56 (ET)
Table 'Kitalpha' 9-max Seat #5 is the button
Seat 1: idraug ($13.30 in chips) 
Seat 2: jasons0147 ($32.70 in chips) 
Seat 3: _vig_ ($14.15 in chips) 
Seat 5: Alameda22 ($24.95 in chips) 
Seat 8: rkvelaga ($11.85 in chips) 
Seat 9: snowpepsi ($28.10 in chips) 
rkvelaga: posts small blind $0.10
snowpepsi: posts big blind $0.25
*** HOLE CARDS ***
Dealt to Alameda22 [9s 4h]
idraug: raises $0.55 to $0.80
jasons0147: raises $2.20 to $3
_vig_: folds 
Alameda22: folds 
rkvelaga: folds 
snowpepsi: folds 
idraug: folds 
Uncalled bet ($2.20) returned to jasons0147
snowpepsi leaves the table
jasons0147 collected $1.95 from pot
jasons0147: doesn't show hand 
*** SUMMARY ***
Total pot $1.95 | Rake $0 
Seat 1: idraug folded before Flop
Seat 2: jasons0147 collected ($1.95)
Seat 3: _vig_ folded before Flop (didn't bet)
Seat 5: Alameda22 (button) folded before Flop (didn't bet)
Seat 8: rkvelaga (small blind) folded before Flop
Seat 9: snowpepsi (big blind) folded before Flop



PokerStars Game #20080650912:  Hold'em No Limit ($0.10/$0.25) - 2008/09/01 - 22:25:58 (ET)
Table 'Kitalpha' 9-max Seat #8 is the button
Seat 1: idraug ($12.50 in chips) 
Seat 3: _vig_ ($14.15 in chips) 
Seat 5: Alameda22 ($24.95 in chips) 
Seat 8: rkvelaga ($11.75 in chips) 
idraug: posts small blind $0.10
OMGFLUSH joins the table at seat #6 
jasons0147: is sitting out 
jasons0147 leaves the table
_vig_: posts big blind $0.25
*** HOLE CARDS ***
Dealt to Alameda22 [7h Jh]
Alameda22: folds 
rkvelaga: calls $0.25
idraug: calls $0.15
_vig_: checks 
*** FLOP *** [4d 6d As]
idraug: checks 
_vig_: checks 
rkvelaga: checks 
*** TURN *** [4d 6d As] [Th]
idraug: bets $0.75
_vig_: calls $0.75
rkvelaga: folds 
*** RIVER *** [4d 6d As Th] [Qc]
idraug: checks 
_vig_: bets $1.50
idraug: folds 
Uncalled bet ($1.50) returned to _vig_
_vig_ collected $2.15 from pot
_vig_: doesn't show hand 
idraug leaves the table
*** SUMMARY ***
Total pot $2.25 | Rake $0.10 
Board [4d 6d As Th Qc]
Seat 1: idraug (small blind) folded on the River
Seat 3: _vig_ (big blind) collected ($2.15)
Seat 5: Alameda22 folded before Flop (didn't bet)
Seat 8: rkvelaga (button) folded on the Turn



PokerStars Game #20080682752:  Hold'em No Limit ($0.10/$0.25) - 2008/09/01 - 22:27:24 (ET)
Table 'Kitalpha' 9-max Seat #3 is the button
Seat 3: _vig_ ($15.30 in chips) 
Seat 5: Alameda22 ($24.95 in chips) 
Seat 6: OMGFLUSH ($15 in chips) 
Seat 8: rkvelaga ($11.50 in chips) 
Alameda22: posts small blind $0.10
OMGFLUSH: posts big blind $0.25
*** HOLE CARDS ***
Dealt to Alameda22 [5d Qd]
rkvelaga: raises $0.50 to $0.75
_vig_: folds 
Alameda22: folds 
OMGFLUSH: calls $0.50
*** FLOP *** [5h Ks 3c]
OMGFLUSH: bets $1.25
rkvelaga: raises $1.25 to $2.50
OMGFLUSH: calls $1.25
*** TURN *** [5h Ks 3c] [Kh]
OMGFLUSH: checks 
rkvelaga: bets $1.25
OMGFLUSH: raises $3 to $4.25
rkvelaga: raises $3 to $7.25
OMGFLUSH: raises $4.50 to $11.75 and is all-in
rkvelaga: calls $1 and is all-in
Uncalled bet ($3.50) returned to OMGFLUSH
*** RIVER *** [5h Ks 3c Kh] [Qs]
*** SHOW DOWN ***
OMGFLUSH: shows [8s Kd] (three of a kind, Kings)
rkvelaga: mucks hand 
OMGFLUSH collected $22 from pot
rkvelaga leaves the table
*** SUMMARY ***
Total pot $23.10 | Rake $1.10 
Board [5h Ks 3c Kh Qs]
Seat 3: _vig_ (button) folded before Flop (didn't bet)
Seat 5: Alameda22 (small blind) folded before Flop
Seat 6: OMGFLUSH (big blind) showed [8s Kd] and won ($22) with three of a kind, Kings
Seat 8: rkvelaga mucked [Ah 5c]



