PokerStars Game #19929199704:  Hold'em No Limit ($0.10/$0.25) - 2008/08/27 - 00:00:11 (ET)
Table 'Delia' 9-max Seat #1 is the button
Seat 1: mhw080669 ($26.55 in chips) 
Seat 4: BLOTTOO ($34.85 in chips) 
Seat 8: Alameda22 ($25.80 in chips) 
Seat 9: calpoker0414 ($24.15 in chips) 
BLOTTOO: posts small blind $0.10
k030101: is sitting out 
k030101 leaves the table
Alameda22: posts big blind $0.25
*** HOLE CARDS ***
Dealt to Alameda22 [7s 5d]
calpoker0414: folds 
mhw080669: folds 
BLOTTOO: calls $0.15
Alameda22: checks 
*** FLOP *** [Js Ts Jd]
BLOTTOO: bets $0.50
Alameda22: folds 
Uncalled bet ($0.50) returned to BLOTTOO
BLOTTOO collected $0.50 from pot
BLOTTOO: doesn't show hand 
*** SUMMARY ***
Total pot $0.50 | Rake $0 
Board [Js Ts Jd]
Seat 1: mhw080669 (button) folded before Flop (didn't bet)
Seat 4: BLOTTOO (small blind) collected ($0.50)
Seat 8: Alameda22 (big blind) folded on the Flop
Seat 9: calpoker0414 folded before Flop (didn't bet)



PokerStars Game #19929221078:  Hold'em No Limit ($0.10/$0.25) - 2008/08/27 - 00:01:20 (ET)
Table 'Delia' 9-max Seat #8 is the button
Seat 4: BLOTTOO ($35.10 in chips) 
Seat 8: Alameda22 ($25.55 in chips) 
Alameda22: posts small blind $0.10
calpoker0414: is sitting out 
mhw080669: is sitting out 
mhw080669 leaves the table
BLOTTOO: posts big blind $0.25
*** HOLE CARDS ***
Dealt to Alameda22 [Kh Qs]
calpoker0414 leaves the table
Alameda22: raises $0.50 to $0.75
BLOTTOO: folds 
Uncalled bet ($0.50) returned to Alameda22
Alameda22 collected $0.50 from pot
Alameda22: doesn't show hand 
*** SUMMARY ***
Total pot $0.50 | Rake $0 
Seat 4: BLOTTOO (big blind) folded before Flop
Seat 8: Alameda22 (button) (small blind) collected ($0.50)



