PokerStars Game #20153011141:  Hold'em No Limit ($0.25/$0.50) - 2008/09/04 21:22:16 ET
Table 'Stobbe II' 9-max Seat #6 is the button
Seat 2: Pipefitter51 ($24.50 in chips) 
Seat 3: cougars3232 ($26.20 in chips) 
Seat 4: AustinSundin ($20.65 in chips) 
Seat 5: mkasson ($36.25 in chips) 
Seat 6: MrSticker66 ($49.25 in chips) 
Seat 7: schoening23 ($35.70 in chips) 
Seat 8: Alameda22 ($50 in chips) 
Seat 9: silted ($40.80 in chips) 
schoening23: posts small blind $0.25
Alameda22: posts big blind $0.50
dwq2300: sits out 
*** HOLE CARDS ***
Dealt to Alameda22 [8c 4s]
silted: folds 
Pipefitter51: calls $0.50
cougars3232: folds 
AustinSundin: folds 
mkasson: folds 
MrSticker66: folds 
schoening23: calls $0.25
Alameda22: checks 
*** FLOP *** [6c 8h 2c]
schoening23: checks 
Alameda22: checks 
Pipefitter51: bets $1
schoening23: folds 
Alameda22: folds 
Uncalled bet ($1) returned to Pipefitter51
Pipefitter51 collected $1.45 from pot
Pipefitter51: doesn't show hand 
*** SUMMARY ***
Total pot $1.50 | Rake $0.05 
Board [6c 8h 2c]
Seat 2: Pipefitter51 collected ($1.45)
Seat 3: cougars3232 folded before Flop (didn't bet)
Seat 4: AustinSundin folded before Flop (didn't bet)
Seat 5: mkasson folded before Flop (didn't bet)
Seat 6: MrSticker66 (button) folded before Flop (didn't bet)
Seat 7: schoening23 (small blind) folded on the Flop
Seat 8: Alameda22 (big blind) folded on the Flop
Seat 9: silted folded before Flop (didn't bet)



PokerStars Game #20153030538:  Hold'em No Limit ($0.25/$0.50) - 2008/09/04 21:23:09 ET
Table 'Stobbe II' 9-max Seat #7 is the button
Seat 2: Pipefitter51 ($25.45 in chips) 
Seat 3: cougars3232 ($26.20 in chips) 
Seat 4: AustinSundin ($20.65 in chips) 
Seat 5: mkasson ($36.25 in chips) 
Seat 6: MrSticker66 ($49.25 in chips) 
Seat 7: schoening23 ($35.20 in chips) 
Seat 8: Alameda22 ($49.50 in chips) 
Seat 9: silted ($40.80 in chips) 
Alameda22: posts small blind $0.25
silted: posts big blind $0.50
dwq2300: sits out 
*** HOLE CARDS ***
Dealt to Alameda22 [5h 6c]
Pipefitter51: raises $1 to $1.50
cougars3232: folds 
AustinSundin: folds 
mkasson: folds 
MrSticker66: folds 
schoening23: folds 
Alameda22: folds 
silted: folds 
Uncalled bet ($1) returned to Pipefitter51
Pipefitter51 collected $1.25 from pot
Pipefitter51: doesn't show hand 
*** SUMMARY ***
Total pot $1.25 | Rake $0 
Seat 2: Pipefitter51 collected ($1.25)
Seat 3: cougars3232 folded before Flop (didn't bet)
Seat 4: AustinSundin folded before Flop (didn't bet)
Seat 5: mkasson folded before Flop (didn't bet)
Seat 6: MrSticker66 folded before Flop (didn't bet)
Seat 7: schoening23 (button) folded before Flop (didn't bet)
Seat 8: Alameda22 (small blind) folded before Flop
Seat 9: silted (big blind) folded before Flop



PokerStars Game #20153041214:  Hold'em No Limit ($0.25/$0.50) - 2008/09/04 21:23:38 ET
Table 'Stobbe II' 9-max Seat #8 is the button
Seat 1: dwq2300 ($10 in chips) 
Seat 2: Pipefitter51 ($26.20 in chips) 
Seat 3: cougars3232 ($26.20 in chips) 
Seat 4: AustinSundin ($20.65 in chips) 
Seat 5: mkasson ($36.25 in chips) 
Seat 6: MrSticker66 ($49.25 in chips) 
Seat 7: schoening23 ($35.20 in chips) 
Seat 8: Alameda22 ($49.25 in chips) 
Seat 9: silted ($40.30 in chips) 
silted: posts small blind $0.25
dwq2300: posts big blind $0.50
*** HOLE CARDS ***
Dealt to Alameda22 [Td 3s]
Pipefitter51: calls $0.50
cougars3232: folds 
AustinSundin: calls $0.50
mkasson: folds 
MrSticker66: folds 
schoening23: folds 
Alameda22: folds 
silted: raises $0.50 to $1
dwq2300: folds 
Pipefitter51: raises $1 to $2
AustinSundin: folds 
silted: calls $1
*** FLOP *** [As 6c Jc]
silted: checks 
Pipefitter51: bets $2
silted: raises $36.30 to $38.30 and is all-in
Pipefitter51: calls $22.20 and is all-in
Uncalled bet ($14.10) returned to silted
*** TURN *** [As 6c Jc] [7s]
*** RIVER *** [As 6c Jc 7s] [6d]
*** SHOW DOWN ***
silted: shows [Jd Ac] (two pair, Aces and Jacks)
Pipefitter51: mucks hand 
silted collected $50.75 from pot
*** SUMMARY ***
Total pot $53.40 | Rake $2.65 
Board [As 6c Jc 7s 6d]
Seat 1: dwq2300 (big blind) folded before Flop
Seat 2: Pipefitter51 mucked [Qh Ad]
Seat 3: cougars3232 folded before Flop (didn't bet)
Seat 4: AustinSundin folded before Flop
Seat 5: mkasson folded before Flop (didn't bet)
Seat 6: MrSticker66 folded before Flop (didn't bet)
Seat 7: schoening23 folded before Flop (didn't bet)
Seat 8: Alameda22 (button) folded before Flop (didn't bet)
Seat 9: silted (small blind) showed [Jd Ac] and won ($50.75) with two pair, Aces and Jacks



PokerStars Game #20153068114:  Hold'em No Limit ($0.25/$0.50) - 2008/09/04 21:24:51 ET
Table 'Stobbe II' 9-max Seat #9 is the button
Seat 1: dwq2300 ($9.50 in chips) 
Seat 3: cougars3232 ($26.20 in chips) 
Seat 4: AustinSundin ($20.15 in chips) 
Seat 5: mkasson ($36.25 in chips) 
Seat 6: MrSticker66 ($49.25 in chips) 
Seat 7: schoening23 ($35.20 in chips) 
Seat 8: Alameda22 ($49.25 in chips) 
Seat 9: silted ($64.85 in chips) 
dwq2300: posts small blind $0.25
cougars3232: posts big blind $0.50
*** HOLE CARDS ***
Dealt to Alameda22 [8s 6d]
AustinSundin: calls $0.50
mkasson: folds 
MrSticker66: folds 
schoening23: calls $0.50
Pipefitter51 has returned
Alameda22: folds 
silted: folds 
silted leaves the table
dwq2300: calls $0.25
cougars3232: checks 
*** FLOP *** [6c 8d 4c]
Buzzkiller1 joins the table at seat #9 
dwq2300: checks 
cougars3232: checks 
AustinSundin: checks 
schoening23: checks 
*** TURN *** [6c 8d 4c] [4d]
dwq2300: checks 
cougars3232: checks 
AustinSundin: checks 
schoening23: checks 
*** RIVER *** [6c 8d 4c 4d] [Qs]
dwq2300: checks 
cougars3232: checks 
AustinSundin: checks 
schoening23: checks 
*** SHOW DOWN ***
dwq2300: shows [5d 3s] (a pair of Fours)
cougars3232: shows [Th 5c] (a pair of Fours - Queen+Ten kicker)
AustinSundin: shows [Kh Ts] (a pair of Fours - King kicker)
schoening23: mucks hand 
AustinSundin collected $1.90 from pot
*** SUMMARY ***
Total pot $2 | Rake $0.10 
Board [6c 8d 4c 4d Qs]
Seat 1: dwq2300 (small blind) showed [5d 3s] and lost with a pair of Fours
Seat 3: cougars3232 (big blind) showed [Th 5c] and lost with a pair of Fours
Seat 4: AustinSundin showed [Kh Ts] and won ($1.90) with a pair of Fours
Seat 5: mkasson folded before Flop (didn't bet)
Seat 6: MrSticker66 folded before Flop (didn't bet)
Seat 7: schoening23 mucked [9d Jh]
Seat 8: Alameda22 folded before Flop (didn't bet)
Seat 9: silted (button) folded before Flop (didn't bet)



PokerStars Game #20153094336:  Hold'em No Limit ($0.25/$0.50) - 2008/09/04 21:26:02 ET
Table 'Stobbe II' 9-max Seat #1 is the button
Seat 1: dwq2300 ($9 in chips) 
Seat 3: cougars3232 ($25.70 in chips) 
Seat 4: AustinSundin ($21.55 in chips) 
Seat 5: mkasson ($36.25 in chips) 
Seat 6: MrSticker66 ($49.25 in chips) 
Seat 7: schoening23 ($34.70 in chips) 
Seat 8: Alameda22 ($49.25 in chips) 
Seat 9: Buzzkiller1 ($30 in chips) 
Pipefitter51 will be allowed to play after the button
cougars3232: posts small blind $0.25
AustinSundin: posts big blind $0.50
Buzzkiller1: posts big blind $0.50
*** HOLE CARDS ***
Dealt to Alameda22 [2d Ah]
mkasson: raises $0.50 to $1
MrSticker66: folds 
schoening23: calls $1
Alameda22: folds 
Buzzkiller1: calls $0.50
dwq2300: folds 
cougars3232: calls $0.75
AustinSundin: calls $0.50
*** FLOP *** [Kd Kc 6d]
cougars3232: checks 
AustinSundin: checks 
mkasson: bets $1
schoening23: folds 
Buzzkiller1: folds 
cougars3232: folds 
AustinSundin: folds 
Uncalled bet ($1) returned to mkasson
mkasson collected $4.75 from pot
mkasson: doesn't show hand 
*** SUMMARY ***
Total pot $5 | Rake $0.25 
Board [Kd Kc 6d]
Seat 1: dwq2300 (button) folded before Flop (didn't bet)
Seat 3: cougars3232 (small blind) folded on the Flop
Seat 4: AustinSundin (big blind) folded on the Flop
Seat 5: mkasson collected ($4.75)
Seat 6: MrSticker66 folded before Flop (didn't bet)
Seat 7: schoening23 folded on the Flop
Seat 8: Alameda22 folded before Flop (didn't bet)
Seat 9: Buzzkiller1 folded on the Flop



PokerStars Game #20153113733:  Hold'em No Limit ($0.25/$0.50) - 2008/09/04 21:26:56 ET
Table 'Stobbe II' 9-max Seat #3 is the button
Seat 1: dwq2300 ($9 in chips) 
Seat 2: Pipefitter51 ($30 in chips) 
Seat 3: cougars3232 ($24.70 in chips) 
Seat 4: AustinSundin ($20.55 in chips) 
Seat 5: mkasson ($40 in chips) 
Seat 6: MrSticker66 ($49.25 in chips) 
Seat 7: schoening23 ($33.70 in chips) 
Seat 8: Alameda22 ($49.25 in chips) 
Seat 9: Buzzkiller1 ($29 in chips) 
AustinSundin: posts small blind $0.25
mkasson: posts big blind $0.50
Pipefitter51: posts small & big blinds $0.75
*** HOLE CARDS ***
Dealt to Alameda22 [Qs Kd]
MrSticker66: calls $0.50
schoening23: folds 
Alameda22: folds 
Buzzkiller1 has timed out
Buzzkiller1: folds 
Buzzkiller1 is sitting out
dwq2300: folds 
Pipefitter51: checks 
cougars3232: folds 
AustinSundin: calls $0.25
mkasson: checks 
*** FLOP *** [Kh 7h Jh]
AustinSundin: checks 
mkasson: checks 
MrSticker66: checks 
Pipefitter51: checks 
*** TURN *** [Kh 7h Jh] [4h]
AustinSundin: bets $1
mkasson: calls $1
MrSticker66: folds 
Pipefitter51: calls $1
*** RIVER *** [Kh 7h Jh 4h] [Td]
AustinSundin: checks 
mkasson: checks 
Pipefitter51: checks 
Buzzkiller1 has returned
*** SHOW DOWN ***
AustinSundin: shows [9h 4d] (a flush, King high)
mkasson: mucks hand 
Pipefitter51: mucks hand 
AustinSundin collected $5 from pot
*** SUMMARY ***
Total pot $5.25 | Rake $0.25 
Board [Kh 7h Jh 4h Td]
Seat 1: dwq2300 folded before Flop (didn't bet)
Seat 2: Pipefitter51 mucked [8d 5c]
Seat 3: cougars3232 (button) folded before Flop (didn't bet)
Seat 4: AustinSundin (small blind) showed [9h 4d] and won ($5) with a flush, King high
Seat 5: mkasson (big blind) mucked [2h 4c]
Seat 6: MrSticker66 folded on the Turn
Seat 7: schoening23 folded before Flop (didn't bet)
Seat 8: Alameda22 folded before Flop (didn't bet)
Seat 9: Buzzkiller1 folded before Flop (didn't bet)



PokerStars Game #20153159917:  Hold'em No Limit ($0.25/$0.50) - 2008/09/04 21:29:02 ET
Table 'Stobbe II' 9-max Seat #4 is the button
Seat 1: dwq2300 ($9 in chips) 
Seat 2: Pipefitter51 ($28.25 in chips) 
Seat 3: cougars3232 ($24.70 in chips) 
Seat 4: AustinSundin ($24.05 in chips) 
Seat 5: mkasson ($38.50 in chips) 
Seat 6: MrSticker66 ($48.75 in chips) 
Seat 7: schoening23 ($33.70 in chips) 
Seat 8: Alameda22 ($49.25 in chips) 
Seat 9: Buzzkiller1 ($29 in chips) 
mkasson: posts small blind $0.25
MrSticker66: posts big blind $0.50
*** HOLE CARDS ***
Dealt to Alameda22 [Ah Qh]
schoening23: calls $0.50
Alameda22: raises $2 to $2.50
Buzzkiller1: folds 
dwq2300: folds 
Pipefitter51: folds 
cougars3232: calls $2.50
AustinSundin: folds 
mkasson: folds 
MrSticker66: folds 
schoening23: folds 
*** FLOP *** [Jd 3c Js]
Alameda22: bets $4
cougars3232: raises $4 to $8
Alameda22: folds 
Uncalled bet ($4) returned to cougars3232
cougars3232 collected $13.60 from pot
cougars3232: doesn't show hand 
*** SUMMARY ***
Total pot $14.25 | Rake $0.65 
Board [Jd 3c Js]
Seat 1: dwq2300 folded before Flop (didn't bet)
Seat 2: Pipefitter51 folded before Flop (didn't bet)
Seat 3: cougars3232 collected ($13.60)
Seat 4: AustinSundin (button) folded before Flop (didn't bet)
Seat 5: mkasson (small blind) folded before Flop
Seat 6: MrSticker66 (big blind) folded before Flop
Seat 7: schoening23 folded before Flop
Seat 8: Alameda22 folded on the Flop
Seat 9: Buzzkiller1 folded before Flop (didn't bet)



PokerStars Game #20153183297:  Hold'em No Limit ($0.25/$0.50) - 2008/09/04 21:30:05 ET
Table 'Stobbe II' 9-max Seat #5 is the button
Seat 1: dwq2300 ($9 in chips) 
Seat 2: Pipefitter51 ($28.25 in chips) 
Seat 3: cougars3232 ($31.80 in chips) 
Seat 4: AustinSundin ($24.05 in chips) 
Seat 5: mkasson ($38.25 in chips) 
Seat 6: MrSticker66 ($48.25 in chips) 
Seat 7: schoening23 ($33.20 in chips) 
Seat 8: Alameda22 ($42.75 in chips) 
Seat 9: Buzzkiller1 ($29 in chips) 
MrSticker66: posts small blind $0.25
schoening23: posts big blind $0.50
*** HOLE CARDS ***
Dealt to Alameda22 [9s 3s]
Alameda22: folds 
Buzzkiller1: folds 
dwq2300: folds 
Pipefitter51: folds 
cougars3232: calls $0.50
AustinSundin: folds 
mkasson: folds 
MrSticker66: raises $2 to $2.50
schoening23: folds 
Pipefitter51 leaves the table
cougars3232: calls $2
*** FLOP *** [Jc 3d Qc]
Maxi_dp4 joins the table at seat #2 
MrSticker66: bets $4.50
cougars3232: calls $4.50
*** TURN *** [Jc 3d Qc] [As]
MrSticker66: checks 
cougars3232: checks 
*** RIVER *** [Jc 3d Qc As] [7h]
MrSticker66: checks 
cougars3232: bets $2.50
MrSticker66: folds 
Uncalled bet ($2.50) returned to cougars3232
cougars3232 collected $13.80 from pot
cougars3232 said, "nothing?"
*** SUMMARY ***
Total pot $14.50 | Rake $0.70 
Board [Jc 3d Qc As 7h]
Seat 1: dwq2300 folded before Flop (didn't bet)
Seat 2: Pipefitter51 folded before Flop (didn't bet)
Seat 3: cougars3232 collected ($13.80)
Seat 4: AustinSundin folded before Flop (didn't bet)
Seat 5: mkasson (button) folded before Flop (didn't bet)
Seat 6: MrSticker66 (small blind) folded on the River
Seat 7: schoening23 (big blind) folded before Flop
Seat 8: Alameda22 folded before Flop (didn't bet)
Seat 9: Buzzkiller1 folded before Flop (didn't bet)



PokerStars Game #20153204149:  Hold'em No Limit ($0.25/$0.50) - 2008/09/04 21:31:02 ET
Table 'Stobbe II' 9-max Seat #6 is the button
Seat 1: dwq2300 ($9 in chips) 
Seat 3: cougars3232 ($38.60 in chips) 
Seat 4: AustinSundin ($24.05 in chips) 
Seat 5: mkasson ($38.25 in chips) 
Seat 6: MrSticker66 ($41.25 in chips) 
Seat 7: schoening23 ($32.70 in chips) 
Seat 8: Alameda22 ($42.75 in chips) 
Seat 9: Buzzkiller1 ($29 in chips) 
schoening23: posts small blind $0.25
Alameda22: posts big blind $0.50
Maxi_dp4: sits out 
*** HOLE CARDS ***
Dealt to Alameda22 [9h Td]
Buzzkiller1: folds 
dwq2300: folds 
cougars3232: calls $0.50
AustinSundin: folds 
mkasson: folds 
MrSticker66 said, "yeah, I su.ck"
MrSticker66: calls $0.50
schoening23: calls $0.25
Alameda22: checks 
*** FLOP *** [5s Ks 5c]
schoening23: checks 
Alameda22: checks 
cougars3232: checks 
MrSticker66: checks 
*** TURN *** [5s Ks 5c] [Kc]
schoening23: checks 
Alameda22: checks 
cougars3232: checks 
MrSticker66: checks 
*** RIVER *** [5s Ks 5c Kc] [Th]
schoening23: checks 
Alameda22: checks 
cougars3232: checks 
MrSticker66: checks 
*** SHOW DOWN ***
schoening23: shows [8d Qs] (two pair, Kings and Fives)
Alameda22: shows [9h Td] (two pair, Kings and Tens)
cougars3232: mucks hand 
MrSticker66: shows [Tc Jc] (two pair, Kings and Tens - Jack kicker)
MrSticker66 collected $1.90 from pot
*** SUMMARY ***
Total pot $2 | Rake $0.10 
Board [5s Ks 5c Kc Th]
Seat 1: dwq2300 folded before Flop (didn't bet)
Seat 3: cougars3232 mucked [9c 9s]
Seat 4: AustinSundin folded before Flop (didn't bet)
Seat 5: mkasson folded before Flop (didn't bet)
Seat 6: MrSticker66 (button) showed [Tc Jc] and won ($1.90) with two pair, Kings and Tens
Seat 7: schoening23 (small blind) showed [8d Qs] and lost with two pair, Kings and Fives
Seat 8: Alameda22 (big blind) showed [9h Td] and lost with two pair, Kings and Tens
Seat 9: Buzzkiller1 folded before Flop (didn't bet)



PokerStars Game #20153232091:  Hold'em No Limit ($0.25/$0.50) - 2008/09/04 21:32:18 ET
Table 'Stobbe II' 9-max Seat #7 is the button
Seat 1: dwq2300 ($9 in chips) 
Seat 3: cougars3232 ($38.10 in chips) 
Seat 4: AustinSundin ($24.05 in chips) 
Seat 5: mkasson ($38.25 in chips) 
Seat 6: MrSticker66 ($42.65 in chips) 
Seat 7: schoening23 ($32.20 in chips) 
Seat 8: Alameda22 ($42.25 in chips) 
Seat 9: Buzzkiller1 ($29 in chips) 
Alameda22: posts small blind $0.25
Buzzkiller1: posts big blind $0.50
Maxi_dp4: sits out 
*** HOLE CARDS ***
Dealt to Alameda22 [Ks Qc]
dwq2300: folds 
cougars3232: folds 
AustinSundin: folds 
mkasson: raises $1 to $1.50
MrSticker66: folds 
schoening23: folds 
Alameda22: folds 
Buzzkiller1: calls $1
*** FLOP *** [Js 2s Ad]
Buzzkiller1: bets $1.50
mkasson: calls $1.50
*** TURN *** [Js 2s Ad] [3d]
Buzzkiller1: bets $3
mkasson: calls $3
*** RIVER *** [Js 2s Ad 3d] [4c]
Buzzkiller1: bets $5
mkasson: folds 
Uncalled bet ($5) returned to Buzzkiller1
Buzzkiller1 collected $11.70 from pot
Buzzkiller1: doesn't show hand 
*** SUMMARY ***
Total pot $12.25 | Rake $0.55 
Board [Js 2s Ad 3d 4c]
Seat 1: dwq2300 folded before Flop (didn't bet)
Seat 3: cougars3232 folded before Flop (didn't bet)
Seat 4: AustinSundin folded before Flop (didn't bet)
Seat 5: mkasson folded on the River
Seat 6: MrSticker66 folded before Flop (didn't bet)
Seat 7: schoening23 (button) folded before Flop (didn't bet)
Seat 8: Alameda22 (small blind) folded before Flop
Seat 9: Buzzkiller1 (big blind) collected ($11.70)



PokerStars Game #20153262588:  Hold'em No Limit ($0.25/$0.50) - 2008/09/04 21:33:41 ET
Table 'Stobbe II' 9-max Seat #8 is the button
Seat 1: dwq2300 ($9 in chips) 
Seat 3: cougars3232 ($38.10 in chips) 
Seat 4: AustinSundin ($24.05 in chips) 
Seat 5: mkasson ($32.25 in chips) 
Seat 6: MrSticker66 ($47.65 in chips) 
Seat 7: schoening23 ($32.20 in chips) 
Seat 8: Alameda22 ($42 in chips) 
Seat 9: Buzzkiller1 ($34.70 in chips) 
Buzzkiller1: posts small blind $0.25
dwq2300: posts big blind $0.50
Maxi_dp4: sits out 
*** HOLE CARDS ***
Dealt to Alameda22 [5s 3s]
cougars3232: folds 
AustinSundin: folds 
mkasson: folds 
MrSticker66: folds 
schoening23: folds 
Alameda22: folds 
Buzzkiller1: calls $0.25
dwq2300: checks 
*** FLOP *** [Jc 5h 7h]
Buzzkiller1: checks 
dwq2300: bets $0.50
Buzzkiller1: raises $1 to $1.50
dwq2300: folds 
Uncalled bet ($1) returned to Buzzkiller1
Buzzkiller1 collected $1.95 from pot
Buzzkiller1: doesn't show hand 
*** SUMMARY ***
Total pot $2 | Rake $0.05 
Board [Jc 5h 7h]
Seat 1: dwq2300 (big blind) folded on the Flop
Seat 3: cougars3232 folded before Flop (didn't bet)
Seat 4: AustinSundin folded before Flop (didn't bet)
Seat 5: mkasson folded before Flop (didn't bet)
Seat 6: MrSticker66 folded before Flop (didn't bet)
Seat 7: schoening23 folded before Flop (didn't bet)
Seat 8: Alameda22 (button) folded before Flop (didn't bet)
Seat 9: Buzzkiller1 (small blind) collected ($1.95)



PokerStars Game #20153282155:  Hold'em No Limit ($0.25/$0.50) - 2008/09/04 21:34:36 ET
Table 'Stobbe II' 9-max Seat #9 is the button
Seat 1: dwq2300 ($8 in chips) 
Seat 2: Maxi_dp4 ($50 in chips) 
Seat 3: cougars3232 ($38.10 in chips) 
Seat 4: AustinSundin ($24.05 in chips) 
Seat 5: mkasson ($32.25 in chips) 
Seat 6: MrSticker66 ($47.65 in chips) 
Seat 7: schoening23 ($32.20 in chips) 
Seat 8: Alameda22 ($42 in chips) 
Seat 9: Buzzkiller1 ($35.65 in chips) 
dwq2300: posts small blind $0.25
Maxi_dp4: posts big blind $0.50
*** HOLE CARDS ***
Dealt to Alameda22 [2c As]
cougars3232: folds 
AustinSundin: calls $0.50
mkasson: calls $0.50
MrSticker66: folds 
schoening23: raises $0.50 to $1
Alameda22: folds 
Buzzkiller1: folds 
dwq2300: folds 
Maxi_dp4: folds 
AustinSundin: calls $0.50
mkasson: calls $0.50
*** FLOP *** [8d 4d Js]
AustinSundin: checks 
mkasson: checks 
schoening23: checks 
*** TURN *** [8d 4d Js] [4s]
AustinSundin: checks 
mkasson: checks 
schoening23: bets $1
AustinSundin: folds 
mkasson: folds 
Uncalled bet ($1) returned to schoening23
schoening23 collected $3.60 from pot
schoening23: shows [Ad Jd] (two pair, Jacks and Fours)
*** SUMMARY ***
Total pot $3.75 | Rake $0.15 
Board [8d 4d Js 4s]
Seat 1: dwq2300 (small blind) folded before Flop
Seat 2: Maxi_dp4 (big blind) folded before Flop
Seat 3: cougars3232 folded before Flop (didn't bet)
Seat 4: AustinSundin folded on the Turn
Seat 5: mkasson folded on the Turn
Seat 6: MrSticker66 folded before Flop (didn't bet)
Seat 7: schoening23 collected ($3.60)
Seat 8: Alameda22 folded before Flop (didn't bet)
Seat 9: Buzzkiller1 (button) folded before Flop (didn't bet)



PokerStars Game #20153310388:  Hold'em No Limit ($0.25/$0.50) - 2008/09/04 21:35:53 ET
Table 'Stobbe II' 9-max Seat #1 is the button
Seat 1: dwq2300 ($7.75 in chips) 
Seat 2: Maxi_dp4 ($49.50 in chips) 
Seat 3: cougars3232 ($38.10 in chips) 
Seat 4: AustinSundin ($23.05 in chips) 
Seat 5: mkasson ($31.25 in chips) 
Seat 6: MrSticker66 ($47.65 in chips) 
Seat 7: schoening23 ($34.80 in chips) 
Seat 8: Alameda22 ($42 in chips) 
Seat 9: Buzzkiller1 ($35.65 in chips) 
Maxi_dp4: posts small blind $0.25
cougars3232: posts big blind $0.50
*** HOLE CARDS ***
Dealt to Alameda22 [Ac Ah]
AustinSundin said, "nh"
AustinSundin: calls $0.50
mkasson: folds 
MrSticker66: folds 
schoening23: calls $0.50
Alameda22: raises $2.50 to $3
Buzzkiller1: folds 
dwq2300: folds 
Maxi_dp4: folds 
cougars3232: calls $2.50
AustinSundin: calls $2.50
schoening23: folds 
*** FLOP *** [5s 7h 6c]
cougars3232: checks 
AustinSundin: bets $20.05 and is all-in
schoening23 said, "thx"
Alameda22: calls $20.05
cougars3232: folds 
*** TURN *** [5s 7h 6c] [3s]
*** RIVER *** [5s 7h 6c 3s] [3c]
*** SHOW DOWN ***
AustinSundin: shows [8d 8h] (two pair, Eights and Threes)
Alameda22: shows [Ac Ah] (two pair, Aces and Threes)
Alameda22 collected $47.40 from pot
*** SUMMARY ***
Total pot $49.85 | Rake $2.45 
Board [5s 7h 6c 3s 3c]
Seat 1: dwq2300 (button) folded before Flop (didn't bet)
Seat 2: Maxi_dp4 (small blind) folded before Flop
Seat 3: cougars3232 (big blind) folded on the Flop
Seat 4: AustinSundin showed [8d 8h] and lost with two pair, Eights and Threes
Seat 5: mkasson folded before Flop (didn't bet)
Seat 6: MrSticker66 folded before Flop (didn't bet)
Seat 7: schoening23 folded before Flop
Seat 8: Alameda22 showed [Ac Ah] and won ($47.40) with two pair, Aces and Threes
Seat 9: Buzzkiller1 folded before Flop (didn't bet)



PokerStars Game #20153338861:  Hold'em No Limit ($0.25/$0.50) - 2008/09/04 21:37:13 ET
Table 'Stobbe II' 9-max Seat #2 is the button
Seat 1: dwq2300 ($7.75 in chips) 
Seat 2: Maxi_dp4 ($49.25 in chips) 
Seat 3: cougars3232 ($35.10 in chips) 
Seat 5: mkasson ($31.25 in chips) 
Seat 6: MrSticker66 ($47.65 in chips) 
Seat 7: schoening23 ($34.30 in chips) 
Seat 8: Alameda22 ($66.35 in chips) 
Seat 9: Buzzkiller1 ($35.65 in chips) 
cougars3232: posts small blind $0.25
mkasson: posts big blind $0.50
*** HOLE CARDS ***
Dealt to Alameda22 [Jh Qs]
MrSticker66: folds 
schoening23: calls $0.50
AustinSundin leaves the table
Alameda22: folds 
Buzzkiller1: folds 
cougars3232 said, "donkey down"
dwq2300: calls $0.50
Maxi_dp4: folds 
cougars3232: calls $0.25
mkasson: checks 
*** FLOP *** [7c 6h Js]
cougars3232: checks 
SweetSerena joins the table at seat #4 
mkasson: bets $1
schoening23: folds 
dwq2300: folds 
cougars3232: folds 
Uncalled bet ($1) returned to mkasson
mkasson collected $1.90 from pot
mkasson: doesn't show hand 
*** SUMMARY ***
Total pot $2 | Rake $0.10 
Board [7c 6h Js]
Seat 1: dwq2300 folded on the Flop
Seat 2: Maxi_dp4 (button) folded before Flop (didn't bet)
Seat 3: cougars3232 (small blind) folded on the Flop
Seat 5: mkasson (big blind) collected ($1.90)
Seat 6: MrSticker66 folded before Flop (didn't bet)
Seat 7: schoening23 folded on the Flop
Seat 8: Alameda22 folded before Flop (didn't bet)
Seat 9: Buzzkiller1 folded before Flop (didn't bet)



PokerStars Game #20153359067:  Hold'em No Limit ($0.25/$0.50) - 2008/09/04 21:38:09 ET
Table 'Stobbe II' 9-max Seat #3 is the button
Seat 1: dwq2300 ($7.25 in chips) 
Seat 2: Maxi_dp4 ($49.25 in chips) 
Seat 3: cougars3232 ($34.60 in chips) 
Seat 5: mkasson ($32.65 in chips) 
Seat 6: MrSticker66 ($47.65 in chips) 
Seat 7: schoening23 ($33.80 in chips) 
Seat 8: Alameda22 ($66.35 in chips) 
Seat 9: Buzzkiller1 ($35.65 in chips) 
SweetSerena will be allowed to play after the button
mkasson: posts small blind $0.25
MrSticker66: posts big blind $0.50
*** HOLE CARDS ***
Dealt to Alameda22 [3s 9h]
schoening23: folds 
Alameda22: folds 
Buzzkiller1: folds 
dwq2300: folds 
Maxi_dp4: folds 
cougars3232: calls $0.50
mkasson: calls $0.25
MrSticker66: checks 
*** FLOP *** [Ac 3d 4s]
mkasson: checks 
MrSticker66: checks 
cougars3232: checks 
*** TURN *** [Ac 3d 4s] [Ad]
mkasson: checks 
MrSticker66: checks 
cougars3232: checks 
*** RIVER *** [Ac 3d 4s Ad] [2c]
mkasson: checks 
MrSticker66: checks 
cougars3232: checks 
*** SHOW DOWN ***
mkasson: shows [2d 9c] (two pair, Aces and Deuces)
MrSticker66: mucks hand 
cougars3232: mucks hand 
mkasson collected $1.45 from pot
*** SUMMARY ***
Total pot $1.50 | Rake $0.05 
Board [Ac 3d 4s Ad 2c]
Seat 1: dwq2300 folded before Flop (didn't bet)
Seat 2: Maxi_dp4 folded before Flop (didn't bet)
Seat 3: cougars3232 (button) mucked [Td 8s]
Seat 5: mkasson (small blind) showed [2d 9c] and won ($1.45) with two pair, Aces and Deuces
Seat 6: MrSticker66 (big blind) mucked [Qc 6c]
Seat 7: schoening23 folded before Flop (didn't bet)
Seat 8: Alameda22 folded before Flop (didn't bet)
Seat 9: Buzzkiller1 folded before Flop (didn't bet)



PokerStars Game #20153378517:  Hold'em No Limit ($0.25/$0.50) - 2008/09/04 21:39:02 ET
Table 'Stobbe II' 9-max Seat #5 is the button
Seat 1: dwq2300 ($7.25 in chips) 
Seat 2: Maxi_dp4 ($49.25 in chips) 
Seat 3: cougars3232 ($34.10 in chips) 
Seat 4: SweetSerena ($30 in chips) 
Seat 5: mkasson ($33.60 in chips) 
Seat 6: MrSticker66 ($47.15 in chips) 
Seat 7: schoening23 ($33.80 in chips) 
Seat 8: Alameda22 ($66.35 in chips) 
Seat 9: Buzzkiller1 ($35.65 in chips) 
MrSticker66: posts small blind $0.25
schoening23: posts big blind $0.50
SweetSerena: posts big blind $0.50
*** HOLE CARDS ***
Dealt to Alameda22 [6c Ts]
Alameda22: folds 
Buzzkiller1: folds 
dwq2300: folds 
Maxi_dp4: folds 
cougars3232: raises $2 to $2.50
SweetSerena: folds 
mkasson: calls $2.50
MrSticker66: calls $2.25
schoening23: folds 
*** FLOP *** [5s 3h Kc]
MrSticker66: checks 
cougars3232: checks 
mkasson: checks 
*** TURN *** [5s 3h Kc] [4s]
MrSticker66: bets $4
cougars3232: calls $4
mkasson: calls $4
*** RIVER *** [5s 3h Kc 4s] [8c]
MrSticker66: bets $10
cougars3232: calls $10
mkasson: folds 
*** SHOW DOWN ***
MrSticker66: shows [Ac As] (a pair of Aces)
cougars3232: mucks hand 
MrSticker66 collected $38.55 from pot
*** SUMMARY ***
Total pot $40.50 | Rake $1.95 
Board [5s 3h Kc 4s 8c]
Seat 1: dwq2300 folded before Flop (didn't bet)
Seat 2: Maxi_dp4 folded before Flop (didn't bet)
Seat 3: cougars3232 mucked [Kd Jh]
Seat 4: SweetSerena folded before Flop
Seat 5: mkasson (button) folded on the River
Seat 6: MrSticker66 (small blind) showed [Ac As] and won ($38.55) with a pair of Aces
Seat 7: schoening23 (big blind) folded before Flop
Seat 8: Alameda22 folded before Flop (didn't bet)
Seat 9: Buzzkiller1 folded before Flop (didn't bet)



PokerStars Game #20153404338:  Hold'em No Limit ($0.25/$0.50) - 2008/09/04 21:40:14 ET
Table 'Stobbe II' 9-max Seat #6 is the button
Seat 1: dwq2300 ($7.25 in chips) 
Seat 2: Maxi_dp4 ($49.25 in chips) 
Seat 3: cougars3232 ($17.60 in chips) 
Seat 4: SweetSerena ($29.50 in chips) 
Seat 5: mkasson ($27.10 in chips) 
Seat 6: MrSticker66 ($69.20 in chips) 
Seat 7: schoening23 ($33.30 in chips) 
Seat 8: Alameda22 ($66.35 in chips) 
Seat 9: Buzzkiller1 ($35.65 in chips) 
schoening23: posts small blind $0.25
Alameda22: posts big blind $0.50
*** HOLE CARDS ***
Dealt to Alameda22 [Jd Qs]
Buzzkiller1: folds 
dwq2300: folds 
Maxi_dp4: folds 
cougars3232: calls $0.50
SweetSerena: folds 
mkasson: folds 
MrSticker66: folds 
schoening23: calls $0.25
Alameda22: checks 
*** FLOP *** [6c 5s 4d]
schoening23: bets $1
Alameda22: folds 
cougars3232: folds 
Uncalled bet ($1) returned to schoening23
schoening23 collected $1.45 from pot
schoening23: doesn't show hand 
*** SUMMARY ***
Total pot $1.50 | Rake $0.05 
Board [6c 5s 4d]
Seat 1: dwq2300 folded before Flop (didn't bet)
Seat 2: Maxi_dp4 folded before Flop (didn't bet)
Seat 3: cougars3232 folded on the Flop
Seat 4: SweetSerena folded before Flop (didn't bet)
Seat 5: mkasson folded before Flop (didn't bet)
Seat 6: MrSticker66 (button) folded before Flop (didn't bet)
Seat 7: schoening23 (small blind) collected ($1.45)
Seat 8: Alameda22 (big blind) folded on the Flop
Seat 9: Buzzkiller1 folded before Flop (didn't bet)



PokerStars Game #20153424339:  Hold'em No Limit ($0.25/$0.50) - 2008/09/04 21:41:07 ET
Table 'Stobbe II' 9-max Seat #7 is the button
Seat 1: dwq2300 ($7.25 in chips) 
Seat 2: Maxi_dp4 ($49.25 in chips) 
Seat 3: cougars3232 ($17.10 in chips) 
Seat 4: SweetSerena ($29.50 in chips) 
Seat 5: mkasson ($27.10 in chips) 
Seat 6: MrSticker66 ($69.20 in chips) 
Seat 7: schoening23 ($34.25 in chips) 
Seat 8: Alameda22 ($65.85 in chips) 
Seat 9: Buzzkiller1 ($35.65 in chips) 
Alameda22: posts small blind $0.25
Buzzkiller1: posts big blind $0.50
*** HOLE CARDS ***
Dealt to Alameda22 [8s Qd]
dwq2300: folds 
Maxi_dp4: folds 
cougars3232: folds 
SweetSerena: calls $0.50
mkasson: calls $0.50
MrSticker66: folds 
schoening23: calls $0.50
Alameda22: folds 
Buzzkiller1: checks 
*** FLOP *** [Kh 7c 2h]
Buzzkiller1: checks 
SweetSerena: checks 
mkasson: bets $1
schoening23: folds 
Buzzkiller1: raises $1.50 to $2.50
SweetSerena: raises $2 to $4.50
mkasson: calls $3.50
Buzzkiller1: calls $2
*** TURN *** [Kh 7c 2h] [Ad]
Buzzkiller1: checks 
SweetSerena: bets $5
mkasson: calls $5
Buzzkiller1: calls $5
*** RIVER *** [Kh 7c 2h Ad] [4s]
Buzzkiller1: checks 
SweetSerena: bets $10
mkasson: raises $7.10 to $17.10 and is all-in
Buzzkiller1: folds 
SweetSerena: calls $7.10
*** SHOW DOWN ***
mkasson: shows [9h Kd] (a pair of Kings)
SweetSerena: shows [7d 7h] (three of a kind, Sevens)
SweetSerena collected $61.95 from pot
*** SUMMARY ***
Total pot $64.95 | Rake $3 
Board [Kh 7c 2h Ad 4s]
Seat 1: dwq2300 folded before Flop (didn't bet)
Seat 2: Maxi_dp4 folded before Flop (didn't bet)
Seat 3: cougars3232 folded before Flop (didn't bet)
Seat 4: SweetSerena showed [7d 7h] and won ($61.95) with three of a kind, Sevens
Seat 5: mkasson showed [9h Kd] and lost with a pair of Kings
Seat 6: MrSticker66 folded before Flop (didn't bet)
Seat 7: schoening23 (button) folded on the Flop
Seat 8: Alameda22 (small blind) folded before Flop
Seat 9: Buzzkiller1 (big blind) folded on the River



PokerStars Game #20153493164:  Hold'em No Limit ($0.25/$0.50) - 2008/09/04 21:44:13 ET
Table 'Stobbe II' 9-max Seat #8 is the button
Seat 1: dwq2300 ($7.25 in chips) 
Seat 2: Maxi_dp4 ($49.25 in chips) 
Seat 3: cougars3232 ($17.10 in chips) 
Seat 4: SweetSerena ($64.35 in chips) 
Seat 6: MrSticker66 ($69.20 in chips) 
Seat 7: schoening23 ($33.75 in chips) 
Seat 8: Alameda22 ($65.60 in chips) 
Seat 9: Buzzkiller1 ($25.65 in chips) 
Buzzkiller1: posts small blind $0.25
dwq2300: posts big blind $0.50
*** HOLE CARDS ***
Dealt to Alameda22 [Ah Ts]
Maxi_dp4: folds 
mkasson leaves the table
cougars3232: folds 
SweetSerena: folds 
MrSticker66: folds 
schoening23: raises $0.50 to $1
xo*Kisses*xo joins the table at seat #5 
Alameda22: folds 
Buzzkiller1: folds 
dwq2300: folds 
Uncalled bet ($0.50) returned to schoening23
schoening23 collected $1.25 from pot
schoening23: doesn't show hand 
*** SUMMARY ***
Total pot $1.25 | Rake $0 
Seat 1: dwq2300 (big blind) folded before Flop
Seat 2: Maxi_dp4 folded before Flop (didn't bet)
Seat 3: cougars3232 folded before Flop (didn't bet)
Seat 4: SweetSerena folded before Flop (didn't bet)
Seat 6: MrSticker66 folded before Flop (didn't bet)
Seat 7: schoening23 collected ($1.25)
Seat 8: Alameda22 (button) folded before Flop (didn't bet)
Seat 9: Buzzkiller1 (small blind) folded before Flop



PokerStars Game #20153506586:  Hold'em No Limit ($0.25/$0.50) - 2008/09/04 21:44:50 ET
Table 'Stobbe II' 9-max Seat #9 is the button
Seat 1: dwq2300 ($6.75 in chips) 
Seat 2: Maxi_dp4 ($49.25 in chips) 
Seat 3: cougars3232 ($17.10 in chips) 
Seat 4: SweetSerena ($64.35 in chips) 
Seat 6: MrSticker66 ($69.20 in chips) 
Seat 7: schoening23 ($34.50 in chips) 
Seat 8: Alameda22 ($65.60 in chips) 
Seat 9: Buzzkiller1 ($25.40 in chips) 
dwq2300: posts small blind $0.25
Maxi_dp4: posts big blind $0.50
xo*Kisses*xo: sits out 
*** HOLE CARDS ***
Dealt to Alameda22 [5c 6d]
cougars3232: folds 
SweetSerena: folds 
MrSticker66: folds 
schoening23: folds 
Alameda22: folds 
Buzzkiller1: raises $1 to $1.50
dwq2300: folds 
Maxi_dp4: folds 
Uncalled bet ($1) returned to Buzzkiller1
Buzzkiller1 collected $1.25 from pot
Buzzkiller1: doesn't show hand 
*** SUMMARY ***
Total pot $1.25 | Rake $0 
Seat 1: dwq2300 (small blind) folded before Flop
Seat 2: Maxi_dp4 (big blind) folded before Flop
Seat 3: cougars3232 folded before Flop (didn't bet)
Seat 4: SweetSerena folded before Flop (didn't bet)
Seat 6: MrSticker66 folded before Flop (didn't bet)
Seat 7: schoening23 folded before Flop (didn't bet)
Seat 8: Alameda22 folded before Flop (didn't bet)
Seat 9: Buzzkiller1 (button) collected ($1.25)



PokerStars Game #20153522072:  Hold'em No Limit ($0.25/$0.50) - 2008/09/04 21:45:32 ET
Table 'Stobbe II' 9-max Seat #1 is the button
Seat 1: dwq2300 ($6.50 in chips) 
Seat 2: Maxi_dp4 ($48.75 in chips) 
Seat 3: cougars3232 ($17.10 in chips) 
Seat 4: SweetSerena ($64.35 in chips) 
Seat 6: MrSticker66 ($69.20 in chips) 
Seat 7: schoening23 ($34.50 in chips) 
Seat 8: Alameda22 ($65.60 in chips) 
Seat 9: Buzzkiller1 ($26.15 in chips) 
Maxi_dp4: posts small blind $0.25
cougars3232: posts big blind $0.50
xo*Kisses*xo: sits out 
*** HOLE CARDS ***
Dealt to Alameda22 [As Td]
SweetSerena: folds 
MrSticker66: folds 
schoening23: calls $0.50
Alameda22: folds 
Buzzkiller1: folds 
dwq2300: folds 
Maxi_dp4: folds 
cougars3232: checks 
*** FLOP *** [7c 7d 3s]
cougars3232: checks 
schoening23: bets $1
cougars3232: folds 
Uncalled bet ($1) returned to schoening23
schoening23 collected $1.20 from pot
schoening23: doesn't show hand 
*** SUMMARY ***
Total pot $1.25 | Rake $0.05 
Board [7c 7d 3s]
Seat 1: dwq2300 (button) folded before Flop (didn't bet)
Seat 2: Maxi_dp4 (small blind) folded before Flop
Seat 3: cougars3232 (big blind) folded on the Flop
Seat 4: SweetSerena folded before Flop (didn't bet)
Seat 6: MrSticker66 folded before Flop (didn't bet)
Seat 7: schoening23 collected ($1.20)
Seat 8: Alameda22 folded before Flop (didn't bet)
Seat 9: Buzzkiller1 folded before Flop (didn't bet)



PokerStars Game #20153535291:  Hold'em No Limit ($0.25/$0.50) - 2008/09/04 21:46:08 ET
Table 'Stobbe II' 9-max Seat #2 is the button
Seat 1: dwq2300 ($6.50 in chips) 
Seat 2: Maxi_dp4 ($48.50 in chips) 
Seat 3: cougars3232 ($16.60 in chips) 
Seat 4: SweetSerena ($64.35 in chips) 
Seat 6: MrSticker66 ($69.20 in chips) 
Seat 7: schoening23 ($35.20 in chips) 
Seat 8: Alameda22 ($65.60 in chips) 
Seat 9: Buzzkiller1 ($26.15 in chips) 
cougars3232: posts small blind $0.25
SweetSerena: posts big blind $0.50
xo*Kisses*xo: sits out 
*** HOLE CARDS ***
Dealt to Alameda22 [7h 2s]
MrSticker66: folds 
schoening23: calls $0.50
Alameda22: folds 
Buzzkiller1: folds 
dwq2300: folds 
Maxi_dp4: folds 
cougars3232: folds 
SweetSerena: checks 
*** FLOP *** [5d Qh Jc]
SweetSerena: checks 
schoening23: bets $1.50
SweetSerena: folds 
Uncalled bet ($1.50) returned to schoening23
schoening23 collected $1.20 from pot
schoening23: doesn't show hand 
*** SUMMARY ***
Total pot $1.25 | Rake $0.05 
Board [5d Qh Jc]
Seat 1: dwq2300 folded before Flop (didn't bet)
Seat 2: Maxi_dp4 (button) folded before Flop (didn't bet)
Seat 3: cougars3232 (small blind) folded before Flop
Seat 4: SweetSerena (big blind) folded on the Flop
Seat 6: MrSticker66 folded before Flop (didn't bet)
Seat 7: schoening23 collected ($1.20)
Seat 8: Alameda22 folded before Flop (didn't bet)
Seat 9: Buzzkiller1 folded before Flop (didn't bet)



PokerStars Game #20153549246:  Hold'em No Limit ($0.25/$0.50) - 2008/09/04 21:46:46 ET
Table 'Stobbe II' 9-max Seat #3 is the button
Seat 1: dwq2300 ($6.50 in chips) 
Seat 2: Maxi_dp4 ($48.50 in chips) 
Seat 3: cougars3232 ($16.35 in chips) 
Seat 4: SweetSerena ($63.85 in chips) 
Seat 5: xo*Kisses*xo ($50 in chips) 
Seat 6: MrSticker66 ($69.20 in chips) 
Seat 7: schoening23 ($35.90 in chips) 
Seat 8: Alameda22 ($65.60 in chips) 
Seat 9: Buzzkiller1 ($26.15 in chips) 
SweetSerena: posts small blind $0.25
xo*Kisses*xo: posts big blind $0.50
*** HOLE CARDS ***
Dealt to Alameda22 [As 2c]
MrSticker66: folds 
schoening23: calls $0.50
Alameda22: folds 
Buzzkiller1: folds 
dwq2300: folds 
Maxi_dp4: folds 
cougars3232: folds 
SweetSerena: folds 
xo*Kisses*xo: checks 
*** FLOP *** [Qc Kh Td]
xo*Kisses*xo: checks 
schoening23: bets $1
xo*Kisses*xo: folds 
Uncalled bet ($1) returned to schoening23
schoening23 collected $1.20 from pot
schoening23: doesn't show hand 
*** SUMMARY ***
Total pot $1.25 | Rake $0.05 
Board [Qc Kh Td]
Seat 1: dwq2300 folded before Flop (didn't bet)
Seat 2: Maxi_dp4 folded before Flop (didn't bet)
Seat 3: cougars3232 (button) folded before Flop (didn't bet)
Seat 4: SweetSerena (small blind) folded before Flop
Seat 5: xo*Kisses*xo (big blind) folded on the Flop
Seat 6: MrSticker66 folded before Flop (didn't bet)
Seat 7: schoening23 collected ($1.20)
Seat 8: Alameda22 folded before Flop (didn't bet)
Seat 9: Buzzkiller1 folded before Flop (didn't bet)



PokerStars Game #20153565362:  Hold'em No Limit ($0.25/$0.50) - 2008/09/04 21:47:29 ET
Table 'Stobbe II' 9-max Seat #4 is the button
Seat 1: dwq2300 ($6.50 in chips) 
Seat 2: Maxi_dp4 ($48.50 in chips) 
Seat 3: cougars3232 ($16.35 in chips) 
Seat 4: SweetSerena ($63.60 in chips) 
Seat 5: xo*Kisses*xo ($49.50 in chips) 
Seat 6: MrSticker66 ($69.20 in chips) 
Seat 7: schoening23 ($36.60 in chips) 
Seat 8: Alameda22 ($65.60 in chips) 
Seat 9: Buzzkiller1 ($26.15 in chips) 
xo*Kisses*xo: posts small blind $0.25
MrSticker66: posts big blind $0.50
*** HOLE CARDS ***
Dealt to Alameda22 [8h Kd]
schoening23: raises $0.50 to $1
Alameda22: folds 
Buzzkiller1: folds 
dwq2300 has timed out
dwq2300: folds 
dwq2300 is sitting out
Maxi_dp4: calls $1
cougars3232: calls $1
SweetSerena: folds 
xo*Kisses*xo: folds 
dwq2300 has returned
MrSticker66: calls $0.50
*** FLOP *** [6d 3d Tc]
MrSticker66: checks 
schoening23: checks 
Maxi_dp4: checks 
cougars3232: bets $3.50
MrSticker66: folds 
schoening23: raises $32.10 to $35.60 and is all-in
Maxi_dp4: folds 
cougars3232: calls $11.85 and is all-in
Uncalled bet ($20.25) returned to schoening23
*** TURN *** [6d 3d Tc] [Ad]
*** RIVER *** [6d 3d Tc Ad] [5d]
*** SHOW DOWN ***
schoening23: shows [Jc Jh] (a pair of Jacks)
cougars3232: mucks hand 
schoening23 collected $33.25 from pot
*** SUMMARY ***
Total pot $34.95 | Rake $1.70 
Board [6d 3d Tc Ad 5d]
Seat 1: dwq2300 folded before Flop (didn't bet)
Seat 2: Maxi_dp4 folded on the Flop
Seat 3: cougars3232 mucked [6s 7c]
Seat 4: SweetSerena (button) folded before Flop (didn't bet)
Seat 5: xo*Kisses*xo (small blind) folded before Flop
Seat 6: MrSticker66 (big blind) folded on the Flop
Seat 7: schoening23 showed [Jc Jh] and won ($33.25) with a pair of Jacks
Seat 8: Alameda22 folded before Flop (didn't bet)
Seat 9: Buzzkiller1 folded before Flop (didn't bet)



PokerStars Game #20153604477:  Hold'em No Limit ($0.25/$0.50) - 2008/09/04 21:49:16 ET
Table 'Stobbe II' 9-max Seat #5 is the button
Seat 1: dwq2300 ($6.50 in chips) 
Seat 2: Maxi_dp4 ($50 in chips) 
Seat 3: cougars3232 ($10 in chips) 
Seat 4: SweetSerena ($63.60 in chips) 
Seat 5: xo*Kisses*xo ($49.25 in chips) 
Seat 6: MrSticker66 ($68.20 in chips) 
Seat 7: schoening23 ($53.50 in chips) 
Seat 8: Alameda22 ($65.60 in chips) 
Seat 9: Buzzkiller1 ($26.15 in chips) 
MrSticker66: posts small blind $0.25
schoening23: posts big blind $0.50
*** HOLE CARDS ***
Dealt to Alameda22 [Ad Js]
Alameda22: folds 
Buzzkiller1: folds 
dwq2300: folds 
Maxi_dp4: calls $0.50
cougars3232: folds 
SweetSerena: calls $0.50
xo*Kisses*xo: folds 
MrSticker66: folds 
schoening23: checks 
*** FLOP *** [5s 5c Qc]
schoening23: checks 
Maxi_dp4: checks 
SweetSerena: checks 
*** TURN *** [5s 5c Qc] [Qs]
schoening23: checks 
Maxi_dp4: checks 
SweetSerena: bets $0.50
schoening23: folds 
Maxi_dp4: folds 
Uncalled bet ($0.50) returned to SweetSerena
SweetSerena collected $1.70 from pot
SweetSerena: doesn't show hand 
*** SUMMARY ***
Total pot $1.75 | Rake $0.05 
Board [5s 5c Qc Qs]
Seat 1: dwq2300 folded before Flop (didn't bet)
Seat 2: Maxi_dp4 folded on the Turn
Seat 3: cougars3232 folded before Flop (didn't bet)
Seat 4: SweetSerena collected ($1.70)
Seat 5: xo*Kisses*xo (button) folded before Flop (didn't bet)
Seat 6: MrSticker66 (small blind) folded before Flop
Seat 7: schoening23 (big blind) folded on the Turn
Seat 8: Alameda22 folded before Flop (didn't bet)
Seat 9: Buzzkiller1 folded before Flop (didn't bet)



PokerStars Game #20153623501:  Hold'em No Limit ($0.25/$0.50) - 2008/09/04 21:50:08 ET
Table 'Stobbe II' 9-max Seat #6 is the button
Seat 1: dwq2300 ($6.50 in chips) 
Seat 2: Maxi_dp4 ($49.50 in chips) 
Seat 3: cougars3232 ($30 in chips) 
Seat 4: SweetSerena ($64.80 in chips) 
Seat 5: xo*Kisses*xo ($50 in chips) 
Seat 6: MrSticker66 ($67.95 in chips) 
Seat 7: schoening23 ($53 in chips) 
Seat 8: Alameda22 ($65.60 in chips) 
Seat 9: Buzzkiller1 ($26.15 in chips) 
schoening23: posts small blind $0.25
Alameda22: posts big blind $0.50
*** HOLE CARDS ***
Dealt to Alameda22 [9d 3c]
Buzzkiller1: folds 
dwq2300: folds 
Maxi_dp4: folds 
cougars3232: folds 
SweetSerena: folds 
xo*Kisses*xo: folds 
MrSticker66: raises $1.50 to $2
schoening23: calls $1.75
Alameda22: folds 
*** FLOP *** [6d 2d 4d]
schoening23: checks 
MrSticker66: bets $4
schoening23: calls $4
*** TURN *** [6d 2d 4d] [Td]
schoening23: checks 
MrSticker66: checks 
*** RIVER *** [6d 2d 4d Td] [9s]
schoening23: bets $5
MrSticker66: folds 
Uncalled bet ($5) returned to schoening23
schoening23 collected $11.90 from pot
schoening23: shows [Ah Kd] (a flush, King high)
*** SUMMARY ***
Total pot $12.50 | Rake $0.60 
Board [6d 2d 4d Td 9s]
Seat 1: dwq2300 folded before Flop (didn't bet)
Seat 2: Maxi_dp4 folded before Flop (didn't bet)
Seat 3: cougars3232 folded before Flop (didn't bet)
Seat 4: SweetSerena folded before Flop (didn't bet)
Seat 5: xo*Kisses*xo folded before Flop (didn't bet)
Seat 6: MrSticker66 (button) folded on the River
Seat 7: schoening23 (small blind) collected ($11.90)
Seat 8: Alameda22 (big blind) folded before Flop
Seat 9: Buzzkiller1 folded before Flop (didn't bet)



PokerStars Game #20153643041:  Hold'em No Limit ($0.25/$0.50) - 2008/09/04 21:51:01 ET
Table 'Stobbe II' 9-max Seat #7 is the button
Seat 1: dwq2300 ($6.50 in chips) 
Seat 2: Maxi_dp4 ($49.50 in chips) 
Seat 3: cougars3232 ($30 in chips) 
Seat 4: SweetSerena ($64.80 in chips) 
Seat 5: xo*Kisses*xo ($50 in chips) 
Seat 6: MrSticker66 ($61.95 in chips) 
Seat 7: schoening23 ($58.90 in chips) 
Seat 8: Alameda22 ($65.10 in chips) 
Seat 9: Buzzkiller1 ($26.15 in chips) 
Alameda22: posts small blind $0.25
Buzzkiller1: posts big blind $0.50
*** HOLE CARDS ***
Dealt to Alameda22 [3s 8h]
dwq2300: folds 
Maxi_dp4: folds 
cougars3232: folds 
SweetSerena: folds 
xo*Kisses*xo: folds 
MrSticker66: folds 
schoening23: calls $0.50
Alameda22: folds 
Buzzkiller1: checks 
*** FLOP *** [Ts 5s 9h]
Buzzkiller1: checks 
schoening23: bets $1
Buzzkiller1: folds 
Uncalled bet ($1) returned to schoening23
schoening23 collected $1.20 from pot
schoening23: doesn't show hand 
*** SUMMARY ***
Total pot $1.25 | Rake $0.05 
Board [Ts 5s 9h]
Seat 1: dwq2300 folded before Flop (didn't bet)
Seat 2: Maxi_dp4 folded before Flop (didn't bet)
Seat 3: cougars3232 folded before Flop (didn't bet)
Seat 4: SweetSerena folded before Flop (didn't bet)
Seat 5: xo*Kisses*xo folded before Flop (didn't bet)
Seat 6: MrSticker66 folded before Flop (didn't bet)
Seat 7: schoening23 (button) collected ($1.20)
Seat 8: Alameda22 (small blind) folded before Flop
Seat 9: Buzzkiller1 (big blind) folded on the Flop



PokerStars Game #20153665177:  Hold'em No Limit ($0.25/$0.50) - 2008/09/04 21:52:02 ET
Table 'Stobbe II' 9-max Seat #8 is the button
Seat 1: dwq2300 ($6.50 in chips) 
Seat 2: Maxi_dp4 ($49.50 in chips) 
Seat 3: cougars3232 ($30 in chips) 
Seat 4: SweetSerena ($64.80 in chips) 
Seat 5: xo*Kisses*xo ($50 in chips) 
Seat 6: MrSticker66 ($61.95 in chips) 
Seat 7: schoening23 ($59.60 in chips) 
Seat 8: Alameda22 ($64.85 in chips) 
Seat 9: Buzzkiller1 ($25.65 in chips) 
Buzzkiller1: posts small blind $0.25
dwq2300: posts big blind $0.50
*** HOLE CARDS ***
Dealt to Alameda22 [6c 6d]
Maxi_dp4: folds 
cougars3232: folds 
SweetSerena: folds 
xo*Kisses*xo: folds 
MrSticker66: folds 
schoening23: raises $0.50 to $1
Alameda22: calls $1
Buzzkiller1: folds 
dwq2300: folds 
*** FLOP *** [Qd Qc Jh]
schoening23: checks 
Alameda22: bets $2
schoening23: calls $2
*** TURN *** [Qd Qc Jh] [Kc]
schoening23: checks 
Alameda22: checks 
*** RIVER *** [Qd Qc Jh Kc] [Ts]
schoening23: bets $5
Alameda22: folds 
Uncalled bet ($5) returned to schoening23
schoening23 collected $6.45 from pot
schoening23: doesn't show hand 
*** SUMMARY ***
Total pot $6.75 | Rake $0.30 
Board [Qd Qc Jh Kc Ts]
Seat 1: dwq2300 (big blind) folded before Flop
Seat 2: Maxi_dp4 folded before Flop (didn't bet)
Seat 3: cougars3232 folded before Flop (didn't bet)
Seat 4: SweetSerena folded before Flop (didn't bet)
Seat 5: xo*Kisses*xo folded before Flop (didn't bet)
Seat 6: MrSticker66 folded before Flop (didn't bet)
Seat 7: schoening23 collected ($6.45)
Seat 8: Alameda22 (button) folded on the River
Seat 9: Buzzkiller1 (small blind) folded before Flop



PokerStars Game #20153700905:  Hold'em No Limit ($0.25/$0.50) - 2008/09/04 21:53:40 ET
Table 'Stobbe II' 9-max Seat #9 is the button
Seat 1: dwq2300 ($6 in chips) 
Seat 2: Maxi_dp4 ($49.50 in chips) 
Seat 3: cougars3232 ($30 in chips) 
Seat 4: SweetSerena ($64.80 in chips) 
Seat 5: xo*Kisses*xo ($50 in chips) 
Seat 6: MrSticker66 ($61.95 in chips) 
Seat 7: schoening23 ($63.05 in chips) 
Seat 8: Alameda22 ($61.85 in chips) 
Seat 9: Buzzkiller1 ($25.40 in chips) 
dwq2300: posts small blind $0.25
Maxi_dp4: posts big blind $0.50
*** HOLE CARDS ***
Dealt to Alameda22 [6c Ts]
cougars3232: calls $0.50
SweetSerena: folds 
xo*Kisses*xo: folds 
MrSticker66: folds 
MrSticker66 is sitting out
schoening23: raises $1 to $1.50
Alameda22: folds 
Buzzkiller1: folds 
dwq2300: folds 
Maxi_dp4: folds 
cougars3232: calls $1
*** FLOP *** [5h 2h 6h]
MrSticker66 leaves the table
cougars3232: checks 
schoening23: bets $1
fernandoagz joins the table at seat #6 
cougars3232: raises $4 to $5
schoening23: calls $4
*** TURN *** [5h 2h 6h] [6s]
cougars3232: bets $5.50
schoening23: calls $5.50
*** RIVER *** [5h 2h 6h 6s] [9c]
cougars3232: bets $18 and is all-in
schoening23: calls $18
*** SHOW DOWN ***
cougars3232: shows [2s As] (two pair, Sixes and Deuces)
schoening23: shows [Qs Qh] (two pair, Queens and Sixes)
schoening23 collected $57.80 from pot
cougars3232 leaves the table
*** SUMMARY ***
Total pot $60.75 | Rake $2.95 
Board [5h 2h 6h 6s 9c]
Seat 1: dwq2300 (small blind) folded before Flop
Seat 2: Maxi_dp4 (big blind) folded before Flop
Seat 3: cougars3232 showed [2s As] and lost with two pair, Sixes and Deuces
Seat 4: SweetSerena folded before Flop (didn't bet)
Seat 5: xo*Kisses*xo folded before Flop (didn't bet)
Seat 6: MrSticker66 folded before Flop (didn't bet)
Seat 7: schoening23 showed [Qs Qh] and won ($57.80) with two pair, Queens and Sixes
Seat 8: Alameda22 folded before Flop (didn't bet)
Seat 9: Buzzkiller1 (button) folded before Flop (didn't bet)



PokerStars Game #20153736631:  Hold'em No Limit ($0.25/$0.50) - 2008/09/04 21:55:17 ET
Table 'Stobbe II' 9-max Seat #1 is the button
Seat 1: dwq2300 ($5.75 in chips) 
Seat 2: Maxi_dp4 ($49 in chips) 
Seat 4: SweetSerena ($64.80 in chips) 
Seat 5: xo*Kisses*xo ($50 in chips) 
Seat 7: schoening23 ($90.85 in chips) 
Seat 8: Alameda22 ($61.85 in chips) 
Seat 9: Buzzkiller1 ($25.40 in chips) 
Maxi_dp4: posts small blind $0.25
SweetSerena: posts big blind $0.50
fernandoagz: sits out 
*** HOLE CARDS ***
Dealt to Alameda22 [8c As]
FACUMDP joins the table at seat #3 
schoening23 said, "with a 2???"
xo*Kisses*xo: folds 
schoening23: raises $0.50 to $1
Alameda22: folds 
Buzzkiller1: folds 
dwq2300: folds 
Maxi_dp4: folds 
SweetSerena: folds 
Uncalled bet ($0.50) returned to schoening23
schoening23 collected $1.25 from pot
schoening23: doesn't show hand 
*** SUMMARY ***
Total pot $1.25 | Rake $0 
Seat 1: dwq2300 (button) folded before Flop (didn't bet)
Seat 2: Maxi_dp4 (small blind) folded before Flop
Seat 4: SweetSerena (big blind) folded before Flop
Seat 5: xo*Kisses*xo folded before Flop (didn't bet)
Seat 7: schoening23 collected ($1.25)
Seat 8: Alameda22 folded before Flop (didn't bet)
Seat 9: Buzzkiller1 folded before Flop (didn't bet)



PokerStars Game #20153753329:  Hold'em No Limit ($0.25/$0.50) - 2008/09/04 21:56:03 ET
Table 'Stobbe II' 9-max Seat #2 is the button
Seat 1: dwq2300 ($5.75 in chips) 
Seat 2: Maxi_dp4 ($48.75 in chips) 
Seat 4: SweetSerena ($64.30 in chips) 
Seat 5: xo*Kisses*xo ($50 in chips) 
Seat 7: schoening23 ($91.60 in chips) 
Seat 8: Alameda22 ($61.85 in chips) 
Seat 9: Buzzkiller1 ($25.40 in chips) 
FACUMDP will be allowed to play after the button
SweetSerena: posts small blind $0.25
xo*Kisses*xo: posts big blind $0.50
fernandoagz: sits out 
*** HOLE CARDS ***
Dealt to Alameda22 [9h Qs]
schoening23: folds 
Alameda22: folds 
Buzzkiller1: calls $0.50
dwq2300: folds 
Maxi_dp4: folds 
SweetSerena: calls $0.25
xo*Kisses*xo: checks 
*** FLOP *** [Ah Jh 7h]
SweetSerena: bets $0.50
xo*Kisses*xo: folds 
Buzzkiller1: folds 
Uncalled bet ($0.50) returned to SweetSerena
SweetSerena collected $1.45 from pot
SweetSerena: doesn't show hand 
*** SUMMARY ***
Total pot $1.50 | Rake $0.05 
Board [Ah Jh 7h]
Seat 1: dwq2300 folded before Flop (didn't bet)
Seat 2: Maxi_dp4 (button) folded before Flop (didn't bet)
Seat 4: SweetSerena (small blind) collected ($1.45)
Seat 5: xo*Kisses*xo (big blind) folded on the Flop
Seat 7: schoening23 folded before Flop (didn't bet)
Seat 8: Alameda22 folded before Flop (didn't bet)
Seat 9: Buzzkiller1 folded on the Flop



PokerStars Game #20153771104:  Hold'em No Limit ($0.25/$0.50) - 2008/09/04 21:56:52 ET
Table 'Stobbe II' 9-max Seat #4 is the button
Seat 1: dwq2300 ($5.75 in chips) 
Seat 2: Maxi_dp4 ($48.75 in chips) 
Seat 4: SweetSerena ($65.25 in chips) 
Seat 5: xo*Kisses*xo ($49.50 in chips) 
Seat 6: fernandoagz ($10 in chips) 
Seat 7: schoening23 ($91.60 in chips) 
Seat 8: Alameda22 ($61.85 in chips) 
Seat 9: Buzzkiller1 ($24.90 in chips) 
xo*Kisses*xo: posts small blind $0.25
fernandoagz: posts big blind $0.50
FACUMDP: sits out 
*** HOLE CARDS ***
Dealt to Alameda22 [Qh 7d]
schoening23: calls $0.50
Alameda22: folds 
Buzzkiller1: folds 
dwq2300: folds 
Maxi_dp4: folds 
SweetSerena: folds 
xo*Kisses*xo: folds 
fernandoagz: raises $2.50 to $3
schoening23: calls $2.50
*** FLOP *** [5c Qs Kd]
fernandoagz: bets $2.50
schoening23: raises $4.50 to $7
fernandoagz: folds 
Uncalled bet ($4.50) returned to schoening23
schoening23 collected $10.75 from pot
schoening23: doesn't show hand 
*** SUMMARY ***
Total pot $11.25 | Rake $0.50 
Board [5c Qs Kd]
Seat 1: dwq2300 folded before Flop (didn't bet)
Seat 2: Maxi_dp4 folded before Flop (didn't bet)
Seat 4: SweetSerena (button) folded before Flop (didn't bet)
Seat 5: xo*Kisses*xo (small blind) folded before Flop
Seat 6: fernandoagz (big blind) folded on the Flop
Seat 7: schoening23 collected ($10.75)
Seat 8: Alameda22 folded before Flop (didn't bet)
Seat 9: Buzzkiller1 folded before Flop (didn't bet)



PokerStars Game #20153805044:  Hold'em No Limit ($0.25/$0.50) - 2008/09/04 21:58:26 ET
Table 'Stobbe II' 9-max Seat #5 is the button
Seat 1: dwq2300 ($5.75 in chips) 
Seat 2: Maxi_dp4 ($50 in chips) 
Seat 4: SweetSerena ($65.25 in chips) 
Seat 5: xo*Kisses*xo ($49.25 in chips) 
Seat 6: fernandoagz ($10 in chips) 
Seat 7: schoening23 ($96.85 in chips) 
Seat 8: Alameda22 ($61.85 in chips) 
Seat 9: Buzzkiller1 ($24.90 in chips) 
fernandoagz: posts small blind $0.25
schoening23: posts big blind $0.50
FACUMDP: sits out 
*** HOLE CARDS ***
Dealt to Alameda22 [9d As]
Alameda22: folds 
Buzzkiller1: folds 
dwq2300: folds 
Maxi_dp4: folds 
SweetSerena: folds 
xo*Kisses*xo: folds 
fernandoagz: raises $1 to $1.50
schoening23: folds 
Uncalled bet ($1) returned to fernandoagz
fernandoagz collected $1 from pot
fernandoagz: doesn't show hand 
*** SUMMARY ***
Total pot $1 | Rake $0 
Seat 1: dwq2300 folded before Flop (didn't bet)
Seat 2: Maxi_dp4 folded before Flop (didn't bet)
Seat 4: SweetSerena folded before Flop (didn't bet)
Seat 5: xo*Kisses*xo (button) folded before Flop (didn't bet)
Seat 6: fernandoagz (small blind) collected ($1)
Seat 7: schoening23 (big blind) folded before Flop
Seat 8: Alameda22 folded before Flop (didn't bet)
Seat 9: Buzzkiller1 folded before Flop (didn't bet)



PokerStars Game #20153817721:  Hold'em No Limit ($0.25/$0.50) - 2008/09/04 21:59:02 ET
Table 'Stobbe II' 9-max Seat #6 is the button
Seat 1: dwq2300 ($5.75 in chips) 
Seat 2: Maxi_dp4 ($50 in chips) 
Seat 4: SweetSerena ($65.25 in chips) 
Seat 5: xo*Kisses*xo ($50 in chips) 
Seat 6: fernandoagz ($10.50 in chips) 
Seat 7: schoening23 ($96.35 in chips) 
Seat 8: Alameda22 ($61.85 in chips) 
Seat 9: Buzzkiller1 ($24.90 in chips) 
schoening23: posts small blind $0.25
Alameda22: posts big blind $0.50
FACUMDP: sits out 
*** HOLE CARDS ***
Dealt to Alameda22 [As Kh]
Buzzkiller1: folds 
dwq2300: folds 
Maxi_dp4: folds 
SweetSerena: raises $0.50 to $1
xo*Kisses*xo: folds 
fernandoagz: folds 
schoening23: folds 
Alameda22: calls $0.50
*** FLOP *** [2c Jd Qc]
Alameda22: checks 
SweetSerena: bets $1
Alameda22: calls $1
*** TURN *** [2c Jd Qc] [Tc]
Alameda22: bets $3
SweetSerena: folds 
Uncalled bet ($3) returned to Alameda22
Alameda22 collected $4.05 from pot
Alameda22: doesn't show hand 
*** SUMMARY ***
Total pot $4.25 | Rake $0.20 
Board [2c Jd Qc Tc]
Seat 1: dwq2300 folded before Flop (didn't bet)
Seat 2: Maxi_dp4 folded before Flop (didn't bet)
Seat 4: SweetSerena folded on the Turn
Seat 5: xo*Kisses*xo folded before Flop (didn't bet)
Seat 6: fernandoagz (button) folded before Flop (didn't bet)
Seat 7: schoening23 (small blind) folded before Flop
Seat 8: Alameda22 (big blind) collected ($4.05)
Seat 9: Buzzkiller1 folded before Flop (didn't bet)



PokerStars Game #20153849239:  Hold'em No Limit ($0.25/$0.50) - 2008/09/04 22:00:27 ET
Table 'Stobbe II' 9-max Seat #7 is the button
Seat 1: dwq2300 ($5.75 in chips) 
Seat 2: Maxi_dp4 ($50 in chips) 
Seat 4: SweetSerena ($63.25 in chips) 
Seat 5: xo*Kisses*xo ($50 in chips) 
Seat 6: fernandoagz ($10.50 in chips) 
Seat 7: schoening23 ($96.10 in chips) 
Seat 8: Alameda22 ($63.90 in chips) 
Seat 9: Buzzkiller1 ($24.90 in chips) 
Alameda22: posts small blind $0.25
Buzzkiller1: posts big blind $0.50
FACUMDP: sits out 
*** HOLE CARDS ***
Dealt to Alameda22 [3d Ah]
dwq2300: folds 
Maxi_dp4: folds 
SweetSerena: folds 
xo*Kisses*xo: folds 
fernandoagz: folds 
schoening23: calls $0.50
Alameda22: folds 
Buzzkiller1: checks 
*** FLOP *** [7h 7s Ac]
Buzzkiller1: checks 
schoening23: checks 
*** TURN *** [7h 7s Ac] [Kh]
Buzzkiller1: bets $1
schoening23: calls $1
*** RIVER *** [7h 7s Ac Kh] [Jh]
Buzzkiller1: bets $2
schoening23: raises $2 to $4
Buzzkiller1: raises $2 to $6
schoening23: calls $2
*** SHOW DOWN ***
Buzzkiller1: shows [7c 8s] (three of a kind, Sevens)
schoening23: shows [5s Ad] (two pair, Aces and Sevens)
Buzzkiller1 collected $14.50 from pot
schoening23 said, "nh"
*** SUMMARY ***
Total pot $15.25 | Rake $0.75 
Board [7h 7s Ac Kh Jh]
Seat 1: dwq2300 folded before Flop (didn't bet)
Seat 2: Maxi_dp4 folded before Flop (didn't bet)
Seat 4: SweetSerena folded before Flop (didn't bet)
Seat 5: xo*Kisses*xo folded before Flop (didn't bet)
Seat 6: fernandoagz folded before Flop (didn't bet)
Seat 7: schoening23 (button) showed [5s Ad] and lost with two pair, Aces and Sevens
Seat 8: Alameda22 (small blind) folded before Flop
Seat 9: Buzzkiller1 (big blind) showed [7c 8s] and won ($14.50) with three of a kind, Sevens



PokerStars Game #20153878345:  Hold'em No Limit ($0.25/$0.50) - 2008/09/04 22:01:48 ET
Table 'Stobbe II' 9-max Seat #8 is the button
Seat 1: dwq2300 ($5.75 in chips) 
Seat 2: Maxi_dp4 ($50 in chips) 
Seat 4: SweetSerena ($63.25 in chips) 
Seat 5: xo*Kisses*xo ($50 in chips) 
Seat 6: fernandoagz ($10.50 in chips) 
Seat 7: schoening23 ($88.60 in chips) 
Seat 8: Alameda22 ($63.65 in chips) 
Seat 9: Buzzkiller1 ($31.90 in chips) 
Buzzkiller1: posts small blind $0.25
dwq2300: posts big blind $0.50
FACUMDP: sits out 
*** HOLE CARDS ***
Dealt to Alameda22 [Qs 3s]
Maxi_dp4: folds 
Buzzkiller1 said, "tx"
SweetSerena: folds 
xo*Kisses*xo: folds 
fernandoagz: raises $1.50 to $2
schoening23: folds 
Alameda22: folds 
Buzzkiller1: folds 
dwq2300: folds 
Uncalled bet ($1.50) returned to fernandoagz
fernandoagz collected $1.25 from pot
fernandoagz: doesn't show hand 
*** SUMMARY ***
Total pot $1.25 | Rake $0 
Seat 1: dwq2300 (big blind) folded before Flop
Seat 2: Maxi_dp4 folded before Flop (didn't bet)
Seat 4: SweetSerena folded before Flop (didn't bet)
Seat 5: xo*Kisses*xo folded before Flop (didn't bet)
Seat 6: fernandoagz collected ($1.25)
Seat 7: schoening23 folded before Flop (didn't bet)
Seat 8: Alameda22 (button) folded before Flop (didn't bet)
Seat 9: Buzzkiller1 (small blind) folded before Flop



PokerStars Game #20153893232:  Hold'em No Limit ($0.25/$0.50) - 2008/09/04 22:02:29 ET
Table 'Stobbe II' 9-max Seat #9 is the button
Seat 1: dwq2300 ($5.25 in chips) 
Seat 2: Maxi_dp4 ($50 in chips) 
Seat 4: SweetSerena ($63.25 in chips) 
Seat 5: xo*Kisses*xo ($50 in chips) 
Seat 6: fernandoagz ($11.25 in chips) 
Seat 7: schoening23 ($88.60 in chips) 
Seat 8: Alameda22 ($63.65 in chips) 
Seat 9: Buzzkiller1 ($31.65 in chips) 
dwq2300: posts small blind $0.25
Maxi_dp4: posts big blind $0.50
FACUMDP: sits out 
*** HOLE CARDS ***
Dealt to Alameda22 [9h Td]
SweetSerena: folds 
xo*Kisses*xo: folds 
fernandoagz: folds 
schoening23: folds 
Alameda22: folds 
Buzzkiller1: folds 
dwq2300: calls $0.25
Maxi_dp4: checks 
*** FLOP *** [Qd 7c 5h]
dwq2300: bets $0.50
Maxi_dp4: folds 
Uncalled bet ($0.50) returned to dwq2300
dwq2300 collected $0.95 from pot
dwq2300: doesn't show hand 
*** SUMMARY ***
Total pot $1 | Rake $0.05 
Board [Qd 7c 5h]
Seat 1: dwq2300 (small blind) collected ($0.95)
Seat 2: Maxi_dp4 (big blind) folded on the Flop
Seat 4: SweetSerena folded before Flop (didn't bet)
Seat 5: xo*Kisses*xo folded before Flop (didn't bet)
Seat 6: fernandoagz folded before Flop (didn't bet)
Seat 7: schoening23 folded before Flop (didn't bet)
Seat 8: Alameda22 folded before Flop (didn't bet)
Seat 9: Buzzkiller1 (button) folded before Flop (didn't bet)



PokerStars Game #20153906863:  Hold'em No Limit ($0.25/$0.50) - 2008/09/04 22:03:07 ET
Table 'Stobbe II' 9-max Seat #1 is the button
Seat 1: dwq2300 ($5.70 in chips) 
Seat 2: Maxi_dp4 ($49.50 in chips) 
Seat 3: FACUMDP ($50 in chips) 
Seat 4: SweetSerena ($63.25 in chips) 
Seat 5: xo*Kisses*xo ($50 in chips) 
Seat 6: fernandoagz ($11.25 in chips) 
Seat 7: schoening23 ($88.60 in chips) 
Seat 8: Alameda22 ($63.65 in chips) 
Seat 9: Buzzkiller1 ($31.65 in chips) 
Maxi_dp4: posts small blind $0.25
FACUMDP: posts big blind $0.50
*** HOLE CARDS ***
Dealt to Alameda22 [8d As]
SweetSerena: folds 
xo*Kisses*xo: folds 
fernandoagz: folds 
schoening23: calls $0.50
Alameda22: folds 
Buzzkiller1: raises $1 to $1.50
dwq2300: folds 
Maxi_dp4: folds 
FACUMDP: folds 
schoening23: calls $1
*** FLOP *** [8h Kc 9c]
schoening23: checks 
Buzzkiller1: bets $1.50
schoening23: calls $1.50
*** TURN *** [8h Kc 9c] [3h]
schoening23: checks 
Buzzkiller1: bets $3
schoening23: calls $3
*** RIVER *** [8h Kc 9c 3h] [6h]
schoening23: checks 
Buzzkiller1: checks 
*** SHOW DOWN ***
schoening23: shows [6d 9d] (two pair, Nines and Sixes)
Buzzkiller1: mucks hand 
schoening23 collected $12.15 from pot
*** SUMMARY ***
Total pot $12.75 | Rake $0.60 
Board [8h Kc 9c 3h 6h]
Seat 1: dwq2300 (button) folded before Flop (didn't bet)
Seat 2: Maxi_dp4 (small blind) folded before Flop
Seat 3: FACUMDP (big blind) folded before Flop
Seat 4: SweetSerena folded before Flop (didn't bet)
Seat 5: xo*Kisses*xo folded before Flop (didn't bet)
Seat 6: fernandoagz folded before Flop (didn't bet)
Seat 7: schoening23 showed [6d 9d] and won ($12.15) with two pair, Nines and Sixes
Seat 8: Alameda22 folded before Flop (didn't bet)
Seat 9: Buzzkiller1 mucked [Qh Qd]



PokerStars Game #20153946003:  Hold'em No Limit ($0.25/$0.50) - 2008/09/04 22:04:56 ET
Table 'Stobbe II' 9-max Seat #2 is the button
Seat 1: dwq2300 ($5.70 in chips) 
Seat 2: Maxi_dp4 ($49.25 in chips) 
Seat 3: FACUMDP ($49.50 in chips) 
Seat 4: SweetSerena ($63.25 in chips) 
Seat 5: xo*Kisses*xo ($50 in chips) 
Seat 6: fernandoagz ($11.25 in chips) 
Seat 7: schoening23 ($94.75 in chips) 
Seat 8: Alameda22 ($63.65 in chips) 
Seat 9: Buzzkiller1 ($25.65 in chips) 
FACUMDP: posts small blind $0.25
SweetSerena: posts big blind $0.50
*** HOLE CARDS ***
Dealt to Alameda22 [As 2c]
xo*Kisses*xo: folds 
fernandoagz: folds 
schoening23: calls $0.50
Alameda22: folds 
Buzzkiller1: folds 
dwq2300: folds 
Maxi_dp4: folds 
FACUMDP: calls $0.25
SweetSerena: checks 
*** FLOP *** [3s 8c 7d]
FACUMDP: checks 
SweetSerena: checks 
schoening23: bets $1
FACUMDP: folds 
SweetSerena: folds 
Uncalled bet ($1) returned to schoening23
schoening23 collected $1.45 from pot
schoening23: doesn't show hand 
*** SUMMARY ***
Total pot $1.50 | Rake $0.05 
Board [3s 8c 7d]
Seat 1: dwq2300 folded before Flop (didn't bet)
Seat 2: Maxi_dp4 (button) folded before Flop (didn't bet)
Seat 3: FACUMDP (small blind) folded on the Flop
Seat 4: SweetSerena (big blind) folded on the Flop
Seat 5: xo*Kisses*xo folded before Flop (didn't bet)
Seat 6: fernandoagz folded before Flop (didn't bet)
Seat 7: schoening23 collected ($1.45)
Seat 8: Alameda22 folded before Flop (didn't bet)
Seat 9: Buzzkiller1 folded before Flop (didn't bet)



PokerStars Game #20153967898:  Hold'em No Limit ($0.25/$0.50) - 2008/09/04 22:05:58 ET
Table 'Stobbe II' 9-max Seat #3 is the button
Seat 1: dwq2300 ($5.70 in chips) 
Seat 2: Maxi_dp4 ($49.25 in chips) 
Seat 3: FACUMDP ($49 in chips) 
Seat 4: SweetSerena ($62.75 in chips) 
Seat 6: fernandoagz ($11.25 in chips) 
Seat 7: schoening23 ($95.70 in chips) 
Seat 8: Alameda22 ($63.65 in chips) 
Seat 9: Buzzkiller1 ($25.65 in chips) 
SweetSerena: posts small blind $0.25
xo*Kisses*xo: is sitting out 
xo*Kisses*xo leaves the table
fernandoagz: posts big blind $0.50
*** HOLE CARDS ***
Dealt to Alameda22 [Kc Jc]
schoening23: folds 
Alameda22: folds 
Buzzkiller1: folds 
dwq2300: folds 
markwin11 joins the table at seat #5 
Maxi_dp4: raises $1.50 to $2
FACUMDP: folds 
SweetSerena: folds 
fernandoagz: folds 
Uncalled bet ($1.50) returned to Maxi_dp4
Maxi_dp4 collected $1.25 from pot
Maxi_dp4: doesn't show hand 
*** SUMMARY ***
Total pot $1.25 | Rake $0 
Seat 1: dwq2300 folded before Flop (didn't bet)
Seat 2: Maxi_dp4 collected ($1.25)
Seat 3: FACUMDP (button) folded before Flop (didn't bet)
Seat 4: SweetSerena (small blind) folded before Flop
Seat 6: fernandoagz (big blind) folded before Flop
Seat 7: schoening23 folded before Flop (didn't bet)
Seat 8: Alameda22 folded before Flop (didn't bet)
Seat 9: Buzzkiller1 folded before Flop (didn't bet)



PokerStars Game #20153993633:  Hold'em No Limit ($0.25/$0.50) - 2008/09/04 22:07:08 ET
Table 'Stobbe II' 9-max Seat #4 is the button
Seat 1: dwq2300 ($5.70 in chips) 
Seat 2: Maxi_dp4 ($50 in chips) 
Seat 3: FACUMDP ($49 in chips) 
Seat 4: SweetSerena ($62.50 in chips) 
Seat 6: fernandoagz ($10.75 in chips) 
Seat 7: schoening23 ($95.70 in chips) 
Seat 8: Alameda22 ($63.65 in chips) 
Seat 9: Buzzkiller1 ($25.65 in chips) 
markwin11 will be allowed to play after the button
fernandoagz: posts small blind $0.25
schoening23: posts big blind $0.50
*** HOLE CARDS ***
Dealt to Alameda22 [3d Kh]
Alameda22: folds 
Buzzkiller1: folds 
dwq2300: folds 
Maxi_dp4: folds 
FACUMDP: folds 
SweetSerena: folds 
fernandoagz: folds 
Uncalled bet ($0.25) returned to schoening23
schoening23 collected $0.50 from pot
schoening23: shows [Kc Jc] (high card King)
*** SUMMARY ***
Total pot $0.50 | Rake $0 
Seat 1: dwq2300 folded before Flop (didn't bet)
Seat 2: Maxi_dp4 folded before Flop (didn't bet)
Seat 3: FACUMDP folded before Flop (didn't bet)
Seat 4: SweetSerena (button) folded before Flop (didn't bet)
Seat 6: fernandoagz (small blind) folded before Flop
Seat 7: schoening23 (big blind) collected ($0.50)
Seat 8: Alameda22 folded before Flop (didn't bet)
Seat 9: Buzzkiller1 folded before Flop (didn't bet)



PokerStars Game #20154002073:  Hold'em No Limit ($0.25/$0.50) - 2008/09/04 22:07:32 ET
Table 'Stobbe II' 9-max Seat #6 is the button
Seat 1: dwq2300 ($5.70 in chips) 
Seat 2: Maxi_dp4 ($50 in chips) 
Seat 3: FACUMDP ($49 in chips) 
Seat 4: SweetSerena ($62.50 in chips) 
Seat 6: fernandoagz ($10.50 in chips) 
Seat 7: schoening23 ($95.95 in chips) 
Seat 8: Alameda22 ($63.65 in chips) 
Seat 9: Buzzkiller1 ($25.65 in chips) 
schoening23: posts small blind $0.25
Alameda22: posts big blind $0.50
markwin11: sits out 
*** HOLE CARDS ***
Dealt to Alameda22 [3c 9s]
Buzzkiller1: folds 
Buzzkiller1 leaves the table
dwq2300: folds 
Maxi_dp4: folds 
FACUMDP: raises $1.50 to $2
fo20man joins the table at seat #9 
SweetSerena: folds 
fernandoagz: folds 
schoening23: folds 
Alameda22: folds 
Uncalled bet ($1.50) returned to FACUMDP
FACUMDP collected $1.25 from pot
FACUMDP: doesn't show hand 
*** SUMMARY ***
Total pot $1.25 | Rake $0 
Seat 1: dwq2300 folded before Flop (didn't bet)
Seat 2: Maxi_dp4 folded before Flop (didn't bet)
Seat 3: FACUMDP collected ($1.25)
Seat 4: SweetSerena folded before Flop (didn't bet)
Seat 6: fernandoagz (button) folded before Flop (didn't bet)
Seat 7: schoening23 (small blind) folded before Flop
Seat 8: Alameda22 (big blind) folded before Flop
Seat 9: Buzzkiller1 folded before Flop (didn't bet)



PokerStars Game #20154017716:  Hold'em No Limit ($0.25/$0.50) - 2008/09/04 22:08:16 ET
Table 'Stobbe II' 9-max Seat #7 is the button
Seat 1: dwq2300 ($5.70 in chips) 
Seat 2: Maxi_dp4 ($50 in chips) 
Seat 3: FACUMDP ($49.75 in chips) 
Seat 4: SweetSerena ($62.50 in chips) 
Seat 6: fernandoagz ($10.50 in chips) 
Seat 7: schoening23 ($95.70 in chips) 
Seat 8: Alameda22 ($63.15 in chips) 
Seat 9: fo20man ($50 in chips) 
Alameda22: posts small blind $0.25
fo20man: posts big blind $0.50
markwin11: sits out 
*** HOLE CARDS ***
Dealt to Alameda22 [Jh 8c]
dwq2300: folds 
Maxi_dp4: folds 
FACUMDP: folds 
SweetSerena: folds 
fernandoagz: folds 
schoening23: raises $0.50 to $1
Alameda22: folds 
fo20man: calls $0.50
*** FLOP *** [5c Th 6s]
fo20man: checks 
schoening23: bets $1.50
fo20man: calls $1.50
*** TURN *** [5c Th 6s] [2d]
fo20man: checks 
schoening23: bets $3
fo20man: calls $3
*** RIVER *** [5c Th 6s 2d] [9s]
fo20man: checks 
schoening23: checks 
*** SHOW DOWN ***
fo20man: shows [Ts 4s] (a pair of Tens)
schoening23: shows [7d 7s] (a pair of Sevens)
fo20man collected $10.70 from pot
*** SUMMARY ***
Total pot $11.25 | Rake $0.55 
Board [5c Th 6s 2d 9s]
Seat 1: dwq2300 folded before Flop (didn't bet)
Seat 2: Maxi_dp4 folded before Flop (didn't bet)
Seat 3: FACUMDP folded before Flop (didn't bet)
Seat 4: SweetSerena folded before Flop (didn't bet)
Seat 6: fernandoagz folded before Flop (didn't bet)
Seat 7: schoening23 (button) showed [7d 7s] and lost with a pair of Sevens
Seat 8: Alameda22 (small blind) folded before Flop
Seat 9: fo20man (big blind) showed [Ts 4s] and won ($10.70) with a pair of Tens



PokerStars Game #20154048649:  Hold'em No Limit ($0.25/$0.50) - 2008/09/04 22:09:41 ET
Table 'Stobbe II' 9-max Seat #8 is the button
Seat 1: dwq2300 ($5.70 in chips) 
Seat 2: Maxi_dp4 ($50 in chips) 
Seat 3: FACUMDP ($49.75 in chips) 
Seat 4: SweetSerena ($62.50 in chips) 
Seat 6: fernandoagz ($10.50 in chips) 
Seat 7: schoening23 ($90.20 in chips) 
Seat 8: Alameda22 ($62.90 in chips) 
Seat 9: fo20man ($55.20 in chips) 
fo20man: posts small blind $0.25
dwq2300: posts big blind $0.50
markwin11: sits out 
*** HOLE CARDS ***
Dealt to Alameda22 [Ad Tc]
Maxi_dp4: folds 
FACUMDP: folds 
SweetSerena: folds 
fernandoagz: folds 
schoening23: calls $0.50
fo20man said, "ok and it hought you were bullying from the start"
fo20man said, "nh"
Alameda22: folds 
fo20man: calls $0.25
dwq2300: checks 
*** FLOP *** [4h 3s 2c]
fo20man: checks 
schoening23 said, "sometimes maybe"
dwq2300: bets $1
schoening23 said, "nh"
schoening23: calls $1
fo20man: folds 
*** TURN *** [4h 3s 2c] [Qd]
dwq2300: checks 
fo20man said, "ya but i meant cuz you were on button    no action to ya"
schoening23: checks 
*** RIVER *** [4h 3s 2c Qd] [Kh]
dwq2300: bets $1
schoening23: raises $4 to $5
dwq2300: folds 
Uncalled bet ($4) returned to schoening23
schoening23 collected $5.25 from pot
schoening23: shows [Kd 4s] (two pair, Kings and Fours)
*** SUMMARY ***
Total pot $5.50 | Rake $0.25 
Board [4h 3s 2c Qd Kh]
Seat 1: dwq2300 (big blind) folded on the River
Seat 2: Maxi_dp4 folded before Flop (didn't bet)
Seat 3: FACUMDP folded before Flop (didn't bet)
Seat 4: SweetSerena folded before Flop (didn't bet)
Seat 6: fernandoagz folded before Flop (didn't bet)
Seat 7: schoening23 collected ($5.25)
Seat 8: Alameda22 (button) folded before Flop (didn't bet)
Seat 9: fo20man (small blind) folded on the Flop



PokerStars Game #20154082159:  Hold'em No Limit ($0.25/$0.50) - 2008/09/04 22:11:15 ET
Table 'Stobbe II' 9-max Seat #9 is the button
Seat 1: dwq2300 ($3.20 in chips) 
Seat 2: Maxi_dp4 ($50 in chips) 
Seat 3: FACUMDP ($49.75 in chips) 
Seat 4: SweetSerena ($62.50 in chips) 
Seat 6: fernandoagz ($10.50 in chips) 
Seat 7: schoening23 ($92.95 in chips) 
Seat 8: Alameda22 ($62.90 in chips) 
Seat 9: fo20man ($54.70 in chips) 
dwq2300: posts small blind $0.25
Maxi_dp4: posts big blind $0.50
markwin11: sits out 
*** HOLE CARDS ***
Dealt to Alameda22 [7c 8d]
FACUMDP: folds 
SweetSerena: folds 
fernandoagz: folds 
schoening23: folds 
Alameda22: folds 
fo20man: folds 
dwq2300: raises $2.70 to $3.20 and is all-in
schoening23 said, "gotcha and that would be i push"
Maxi_dp4: folds 
Uncalled bet ($2.70) returned to dwq2300
dwq2300 collected $1 from pot
dwq2300: doesn't show hand 
*** SUMMARY ***
Total pot $1 | Rake $0 
Seat 1: dwq2300 (small blind) collected ($1)
Seat 2: Maxi_dp4 (big blind) folded before Flop
Seat 3: FACUMDP folded before Flop (didn't bet)
Seat 4: SweetSerena folded before Flop (didn't bet)
Seat 6: fernandoagz folded before Flop (didn't bet)
Seat 7: schoening23 folded before Flop (didn't bet)
Seat 8: Alameda22 folded before Flop (didn't bet)
Seat 9: fo20man (button) folded before Flop (didn't bet)



PokerStars Game #20154095562:  Hold'em No Limit ($0.25/$0.50) - 2008/09/04 22:11:52 ET
Table 'Stobbe II' 9-max Seat #1 is the button
Seat 1: dwq2300 ($3.70 in chips) 
Seat 2: Maxi_dp4 ($49.50 in chips) 
Seat 3: FACUMDP ($49.75 in chips) 
Seat 4: SweetSerena ($62.50 in chips) 
Seat 6: fernandoagz ($10.50 in chips) 
Seat 7: schoening23 ($92.95 in chips) 
Seat 8: Alameda22 ($62.90 in chips) 
Seat 9: fo20man ($54.70 in chips) 
Maxi_dp4: posts small blind $0.25
FACUMDP: posts big blind $0.50
markwin11: sits out 
*** HOLE CARDS ***
Dealt to Alameda22 [3c Qh]
SweetSerena: folds 
fernandoagz: raises $1.50 to $2
schoening23: folds 
Alameda22: folds 
fo20man said, "ya"
fo20man: folds 
dwq2300: folds 
Maxi_dp4: folds 
FACUMDP: folds 
Uncalled bet ($1.50) returned to fernandoagz
SweetSerena leaves the table
fernandoagz collected $1.25 from pot
fernandoagz: doesn't show hand 
*** SUMMARY ***
Total pot $1.25 | Rake $0 
Seat 1: dwq2300 (button) folded before Flop (didn't bet)
Seat 2: Maxi_dp4 (small blind) folded before Flop
Seat 3: FACUMDP (big blind) folded before Flop
Seat 4: SweetSerena folded before Flop (didn't bet)
Seat 6: fernandoagz collected ($1.25)
Seat 7: schoening23 folded before Flop (didn't bet)
Seat 8: Alameda22 folded before Flop (didn't bet)
Seat 9: fo20man folded before Flop (didn't bet)



PokerStars Game #20154109162:  Hold'em No Limit ($0.25/$0.50) - 2008/09/04 22:12:30 ET
Table 'Stobbe II' 9-max Seat #2 is the button
Seat 1: dwq2300 ($3.70 in chips) 
Seat 2: Maxi_dp4 ($49.25 in chips) 
Seat 3: FACUMDP ($49.25 in chips) 
Seat 5: markwin11 ($50 in chips) 
Seat 6: fernandoagz ($11.25 in chips) 
Seat 7: schoening23 ($92.95 in chips) 
Seat 8: Alameda22 ($62.90 in chips) 
Seat 9: fo20man ($54.70 in chips) 
FACUMDP: posts small blind $0.25
markwin11: posts big blind $0.50
*** HOLE CARDS ***
Dealt to Alameda22 [2c 5c]
fernandoagz: folds 
fernandoagz leaves the table
killtown joins the table at seat #6 
rich138 joins the table at seat #4 
schoening23 has timed out
schoening23: folds 
schoening23 is sitting out
Alameda22: folds 
fo20man: folds 
dwq2300: folds 
Maxi_dp4: folds 
FACUMDP: folds 
Uncalled bet ($0.25) returned to markwin11
markwin11 collected $0.50 from pot
markwin11: doesn't show hand 
*** SUMMARY ***
Total pot $0.50 | Rake $0 
Seat 1: dwq2300 folded before Flop (didn't bet)
Seat 2: Maxi_dp4 (button) folded before Flop (didn't bet)
Seat 3: FACUMDP (small blind) folded before Flop
Seat 5: markwin11 (big blind) collected ($0.50)
Seat 6: fernandoagz folded before Flop (didn't bet)
Seat 7: schoening23 folded before Flop (didn't bet)
Seat 8: Alameda22 folded before Flop (didn't bet)
Seat 9: fo20man folded before Flop (didn't bet)



PokerStars Game #20154133455:  Hold'em No Limit ($0.25/$0.50) - 2008/09/04 22:13:39 ET
Table 'Stobbe II' 9-max Seat #3 is the button
Seat 1: dwq2300 ($3.70 in chips) 
Seat 2: Maxi_dp4 ($49.25 in chips) 
Seat 3: FACUMDP ($49 in chips) 
Seat 5: markwin11 ($50.25 in chips) 
Seat 6: killtown ($27.25 in chips) 
Seat 8: Alameda22 ($62.90 in chips) 
Seat 9: fo20man ($54.70 in chips) 
rich138 will be allowed to play after the button
markwin11: posts small blind $0.25
killtown: posts big blind $0.50
*** HOLE CARDS ***
Dealt to Alameda22 [Kc Ts]
Alameda22: folds 
fo20man: folds 
dwq2300: folds 
Maxi_dp4: raises $1.50 to $2
FACUMDP: folds 
markwin11: folds 
killtown: folds 
Uncalled bet ($1.50) returned to Maxi_dp4
Maxi_dp4 collected $1.25 from pot
Maxi_dp4: doesn't show hand 
*** SUMMARY ***
Total pot $1.25 | Rake $0 
Seat 1: dwq2300 folded before Flop (didn't bet)
Seat 2: Maxi_dp4 collected ($1.25)
Seat 3: FACUMDP (button) folded before Flop (didn't bet)
Seat 5: markwin11 (small blind) folded before Flop
Seat 6: killtown (big blind) folded before Flop
Seat 8: Alameda22 folded before Flop (didn't bet)
Seat 9: fo20man folded before Flop (didn't bet)



PokerStars Game #20154144974:  Hold'em No Limit ($0.25/$0.50) - 2008/09/04 22:14:11 ET
Table 'Stobbe II' 9-max Seat #5 is the button
Seat 1: dwq2300 ($3.70 in chips) 
Seat 2: Maxi_dp4 ($50 in chips) 
Seat 3: FACUMDP ($49 in chips) 
Seat 4: rich138 ($30 in chips) 
Seat 5: markwin11 ($50 in chips) 
Seat 6: killtown ($26.75 in chips) 
Seat 8: Alameda22 ($62.90 in chips) 
Seat 9: fo20man ($54.70 in chips) 
killtown: posts small blind $0.25
Alameda22: posts big blind $0.50
rich138: posts big blind $0.50
*** HOLE CARDS ***
Dealt to Alameda22 [5d Kd]
fo20man: raises $1.50 to $2
dwq2300: folds 
Maxi_dp4: folds 
FACUMDP: folds 
rich138: calls $1.50
markwin11: folds 
killtown: calls $1.75
Alameda22: folds 
*** FLOP *** [5h Qh 8h]
killtown: checks 
schoening23 has returned
fo20man: checks 
rich138: checks 
*** TURN *** [5h Qh 8h] [3s]
killtown: checks 
fo20man: checks 
rich138: checks 
*** RIVER *** [5h Qh 8h 3s] [5c]
killtown: checks 
fo20man: checks 
rich138: checks 
*** SHOW DOWN ***
killtown: shows [As 4d] (a pair of Fives)
fo20man: shows [Tc Ad] (a pair of Fives - Ace+Queen+Ten kicker)
rich138: mucks hand 
fo20man collected $6.20 from pot
fo20man said, "hah"
*** SUMMARY ***
Total pot $6.50 | Rake $0.30 
Board [5h Qh 8h 3s 5c]
Seat 1: dwq2300 folded before Flop (didn't bet)
Seat 2: Maxi_dp4 folded before Flop (didn't bet)
Seat 3: FACUMDP folded before Flop (didn't bet)
Seat 4: rich138 mucked [Ac 9c]
Seat 5: markwin11 (button) folded before Flop (didn't bet)
Seat 6: killtown (small blind) showed [As 4d] and lost with a pair of Fives
Seat 8: Alameda22 (big blind) folded before Flop
Seat 9: fo20man showed [Tc Ad] and won ($6.20) with a pair of Fives



PokerStars Game #20154166319:  Hold'em No Limit ($0.25/$0.50) - 2008/09/04 22:15:11 ET
Table 'Stobbe II' 9-max Seat #6 is the button
Seat 1: dwq2300 ($3.70 in chips) 
Seat 2: Maxi_dp4 ($50 in chips) 
Seat 3: FACUMDP ($49 in chips) 
Seat 4: rich138 ($28 in chips) 
Seat 5: markwin11 ($50 in chips) 
Seat 6: killtown ($24.75 in chips) 
Seat 8: Alameda22 ($62.40 in chips) 
Seat 9: fo20man ($58.90 in chips) 
schoening23 will be allowed to play after the button
Alameda22: posts small blind $0.25
fo20man: posts big blind $0.50
*** HOLE CARDS ***
Dealt to Alameda22 [8s Ts]
dwq2300: folds 
Maxi_dp4: folds 
FACUMDP: folds 
rich138: folds 
markwin11: folds 
killtown: folds 
Alameda22: calls $0.25
fo20man: checks 
*** FLOP *** [Ah Qs 6d]
Alameda22: checks 
fo20man: bets $0.50
Alameda22: folds 
Uncalled bet ($0.50) returned to fo20man
fo20man collected $0.95 from pot
fo20man: shows [5d 6c] (a pair of Sixes)
*** SUMMARY ***
Total pot $1 | Rake $0.05 
Board [Ah Qs 6d]
Seat 1: dwq2300 folded before Flop (didn't bet)
Seat 2: Maxi_dp4 folded before Flop (didn't bet)
Seat 3: FACUMDP folded before Flop (didn't bet)
Seat 4: rich138 folded before Flop (didn't bet)
Seat 5: markwin11 folded before Flop (didn't bet)
Seat 6: killtown (button) folded before Flop (didn't bet)
Seat 8: Alameda22 (small blind) folded on the Flop
Seat 9: fo20man (big blind) collected ($0.95)



PokerStars Game #20154188726:  Hold'em No Limit ($0.25/$0.50) - 2008/09/04 22:16:13 ET
Table 'Stobbe II' 9-max Seat #8 is the button
Seat 1: dwq2300 ($3.70 in chips) 
Seat 2: Maxi_dp4 ($50 in chips) 
Seat 3: FACUMDP ($49 in chips) 
Seat 4: rich138 ($28 in chips) 
Seat 5: markwin11 ($50 in chips) 
Seat 6: killtown ($24.75 in chips) 
Seat 7: schoening23 ($92.95 in chips) 
Seat 8: Alameda22 ($61.90 in chips) 
Seat 9: fo20man ($59.35 in chips) 
fo20man: posts small blind $0.25
dwq2300: posts big blind $0.50
schoening23: posts small & big blinds $0.75
*** HOLE CARDS ***
Dealt to Alameda22 [8h Td]
Maxi_dp4: folds 
FACUMDP: folds 
rich138: folds 
markwin11: folds 
killtown: calls $0.50
schoening23: checks 
Alameda22: folds 
fo20man: calls $0.25
dwq2300: checks 
*** FLOP *** [6c 4c 5d]
fo20man: checks 
dwq2300: checks 
killtown: bets $3.50
schoening23: folds 
fo20man: calls $3.50
dwq2300: folds 
*** TURN *** [6c 4c 5d] [9c]
fo20man: checks 
killtown: bets $4
fo20man: calls $4
*** RIVER *** [6c 4c 5d 9c] [Kd]
fo20man: checks 
killtown: checks 
*** SHOW DOWN ***
fo20man: shows [6d 7s] (a pair of Sixes)
killtown: shows [7c Kh] (a pair of Kings)
killtown collected $16.45 from pot
fo20man said, "hah nice pull"
*** SUMMARY ***
Total pot $17.25 | Rake $0.80 
Board [6c 4c 5d 9c Kd]
Seat 1: dwq2300 (big blind) folded on the Flop
Seat 2: Maxi_dp4 folded before Flop (didn't bet)
Seat 3: FACUMDP folded before Flop (didn't bet)
Seat 4: rich138 folded before Flop (didn't bet)
Seat 5: markwin11 folded before Flop (didn't bet)
Seat 6: killtown showed [7c Kh] and won ($16.45) with a pair of Kings
Seat 7: schoening23 folded on the Flop
Seat 8: Alameda22 (button) folded before Flop (didn't bet)
Seat 9: fo20man (small blind) showed [6d 7s] and lost with a pair of Sixes



PokerStars Game #20154220741:  Hold'em No Limit ($0.25/$0.50) - 2008/09/04 22:17:43 ET
Table 'Stobbe II' 9-max Seat #9 is the button
Seat 1: dwq2300 ($3.20 in chips) 
Seat 2: Maxi_dp4 ($50 in chips) 
Seat 3: FACUMDP ($49 in chips) 
Seat 4: rich138 ($28 in chips) 
Seat 5: markwin11 ($50 in chips) 
Seat 6: killtown ($33.20 in chips) 
Seat 7: schoening23 ($92.20 in chips) 
Seat 8: Alameda22 ($61.90 in chips) 
Seat 9: fo20man ($51.35 in chips) 
dwq2300: posts small blind $0.25
Maxi_dp4: posts big blind $0.50
*** HOLE CARDS ***
Dealt to Alameda22 [Qd Qh]
killtown said, "thx"
FACUMDP: calls $0.50
rich138: folds 
fo20man said, "thought maybe you had flush"
markwin11: folds 
killtown: calls $0.50
schoening23: folds 
Alameda22: raises $2.50 to $3
fo20man: folds 
killtown said, "was waitin for 1 lol"
dwq2300: folds 
fo20man said, "that 4 was a nice bet"
Maxi_dp4: folds 
FACUMDP: calls $2.50
killtown: calls $2.50
*** FLOP *** [4d Jh 2s]
killtown said, "thx"
FACUMDP: checks 
killtown: checks 
Alameda22: bets $6
FACUMDP: folds 
killtown: folds 
Uncalled bet ($6) returned to Alameda22
Alameda22 collected $9.30 from pot
Alameda22: doesn't show hand 
*** SUMMARY ***
Total pot $9.75 | Rake $0.45 
Board [4d Jh 2s]
Seat 1: dwq2300 (small blind) folded before Flop
Seat 2: Maxi_dp4 (big blind) folded before Flop
Seat 3: FACUMDP folded on the Flop
Seat 4: rich138 folded before Flop (didn't bet)
Seat 5: markwin11 folded before Flop (didn't bet)
Seat 6: killtown folded on the Flop
Seat 7: schoening23 folded before Flop (didn't bet)
Seat 8: Alameda22 collected ($9.30)
Seat 9: fo20man (button) folded before Flop (didn't bet)



PokerStars Game #20154251465:  Hold'em No Limit ($0.25/$0.50) - 2008/09/04 22:19:09 ET
Table 'Stobbe II' 9-max Seat #1 is the button
Seat 1: dwq2300 ($2.95 in chips) 
Seat 2: Maxi_dp4 ($49.50 in chips) 
Seat 3: FACUMDP ($50 in chips) 
Seat 4: rich138 ($28 in chips) 
Seat 5: markwin11 ($50 in chips) 
Seat 6: killtown ($30.20 in chips) 
Seat 7: schoening23 ($92.20 in chips) 
Seat 8: Alameda22 ($68.20 in chips) 
Seat 9: fo20man ($51.35 in chips) 
Maxi_dp4: posts small blind $0.25
FACUMDP: posts big blind $0.50
*** HOLE CARDS ***
Dealt to Alameda22 [7d 9h]
rich138: folds 
markwin11: folds 
killtown: folds 
schoening23: folds 
Alameda22: folds 
fo20man: calls $0.50
dwq2300: folds 
Maxi_dp4: folds 
FACUMDP: checks 
*** FLOP *** [6d 9s 4c]
FACUMDP: checks 
schoening23 said, "lets all agree to put 10 bucks in on the next no matter what. anybody??"
fo20man: checks 
*** TURN *** [6d 9s 4c] [Js]
FACUMDP: checks 
fo20man said, "i would but you cant get anyone to coop here"
fo20man: checks 
*** RIVER *** [6d 9s 4c Js] [Qc]
FACUMDP: checks 
fo20man: checks 
*** SHOW DOWN ***
FACUMDP: shows [8d 8h] (a pair of Eights)
fo20man: shows [3h Ah] (high card Ace)
FACUMDP collected $1.20 from pot
*** SUMMARY ***
Total pot $1.25 | Rake $0.05 
Board [6d 9s 4c Js Qc]
Seat 1: dwq2300 (button) folded before Flop (didn't bet)
Seat 2: Maxi_dp4 (small blind) folded before Flop
Seat 3: FACUMDP (big blind) showed [8d 8h] and won ($1.20) with a pair of Eights
Seat 4: rich138 folded before Flop (didn't bet)
Seat 5: markwin11 folded before Flop (didn't bet)
Seat 6: killtown folded before Flop (didn't bet)
Seat 7: schoening23 folded before Flop (didn't bet)
Seat 8: Alameda22 folded before Flop (didn't bet)
Seat 9: fo20man showed [3h Ah] and lost with high card Ace



PokerStars Game #20154274462:  Hold'em No Limit ($0.25/$0.50) - 2008/09/04 22:20:13 ET
Table 'Stobbe II' 9-max Seat #2 is the button
Seat 1: dwq2300 ($2.95 in chips) 
Seat 2: Maxi_dp4 ($49.25 in chips) 
Seat 3: FACUMDP ($50.70 in chips) 
Seat 4: rich138 ($28 in chips) 
Seat 5: markwin11 ($50 in chips) 
Seat 6: killtown ($30.20 in chips) 
Seat 7: schoening23 ($92.20 in chips) 
Seat 8: Alameda22 ($68.20 in chips) 
Seat 9: fo20man ($50.85 in chips) 
FACUMDP: posts small blind $0.25
rich138: posts big blind $0.50
*** HOLE CARDS ***
Dealt to Alameda22 [8h 3d]
schoening23 said, "im in why not just money"
schoening23 said, "ya guna?/"
fo20man said, "ill call"
markwin11: folds 
killtown: calls $0.50
schoening23: raises $9.50 to $10
Alameda22: folds 
fo20man: calls $10
dwq2300: folds 
fo20man said, "i coop"
Maxi_dp4: folds 
schoening23 said, "u probbly got a hand"
FACUMDP: folds 
rich138: folds 
killtown: calls $9.50
*** FLOP *** [Kh Jc 8s]
killtown: checks 
schoening23: checks 
fo20man: checks 
*** TURN *** [Kh Jc 8s] [Kd]
killtown: checks 
schoening23: checks 
fo20man: checks 
*** RIVER *** [Kh Jc 8s Kd] [7d]
killtown: checks 
schoening23: checks 
fo20man: bets $20
killtown: folds 
schoening23: folds 
Uncalled bet ($20) returned to fo20man
fo20man said, "just moneyt"
fo20man collected $29.25 from pot
fo20man: shows [2s 3h] (a pair of Kings)
*** SUMMARY ***
Total pot $30.75 | Rake $1.50 
Board [Kh Jc 8s Kd 7d]
Seat 1: dwq2300 folded before Flop (didn't bet)
Seat 2: Maxi_dp4 (button) folded before Flop (didn't bet)
Seat 3: FACUMDP (small blind) folded before Flop
Seat 4: rich138 (big blind) folded before Flop
Seat 5: markwin11 folded before Flop (didn't bet)
Seat 6: killtown folded on the River
Seat 7: schoening23 folded on the River
Seat 8: Alameda22 folded before Flop (didn't bet)
Seat 9: fo20man collected ($29.25)



PokerStars Game #20154314810:  Hold'em No Limit ($0.25/$0.50) - 2008/09/04 22:22:06 ET
Table 'Stobbe II' 9-max Seat #3 is the button
Seat 1: dwq2300 ($2.95 in chips) 
Seat 2: Maxi_dp4 ($49.25 in chips) 
Seat 3: FACUMDP ($50.45 in chips) 
Seat 4: rich138 ($27.50 in chips) 
Seat 5: markwin11 ($50 in chips) 
Seat 6: killtown ($20.20 in chips) 
Seat 7: schoening23 ($82.20 in chips) 
Seat 8: Alameda22 ($68.20 in chips) 
Seat 9: fo20man ($70.10 in chips) 
rich138: posts small blind $0.25
markwin11: posts big blind $0.50
*** HOLE CARDS ***
Dealt to Alameda22 [8h Qh]
killtown: calls $0.50
schoening23: folds 
Alameda22: folds 
fo20man: calls $0.50
schoening23 said, "i didnt have **** tho"
dwq2300: folds 
Maxi_dp4: folds 
FACUMDP: folds 
rich138: folds 
fo20man said, "had to have mebeat"
markwin11: checks 
*** FLOP *** [Qs 7c 5c]
markwin11: checks 
killtown: checks 
fo20man: checks 
*** TURN *** [Qs 7c 5c] [Jd]
markwin11: checks 
killtown: checks 
fo20man: bets $1
markwin11: folds 
killtown: folds 
Uncalled bet ($1) returned to fo20man
fo20man collected $1.70 from pot
fo20man: shows [Jc Tc] (a pair of Jacks)
*** SUMMARY ***
Total pot $1.75 | Rake $0.05 
Board [Qs 7c 5c Jd]
Seat 1: dwq2300 folded before Flop (didn't bet)
Seat 2: Maxi_dp4 folded before Flop (didn't bet)
Seat 3: FACUMDP (button) folded before Flop (didn't bet)
Seat 4: rich138 (small blind) folded before Flop
Seat 5: markwin11 (big blind) folded on the Turn
Seat 6: killtown folded on the Turn
Seat 7: schoening23 folded before Flop (didn't bet)
Seat 8: Alameda22 folded before Flop (didn't bet)
Seat 9: fo20man collected ($1.70)



PokerStars Game #20154345613:  Hold'em No Limit ($0.25/$0.50) - 2008/09/04 22:23:34 ET
Table 'Stobbe II' 9-max Seat #4 is the button
Seat 1: dwq2300 ($2.95 in chips) 
Seat 2: Maxi_dp4 ($49.25 in chips) 
Seat 3: FACUMDP ($50.45 in chips) 
Seat 4: rich138 ($27.25 in chips) 
Seat 5: markwin11 ($49.50 in chips) 
Seat 6: killtown ($19.70 in chips) 
Seat 7: schoening23 ($82.20 in chips) 
Seat 8: Alameda22 ($68.20 in chips) 
Seat 9: fo20man ($71.30 in chips) 
markwin11: posts small blind $0.25
killtown: posts big blind $0.50
*** HOLE CARDS ***
Dealt to Alameda22 [Js 3s]
schoening23: calls $0.50
Alameda22: folds 
fo20man: calls $0.50
dwq2300: folds 
Maxi_dp4: folds 
FACUMDP: folds 
rich138: folds 
markwin11: folds 
killtown: checks 
*** FLOP *** [8c 4d 8s]
killtown: checks 
schoening23: checks 
fo20man: checks 
*** TURN *** [8c 4d 8s] [Kd]
killtown: checks 
schoening23: checks 
fo20man: bets $1
killtown: folds 
schoening23: folds 
Uncalled bet ($1) returned to fo20man
fo20man collected $1.70 from pot
fo20man: shows [8d As] (three of a kind, Eights)
*** SUMMARY ***
Total pot $1.75 | Rake $0.05 
Board [8c 4d 8s Kd]
Seat 1: dwq2300 folded before Flop (didn't bet)
Seat 2: Maxi_dp4 folded before Flop (didn't bet)
Seat 3: FACUMDP folded before Flop (didn't bet)
Seat 4: rich138 (button) folded before Flop (didn't bet)
Seat 5: markwin11 (small blind) folded before Flop
Seat 6: killtown (big blind) folded on the Turn
Seat 7: schoening23 folded on the Turn
Seat 8: Alameda22 folded before Flop (didn't bet)
Seat 9: fo20man collected ($1.70)



PokerStars Game #20154378782:  Hold'em No Limit ($0.25/$0.50) - 2008/09/04 22:25:07 ET
Table 'Stobbe II' 9-max Seat #5 is the button
Seat 1: dwq2300 ($2.95 in chips) 
Seat 2: Maxi_dp4 ($49.25 in chips) 
Seat 3: FACUMDP ($50.45 in chips) 
Seat 4: rich138 ($27.25 in chips) 
Seat 5: markwin11 ($49.25 in chips) 
Seat 6: killtown ($19.20 in chips) 
Seat 7: schoening23 ($81.70 in chips) 
Seat 8: Alameda22 ($68.20 in chips) 
Seat 9: fo20man ($72.50 in chips) 
killtown: posts small blind $0.25
schoening23: posts big blind $0.50
*** HOLE CARDS ***
Dealt to Alameda22 [Jh 5d]
Alameda22: folds 
fo20man: folds 
dwq2300: folds 
Maxi_dp4: folds 
FACUMDP: folds 
rich138: folds 
markwin11 has timed out
markwin11: folds 
markwin11 is sitting out
markwin11 has returned
killtown: raises $2 to $2.50
schoening23: calls $2
*** FLOP *** [3d Ad 6s]
killtown: checks 
schoening23: checks 
*** TURN *** [3d Ad 6s] [5s]
killtown: bets $2
schoening23: raises $7 to $9
killtown: calls $7
*** RIVER *** [3d Ad 6s 5s] [8h]
killtown: checks 
schoening23: bets $8
killtown: calls $7.70 and is all-in
Uncalled bet ($0.30) returned to schoening23
*** SHOW DOWN ***
schoening23: shows [Tc Js] (high card Ace)
killtown: shows [9h 9s] (a pair of Nines)
killtown collected $36.55 from pot
*** SUMMARY ***
Total pot $38.40 | Rake $1.85 
Board [3d Ad 6s 5s 8h]
Seat 1: dwq2300 folded before Flop (didn't bet)
Seat 2: Maxi_dp4 folded before Flop (didn't bet)
Seat 3: FACUMDP folded before Flop (didn't bet)
Seat 4: rich138 folded before Flop (didn't bet)
Seat 5: markwin11 (button) folded before Flop (didn't bet)
Seat 6: killtown (small blind) showed [9h 9s] and won ($36.55) with a pair of Nines
Seat 7: schoening23 (big blind) showed [Tc Js] and lost with high card Ace
Seat 8: Alameda22 folded before Flop (didn't bet)
Seat 9: fo20man folded before Flop (didn't bet)



PokerStars Game #20154412904:  Hold'em No Limit ($0.25/$0.50) - 2008/09/04 22:26:44 ET
Table 'Stobbe II' 9-max Seat #6 is the button
Seat 1: dwq2300 ($2.95 in chips) 
Seat 2: Maxi_dp4 ($49.25 in chips) 
Seat 3: FACUMDP ($50.45 in chips) 
Seat 4: rich138 ($27.25 in chips) 
Seat 5: markwin11 ($49.25 in chips) 
Seat 6: killtown ($36.55 in chips) 
Seat 7: schoening23 ($62.50 in chips) 
Seat 8: Alameda22 ($68.20 in chips) 
Seat 9: fo20man ($72.50 in chips) 
schoening23: posts small blind $0.25
Alameda22: posts big blind $0.50
*** HOLE CARDS ***
Dealt to Alameda22 [2h 5s]
fo20man: raises $2.20 to $2.70
dwq2300: folds 
Maxi_dp4: folds 
FACUMDP: folds 
rich138: folds 
markwin11: folds 
killtown: folds 
schoening23: folds 
Alameda22: folds 
Uncalled bet ($2.20) returned to fo20man
fo20man collected $1.25 from pot
fo20man: shows [Ah As] (a pair of Aces)
*** SUMMARY ***
Total pot $1.25 | Rake $0 
Seat 1: dwq2300 folded before Flop (didn't bet)
Seat 2: Maxi_dp4 folded before Flop (didn't bet)
Seat 3: FACUMDP folded before Flop (didn't bet)
Seat 4: rich138 folded before Flop (didn't bet)
Seat 5: markwin11 folded before Flop (didn't bet)
Seat 6: killtown (button) folded before Flop (didn't bet)
Seat 7: schoening23 (small blind) folded before Flop
Seat 8: Alameda22 (big blind) folded before Flop
Seat 9: fo20man collected ($1.25)



PokerStars Game #20154429918:  Hold'em No Limit ($0.25/$0.50) - 2008/09/04 22:27:32 ET
Table 'Stobbe II' 9-max Seat #7 is the button
Seat 1: dwq2300 ($2.95 in chips) 
Seat 2: Maxi_dp4 ($49.25 in chips) 
Seat 3: FACUMDP ($50.45 in chips) 
Seat 4: rich138 ($27.25 in chips) 
Seat 5: markwin11 ($49.25 in chips) 
Seat 6: killtown ($36.55 in chips) 
Seat 7: schoening23 ($62.25 in chips) 
Seat 8: Alameda22 ($67.70 in chips) 
Alameda22: posts small blind $0.25
killtown said, "nh"
fo20man: is sitting out 
dwq2300: posts big blind $0.50
*** HOLE CARDS ***
Dealt to Alameda22 [Ts 7d]
Maxi_dp4: folds 
FACUMDP: raises $1.50 to $2
rich138: folds 
markwin11: folds 
killtown: folds 
schoening23: folds 
Alameda22: folds 
dwq2300: folds 
Uncalled bet ($1.50) returned to FACUMDP
FACUMDP collected $1.25 from pot
FACUMDP: doesn't show hand 
*** SUMMARY ***
Total pot $1.25 | Rake $0 
Seat 1: dwq2300 (big blind) folded before Flop
Seat 2: Maxi_dp4 folded before Flop (didn't bet)
Seat 3: FACUMDP collected ($1.25)
Seat 4: rich138 folded before Flop (didn't bet)
Seat 5: markwin11 folded before Flop (didn't bet)
Seat 6: killtown folded before Flop (didn't bet)
Seat 7: schoening23 (button) folded before Flop (didn't bet)
Seat 8: Alameda22 (small blind) folded before Flop



PokerStars Game #20154447601:  Hold'em No Limit ($0.25/$0.50) - 2008/09/04 22:28:22 ET
Table 'Stobbe II' 9-max Seat #8 is the button
Seat 1: dwq2300 ($2.45 in chips) 
Seat 2: Maxi_dp4 ($49.25 in chips) 
Seat 3: FACUMDP ($51.20 in chips) 
Seat 4: rich138 ($27.25 in chips) 
Seat 5: markwin11 ($49.25 in chips) 
Seat 6: killtown ($36.55 in chips) 
Seat 7: schoening23 ($62.25 in chips) 
Seat 8: Alameda22 ($67.45 in chips) 
dwq2300: posts small blind $0.25
Maxi_dp4: posts big blind $0.50
*** HOLE CARDS ***
Dealt to Alameda22 [Qh 4c]
FACUMDP: folds 
fo20man leaves the table
rich138: folds 
markwin11: folds 
killtown: calls $0.50
schoening23: folds 
Alameda22: folds 
dwq2300: calls $0.25
Maxi_dp4: checks 
*** FLOP *** [8c Ad 7h]
dwq2300: checks 
Maxi_dp4: checks 
killtown: checks 
*** TURN *** [8c Ad 7h] [2c]
dwq2300: checks 
Maxi_dp4: checks 
killtown: checks 
*** RIVER *** [8c Ad 7h 2c] [8h]
dwq2300: checks 
Maxi_dp4: checks 
Darin2008 joins the table at seat #9 
killtown: checks 
*** SHOW DOWN ***
dwq2300: shows [4s 9h] (a pair of Eights)
Maxi_dp4: shows [Jh 3s] (a pair of Eights - Ace+Jack kicker)
killtown: shows [6s Kh] (a pair of Eights - Ace+King kicker)
killtown collected $1.45 from pot
*** SUMMARY ***
Total pot $1.50 | Rake $0.05 
Board [8c Ad 7h 2c 8h]
Seat 1: dwq2300 (small blind) showed [4s 9h] and lost with a pair of Eights
Seat 2: Maxi_dp4 (big blind) showed [Jh 3s] and lost with a pair of Eights
Seat 3: FACUMDP folded before Flop (didn't bet)
Seat 4: rich138 folded before Flop (didn't bet)
Seat 5: markwin11 folded before Flop (didn't bet)
Seat 6: killtown showed [6s Kh] and won ($1.45) with a pair of Eights
Seat 7: schoening23 folded before Flop (didn't bet)
Seat 8: Alameda22 (button) folded before Flop (didn't bet)



PokerStars Game #20154470840:  Hold'em No Limit ($0.25/$0.50) - 2008/09/04 22:29:27 ET
Table 'Stobbe II' 9-max Seat #1 is the button
Seat 1: dwq2300 ($1.95 in chips) 
Seat 2: Maxi_dp4 ($48.75 in chips) 
Seat 3: FACUMDP ($51.20 in chips) 
Seat 4: rich138 ($27.25 in chips) 
Seat 5: markwin11 ($49.25 in chips) 
Seat 6: killtown ($37.50 in chips) 
Seat 7: schoening23 ($62.25 in chips) 
Seat 8: Alameda22 ($67.45 in chips) 
Seat 9: Darin2008 ($15.25 in chips) 
Maxi_dp4: posts small blind $0.25
FACUMDP: posts big blind $0.50
Darin2008: posts big blind $0.50
*** HOLE CARDS ***
Dealt to Alameda22 [9h 8s]
rich138: folds 
markwin11: folds 
killtown: folds 
schoening23: calls $0.50
Alameda22: folds 
Darin2008: checks 
dwq2300: folds 
Maxi_dp4: folds 
FACUMDP: checks 
*** FLOP *** [3d Qs 7s]
FACUMDP: checks 
schoening23: checks 
Darin2008: checks 
*** TURN *** [3d Qs 7s] [Tc]
FACUMDP: checks 
schoening23: checks 
Darin2008: checks 
*** RIVER *** [3d Qs 7s Tc] [Js]
FACUMDP: checks 
schoening23: checks 
Darin2008: checks 
*** SHOW DOWN ***
FACUMDP: shows [Ts Jh] (two pair, Jacks and Tens)
schoening23: mucks hand 
Darin2008: mucks hand 
FACUMDP collected $1.70 from pot
*** SUMMARY ***
Total pot $1.75 | Rake $0.05 
Board [3d Qs 7s Tc Js]
Seat 1: dwq2300 (button) folded before Flop (didn't bet)
Seat 2: Maxi_dp4 (small blind) folded before Flop
Seat 3: FACUMDP (big blind) showed [Ts Jh] and won ($1.70) with two pair, Jacks and Tens
Seat 4: rich138 folded before Flop (didn't bet)
Seat 5: markwin11 folded before Flop (didn't bet)
Seat 6: killtown folded before Flop (didn't bet)
Seat 7: schoening23 mucked [4s Kd]
Seat 8: Alameda22 folded before Flop (didn't bet)
Seat 9: Darin2008 mucked [Ks 8c]



PokerStars Game #20154502449:  Hold'em No Limit ($0.25/$0.50) - 2008/09/04 22:30:57 ET
Table 'Stobbe II' 9-max Seat #2 is the button
Seat 1: dwq2300 ($1.95 in chips) 
Seat 2: Maxi_dp4 ($48.50 in chips) 
Seat 3: FACUMDP ($52.40 in chips) 
Seat 4: rich138 ($27.25 in chips) 
Seat 5: markwin11 ($49.25 in chips) 
Seat 6: killtown ($37.50 in chips) 
Seat 7: schoening23 ($61.75 in chips) 
Seat 8: Alameda22 ($67.45 in chips) 
Seat 9: Darin2008 ($14.75 in chips) 
FACUMDP: posts small blind $0.25
rich138: posts big blind $0.50
*** HOLE CARDS ***
Dealt to Alameda22 [Tc 4c]
markwin11: folds 
killtown: folds 
schoening23: calls $0.50
Alameda22: folds 
Darin2008: folds 
dwq2300: folds 
Maxi_dp4: folds 
FACUMDP: calls $0.25
rich138: checks 
*** FLOP *** [6d 3s 3h]
FACUMDP: checks 
rich138: checks 
schoening23: bets $1
FACUMDP: folds 
rich138: folds 
Uncalled bet ($1) returned to schoening23
schoening23 collected $1.45 from pot
schoening23: doesn't show hand 
*** SUMMARY ***
Total pot $1.50 | Rake $0.05 
Board [6d 3s 3h]
Seat 1: dwq2300 folded before Flop (didn't bet)
Seat 2: Maxi_dp4 (button) folded before Flop (didn't bet)
Seat 3: FACUMDP (small blind) folded on the Flop
Seat 4: rich138 (big blind) folded on the Flop
Seat 5: markwin11 folded before Flop (didn't bet)
Seat 6: killtown folded before Flop (didn't bet)
Seat 7: schoening23 collected ($1.45)
Seat 8: Alameda22 folded before Flop (didn't bet)
Seat 9: Darin2008 folded before Flop (didn't bet)



PokerStars Game #20154521524:  Hold'em No Limit ($0.25/$0.50) - 2008/09/04 22:31:46 ET
Table 'Stobbe II' 9-max Seat #3 is the button
Seat 1: dwq2300 ($1.95 in chips) 
Seat 2: Maxi_dp4 ($48.50 in chips) 
Seat 3: FACUMDP ($51.90 in chips) 
Seat 4: rich138 ($26.75 in chips) 
Seat 5: markwin11 ($49.25 in chips) 
Seat 6: killtown ($37.50 in chips) 
Seat 7: schoening23 ($62.70 in chips) 
Seat 8: Alameda22 ($67.45 in chips) 
Seat 9: Darin2008 ($14.75 in chips) 
rich138: posts small blind $0.25
markwin11: posts big blind $0.50
*** HOLE CARDS ***
Dealt to Alameda22 [As 6s]
killtown: calls $0.50
schoening23: raises $1 to $1.50
Alameda22: folds 
Darin2008: folds 
dwq2300: folds 
Maxi_dp4: folds 
FACUMDP: folds 
rich138: calls $1.25
markwin11: calls $1
killtown: raises $2.50 to $4
schoening23: calls $2.50
rich138: calls $2.50
markwin11: calls $2.50
*** FLOP *** [Jd Jh 9h]
rich138: checks 
markwin11: checks 
killtown: checks 
schoening23: checks 
*** TURN *** [Jd Jh 9h] [2c]
rich138: checks 
markwin11: checks 
killtown: bets $10
schoening23: raises $48.70 to $58.70 and is all-in
rich138: folds 
markwin11: folds 
killtown: calls $23.50 and is all-in
Uncalled bet ($25.20) returned to schoening23
*** RIVER *** [Jd Jh 9h 2c] [Kh]
*** SHOW DOWN ***
killtown: shows [Ks Kd] (a full house, Kings full of Jacks)
schoening23: mucks hand 
killtown collected $80 from pot
*** SUMMARY ***
Total pot $83 | Rake $3 
Board [Jd Jh 9h 2c Kh]
Seat 1: dwq2300 folded before Flop (didn't bet)
Seat 2: Maxi_dp4 folded before Flop (didn't bet)
Seat 3: FACUMDP (button) folded before Flop (didn't bet)
Seat 4: rich138 (small blind) folded on the Turn
Seat 5: markwin11 (big blind) folded on the Turn
Seat 6: killtown showed [Ks Kd] and won ($80) with a full house, Kings full of Jacks
Seat 7: schoening23 mucked [Ad Qs]
Seat 8: Alameda22 folded before Flop (didn't bet)
Seat 9: Darin2008 folded before Flop (didn't bet)



PokerStars Game #20154574595:  Hold'em No Limit ($0.25/$0.50) - 2008/09/04 22:34:07 ET
Table 'Stobbe II' 9-max Seat #4 is the button
Seat 1: dwq2300 ($1.95 in chips) 
Seat 2: Maxi_dp4 ($48.50 in chips) 
Seat 3: FACUMDP ($51.90 in chips) 
Seat 4: rich138 ($22.75 in chips) 
Seat 5: markwin11 ($50 in chips) 
Seat 6: killtown ($80 in chips) 
Seat 7: schoening23 ($25.20 in chips) 
Seat 8: Alameda22 ($67.45 in chips) 
Seat 9: Darin2008 ($14.75 in chips) 
markwin11: posts small blind $0.25
killtown: posts big blind $0.50
*** HOLE CARDS ***
Dealt to Alameda22 [4d 7d]
schoening23: folds 
schoening23 leaves the table
Alameda22: folds 
Darin2008: folds 
dwq2300: folds 
Maxi_dp4: folds 
FACUMDP: folds 
rich138: calls $0.50
zilionz joins the table at seat #7 
markwin11: folds 
killtown: checks 
*** FLOP *** [4c 7s 6d]
killtown: checks 
rich138: bets $0.50
killtown: folds 
Uncalled bet ($0.50) returned to rich138
rich138 collected $1.20 from pot
*** SUMMARY ***
Total pot $1.25 | Rake $0.05 
Board [4c 7s 6d]
Seat 1: dwq2300 folded before Flop (didn't bet)
Seat 2: Maxi_dp4 folded before Flop (didn't bet)
Seat 3: FACUMDP folded before Flop (didn't bet)
Seat 4: rich138 (button) collected ($1.20)
Seat 5: markwin11 (small blind) folded before Flop
Seat 6: killtown (big blind) folded on the Flop
Seat 7: schoening23 folded before Flop (didn't bet)
Seat 8: Alameda22 folded before Flop (didn't bet)
Seat 9: Darin2008 folded before Flop (didn't bet)



PokerStars Game #20154601713:  Hold'em No Limit ($0.25/$0.50) - 2008/09/04 22:35:19 ET
Table 'Stobbe II' 9-max Seat #5 is the button
Seat 1: dwq2300 ($1.95 in chips) 
Seat 2: Maxi_dp4 ($48.50 in chips) 
Seat 3: FACUMDP ($51.90 in chips) 
Seat 4: rich138 ($23.45 in chips) 
Seat 5: markwin11 ($49.75 in chips) 
Seat 6: killtown ($79.50 in chips) 
Seat 7: zilionz ($26.50 in chips) 
Seat 8: Alameda22 ($67.45 in chips) 
Seat 9: Darin2008 ($14.75 in chips) 
killtown: posts small blind $0.25
zilionz: posts big blind $0.50
*** HOLE CARDS ***
Dealt to Alameda22 [8c 2c]
markwin11 is disconnected 
Alameda22: folds 
Darin2008: folds 
dwq2300: folds 
Maxi_dp4: folds 
FACUMDP: folds 
rich138: calls $0.50
markwin11 is connected 
markwin11: folds 
killtown: calls $0.25
zilionz: checks 
*** FLOP *** [Ad 4h 5s]
killtown: bets $0.50
zilionz: folds 
rich138: calls $0.50
*** TURN *** [Ad 4h 5s] [Ks]
killtown: checks 
rich138: bets $0.50
killtown: calls $0.50
*** RIVER *** [Ad 4h 5s Ks] [Jc]
killtown: checks 
rich138: bets $0.50
killtown: folds 
Uncalled bet ($0.50) returned to rich138
rich138 collected $3.35 from pot
*** SUMMARY ***
Total pot $3.50 | Rake $0.15 
Board [Ad 4h 5s Ks Jc]
Seat 1: dwq2300 folded before Flop (didn't bet)
Seat 2: Maxi_dp4 folded before Flop (didn't bet)
Seat 3: FACUMDP folded before Flop (didn't bet)
Seat 4: rich138 collected ($3.35)
Seat 5: markwin11 (button) folded before Flop (didn't bet)
Seat 6: killtown (small blind) folded on the River
Seat 7: zilionz (big blind) folded on the Flop
Seat 8: Alameda22 folded before Flop (didn't bet)
Seat 9: Darin2008 folded before Flop (didn't bet)



PokerStars Game #20154631373:  Hold'em No Limit ($0.25/$0.50) - 2008/09/04 22:36:39 ET
Table 'Stobbe II' 9-max Seat #6 is the button
Seat 1: dwq2300 ($1.95 in chips) 
Seat 2: Maxi_dp4 ($48.50 in chips) 
Seat 3: FACUMDP ($51.90 in chips) 
Seat 4: rich138 ($25.30 in chips) 
Seat 5: markwin11 ($49.75 in chips) 
Seat 6: killtown ($78 in chips) 
Seat 7: zilionz ($26 in chips) 
Seat 8: Alameda22 ($67.45 in chips) 
Seat 9: Darin2008 ($14.75 in chips) 
zilionz: posts small blind $0.25
Alameda22: posts big blind $0.50
*** HOLE CARDS ***
Dealt to Alameda22 [Kh Qd]
Darin2008: folds 
dwq2300: folds 
Maxi_dp4: folds 
FACUMDP: calls $0.50
rich138: calls $0.50
markwin11: folds 
killtown: calls $0.50
zilionz: raises $3.50 to $4
Alameda22: folds 
FACUMDP: folds 
rich138: calls $3.50
killtown: calls $3.50
*** FLOP *** [9s 2c 4c]
zilionz: bets $8
rich138: folds 
killtown: folds 
Uncalled bet ($8) returned to zilionz
zilionz collected $12.35 from pot
zilionz: doesn't show hand 
*** SUMMARY ***
Total pot $13 | Rake $0.65 
Board [9s 2c 4c]
Seat 1: dwq2300 folded before Flop (didn't bet)
Seat 2: Maxi_dp4 folded before Flop (didn't bet)
Seat 3: FACUMDP folded before Flop
Seat 4: rich138 folded on the Flop
Seat 5: markwin11 folded before Flop (didn't bet)
Seat 6: killtown (button) folded on the Flop
Seat 7: zilionz (small blind) collected ($12.35)
Seat 8: Alameda22 (big blind) folded before Flop
Seat 9: Darin2008 folded before Flop (didn't bet)



PokerStars Game #20154666580:  Hold'em No Limit ($0.25/$0.50) - 2008/09/04 22:38:14 ET
Table 'Stobbe II' 9-max Seat #7 is the button
Seat 1: dwq2300 ($1.95 in chips) 
Seat 2: Maxi_dp4 ($48.50 in chips) 
Seat 3: FACUMDP ($51.40 in chips) 
Seat 4: rich138 ($21.30 in chips) 
Seat 5: markwin11 ($49.75 in chips) 
Seat 6: killtown ($74 in chips) 
Seat 7: zilionz ($34.35 in chips) 
Seat 8: Alameda22 ($66.95 in chips) 
Seat 9: Darin2008 ($14.75 in chips) 
Alameda22: posts small blind $0.25
Darin2008: posts big blind $0.50
*** HOLE CARDS ***
Dealt to Alameda22 [Jc 9d]
dwq2300: folds 
Maxi_dp4: folds 
FACUMDP: folds 
rich138: folds 
markwin11: folds 
killtown: calls $0.50
zilionz: calls $0.50
Alameda22: folds 
Darin2008: checks 
*** FLOP *** [9h 3c 3s]
Darin2008: checks 
killtown: bets $0.50
zilionz: raises $1 to $1.50
Darin2008: folds 
killtown: folds 
Uncalled bet ($1) returned to zilionz
zilionz collected $2.65 from pot
zilionz: doesn't show hand 
*** SUMMARY ***
Total pot $2.75 | Rake $0.10 
Board [9h 3c 3s]
Seat 1: dwq2300 folded before Flop (didn't bet)
Seat 2: Maxi_dp4 folded before Flop (didn't bet)
Seat 3: FACUMDP folded before Flop (didn't bet)
Seat 4: rich138 folded before Flop (didn't bet)
Seat 5: markwin11 folded before Flop (didn't bet)
Seat 6: killtown folded on the Flop
Seat 7: zilionz (button) collected ($2.65)
Seat 8: Alameda22 (small blind) folded before Flop
Seat 9: Darin2008 (big blind) folded on the Flop



PokerStars Game #20154688908:  Hold'em No Limit ($0.25/$0.50) - 2008/09/04 22:39:30 ET
Table 'Stobbe II' 9-max Seat #8 is the button
Seat 1: dwq2300 ($1.95 in chips) 
Seat 2: Maxi_dp4 ($48.50 in chips) 
Seat 3: FACUMDP ($51.40 in chips) 
Seat 4: rich138 ($21.30 in chips) 
Seat 5: markwin11 ($49.75 in chips) 
Seat 6: killtown ($73 in chips) 
Seat 7: zilionz ($36 in chips) 
Seat 8: Alameda22 ($66.70 in chips) 
Seat 9: Darin2008 ($14.25 in chips) 
Darin2008: posts small blind $0.25
dwq2300: posts big blind $0.50
*** HOLE CARDS ***
Dealt to Alameda22 [4s 3s]
Maxi_dp4: folds 
FACUMDP: folds 
rich138: folds 
markwin11: folds 
killtown: folds 
zilionz: folds 
Alameda22: folds 
Darin2008: calls $0.25
dwq2300: raises $1.45 to $1.95 and is all-in
Darin2008: calls $1.45
*** FLOP *** [Ad Qd Kc]
*** TURN *** [Ad Qd Kc] [7h]
*** RIVER *** [Ad Qd Kc 7h] [Ts]
*** SHOW DOWN ***
Darin2008: shows [Js 5c] (a straight, Ten to Ace)
dwq2300: mucks hand 
Darin2008 collected $3.75 from pot
*** SUMMARY ***
Total pot $3.90 | Rake $0.15 
Board [Ad Qd Kc 7h Ts]
Seat 1: dwq2300 (big blind) mucked [6s 6c]
Seat 2: Maxi_dp4 folded before Flop (didn't bet)
Seat 3: FACUMDP folded before Flop (didn't bet)
Seat 4: rich138 folded before Flop (didn't bet)
Seat 5: markwin11 folded before Flop (didn't bet)
Seat 6: killtown folded before Flop (didn't bet)
Seat 7: zilionz folded before Flop (didn't bet)
Seat 8: Alameda22 (button) folded before Flop (didn't bet)
Seat 9: Darin2008 (small blind) showed [Js 5c] and won ($3.75) with a straight, Ten to Ace



PokerStars Game #20154722850:  Hold'em No Limit ($0.25/$0.50) - 2008/09/04 22:40:55 ET
Table 'Stobbe II' 9-max Seat #9 is the button
Seat 2: Maxi_dp4 ($48.50 in chips) 
Seat 3: FACUMDP ($51.40 in chips) 
Seat 4: rich138 ($21.30 in chips) 
Seat 5: markwin11 ($49.75 in chips) 
Seat 6: killtown ($73 in chips) 
Seat 7: zilionz ($36 in chips) 
Seat 8: Alameda22 ($66.70 in chips) 
Seat 9: Darin2008 ($16.05 in chips) 
Maxi_dp4: posts small blind $0.25
FACUMDP: posts big blind $0.50
*** HOLE CARDS ***
Dealt to Alameda22 [Tc 5h]
rich138: folds 
markwin11: folds 
killtown: folds 
zilionz: calls $0.50
Alameda22: folds 
dwq2300 has returned
Darin2008: calls $0.50
Maxi_dp4: folds 
FACUMDP: checks 
*** FLOP *** [2d Jh 5s]
FACUMDP: checks 
zilionz: checks 
Darin2008: checks 
*** TURN *** [2d Jh 5s] [8h]
FACUMDP: checks 
zilionz: bets $1
Darin2008: folds 
FACUMDP: folds 
Uncalled bet ($1) returned to zilionz
zilionz collected $1.70 from pot
zilionz: shows [2h 2s] (three of a kind, Deuces)
*** SUMMARY ***
Total pot $1.75 | Rake $0.05 
Board [2d Jh 5s 8h]
Seat 2: Maxi_dp4 (small blind) folded before Flop
Seat 3: FACUMDP (big blind) folded on the Turn
Seat 4: rich138 folded before Flop (didn't bet)
Seat 5: markwin11 folded before Flop (didn't bet)
Seat 6: killtown folded before Flop (didn't bet)
Seat 7: zilionz collected ($1.70)
Seat 8: Alameda22 folded before Flop (didn't bet)
Seat 9: Darin2008 (button) folded on the Turn



PokerStars Game #20154739336:  Hold'em No Limit ($0.25/$0.50) - 2008/09/04 22:41:40 ET
Table 'Stobbe II' 9-max Seat #2 is the button
Seat 1: dwq2300 ($10 in chips) 
Seat 2: Maxi_dp4 ($48.25 in chips) 
Seat 3: FACUMDP ($50.90 in chips) 
Seat 4: rich138 ($21.30 in chips) 
Seat 5: markwin11 ($49.75 in chips) 
Seat 6: killtown ($73 in chips) 
Seat 7: zilionz ($37.20 in chips) 
Seat 8: Alameda22 ($66.70 in chips) 
Seat 9: Darin2008 ($15.55 in chips) 
FACUMDP: posts small blind $0.25
rich138: posts big blind $0.50
dwq2300: posts small blind $0.25
*** HOLE CARDS ***
Dealt to Alameda22 [Jd 3c]
markwin11: folds 
killtown: folds 
zilionz: folds 
Alameda22: folds 
Darin2008: folds 
dwq2300: folds 
Maxi_dp4: folds 
FACUMDP: folds 
Uncalled bet ($0.25) returned to rich138
rich138 collected $0.75 from pot
*** SUMMARY ***
Total pot $0.75 | Rake $0 
Seat 1: dwq2300 folded before Flop
Seat 2: Maxi_dp4 (button) folded before Flop (didn't bet)
Seat 3: FACUMDP (small blind) folded before Flop
Seat 4: rich138 (big blind) collected ($0.75)
Seat 5: markwin11 folded before Flop (didn't bet)
Seat 6: killtown folded before Flop (didn't bet)
Seat 7: zilionz folded before Flop (didn't bet)
Seat 8: Alameda22 folded before Flop (didn't bet)
Seat 9: Darin2008 folded before Flop (didn't bet)



PokerStars Game #20154753915:  Hold'em No Limit ($0.25/$0.50) - 2008/09/04 22:42:20 ET
Table 'Stobbe II' 9-max Seat #3 is the button
Seat 1: dwq2300 ($9.75 in chips) 
Seat 2: Maxi_dp4 ($48.25 in chips) 
Seat 3: FACUMDP ($50.65 in chips) 
Seat 4: rich138 ($21.80 in chips) 
Seat 6: killtown ($73 in chips) 
Seat 7: zilionz ($37.20 in chips) 
Seat 8: Alameda22 ($66.70 in chips) 
Seat 9: Darin2008 ($15.55 in chips) 
rich138: posts small blind $0.25
markwin11: is sitting out 
killtown: posts big blind $0.50
*** HOLE CARDS ***
Dealt to Alameda22 [As Jd]
markwin11 leaves the table
zilionz: folds 
Alameda22: folds 
Darin2008: calls $0.50
dwq2300: folds 
Maxi_dp4: folds 
FACUMDP: folds 
rich138: folds 
killtown: checks 
*** FLOP *** [Qs 8h 3c]
Tist07 joins the table at seat #5 
killtown: checks 
Darin2008: checks 
*** TURN *** [Qs 8h 3c] [Qd]
killtown: bets $0.50
Darin2008: folds 
Uncalled bet ($0.50) returned to killtown
killtown collected $1.20 from pot
killtown: doesn't show hand 
*** SUMMARY ***
Total pot $1.25 | Rake $0.05 
Board [Qs 8h 3c Qd]
Seat 1: dwq2300 folded before Flop (didn't bet)
Seat 2: Maxi_dp4 folded before Flop (didn't bet)
Seat 3: FACUMDP (button) folded before Flop (didn't bet)
Seat 4: rich138 (small blind) folded before Flop
Seat 6: killtown (big blind) collected ($1.20)
Seat 7: zilionz folded before Flop (didn't bet)
Seat 8: Alameda22 folded before Flop (didn't bet)
Seat 9: Darin2008 folded on the Turn



PokerStars Game #20154769737:  Hold'em No Limit ($0.25/$0.50) - 2008/09/04 22:43:03 ET
Table 'Stobbe II' 9-max Seat #4 is the button
Seat 1: dwq2300 ($9.75 in chips) 
Seat 2: Maxi_dp4 ($48.25 in chips) 
Seat 3: FACUMDP ($50.65 in chips) 
Seat 4: rich138 ($21.55 in chips) 
Seat 6: killtown ($73.70 in chips) 
Seat 7: zilionz ($37.20 in chips) 
Seat 8: Alameda22 ($66.70 in chips) 
Seat 9: Darin2008 ($15.05 in chips) 
Tist07 will be allowed to play after the button
killtown: posts small blind $0.25
zilionz: posts big blind $0.50
*** HOLE CARDS ***
Dealt to Alameda22 [Qc 6h]
Alameda22: folds 
Darin2008: folds 
dwq2300: folds 
Maxi_dp4: folds 
FACUMDP: raises $1.50 to $2
rich138: folds 
killtown: folds 
zilionz: folds 
Uncalled bet ($1.50) returned to FACUMDP
FACUMDP collected $1.25 from pot
FACUMDP: doesn't show hand 
*** SUMMARY ***
Total pot $1.25 | Rake $0 
Seat 1: dwq2300 folded before Flop (didn't bet)
Seat 2: Maxi_dp4 folded before Flop (didn't bet)
Seat 3: FACUMDP collected ($1.25)
Seat 4: rich138 (button) folded before Flop (didn't bet)
Seat 6: killtown (small blind) folded before Flop
Seat 7: zilionz (big blind) folded before Flop
Seat 8: Alameda22 folded before Flop (didn't bet)
Seat 9: Darin2008 folded before Flop (didn't bet)



PokerStars Game #20154782700:  Hold'em No Limit ($0.25/$0.50) - 2008/09/04 22:43:39 ET
Table 'Stobbe II' 9-max Seat #6 is the button
Seat 1: dwq2300 ($9.75 in chips) 
Seat 2: Maxi_dp4 ($48.25 in chips) 
Seat 3: FACUMDP ($51.40 in chips) 
Seat 4: rich138 ($21.55 in chips) 
Seat 5: Tist07 ($50 in chips) 
Seat 6: killtown ($73.45 in chips) 
Seat 7: zilionz ($36.70 in chips) 
Seat 8: Alameda22 ($66.70 in chips) 
Seat 9: Darin2008 ($15.05 in chips) 
zilionz: posts small blind $0.25
Alameda22: posts big blind $0.50
Tist07: posts big blind $0.50
*** HOLE CARDS ***
Dealt to Alameda22 [Qd 6s]
Darin2008: folds 
dwq2300: folds 
Maxi_dp4: folds 
FACUMDP: folds 
rich138: folds 
Tist07: checks 
killtown: calls $0.50
zilionz: calls $0.25
Alameda22: checks 
*** FLOP *** [7d 6d Qs]
zilionz: checks 
Alameda22: bets $1.50
Tist07: folds 
killtown: calls $1.50
zilionz: folds 
*** TURN *** [7d 6d Qs] [5c]
Alameda22: checks 
killtown: checks 
*** RIVER *** [7d 6d Qs 5c] [Tc]
Alameda22: bets $3
killtown: folds 
Uncalled bet ($3) returned to Alameda22
Alameda22 collected $4.80 from pot
Alameda22: doesn't show hand 
*** SUMMARY ***
Total pot $5 | Rake $0.20 
Board [7d 6d Qs 5c Tc]
Seat 1: dwq2300 folded before Flop (didn't bet)
Seat 2: Maxi_dp4 folded before Flop (didn't bet)
Seat 3: FACUMDP folded before Flop (didn't bet)
Seat 4: rich138 folded before Flop (didn't bet)
Seat 5: Tist07 folded on the Flop
Seat 6: killtown (button) folded on the River
Seat 7: zilionz (small blind) folded on the Flop
Seat 8: Alameda22 (big blind) collected ($4.80)
Seat 9: Darin2008 folded before Flop (didn't bet)



PokerStars Game #20154819614:  Hold'em No Limit ($0.25/$0.50) - 2008/09/04 22:45:20 ET
Table 'Stobbe II' 9-max Seat #7 is the button
Seat 1: dwq2300 ($9.75 in chips) 
Seat 2: Maxi_dp4 ($48.25 in chips) 
Seat 3: FACUMDP ($51.40 in chips) 
Seat 4: rich138 ($21.55 in chips) 
Seat 5: Tist07 ($49.50 in chips) 
Seat 6: killtown ($71.45 in chips) 
Seat 7: zilionz ($36.20 in chips) 
Seat 8: Alameda22 ($69.50 in chips) 
Seat 9: Darin2008 ($15.05 in chips) 
Alameda22: posts small blind $0.25
Darin2008: posts big blind $0.50
*** HOLE CARDS ***
Dealt to Alameda22 [Ts 2d]
dwq2300: folds 
Maxi_dp4: folds 
FACUMDP: folds 
rich138: folds 
Tist07: folds 
killtown: raises $1.50 to $2
zilionz: folds 
Alameda22: folds 
Darin2008: folds 
Uncalled bet ($1.50) returned to killtown
killtown collected $1.25 from pot
killtown: doesn't show hand 
*** SUMMARY ***
Total pot $1.25 | Rake $0 
Seat 1: dwq2300 folded before Flop (didn't bet)
Seat 2: Maxi_dp4 folded before Flop (didn't bet)
Seat 3: FACUMDP folded before Flop (didn't bet)
Seat 4: rich138 folded before Flop (didn't bet)
Seat 5: Tist07 folded before Flop (didn't bet)
Seat 6: killtown collected ($1.25)
Seat 7: zilionz (button) folded before Flop (didn't bet)
Seat 8: Alameda22 (small blind) folded before Flop
Seat 9: Darin2008 (big blind) folded before Flop



PokerStars Game #20154828614:  Hold'em No Limit ($0.25/$0.50) - 2008/09/04 22:45:45 ET
Table 'Stobbe II' 9-max Seat #8 is the button
Seat 1: dwq2300 ($9.75 in chips) 
Seat 2: Maxi_dp4 ($48.25 in chips) 
Seat 3: FACUMDP ($51.40 in chips) 
Seat 4: rich138 ($21.55 in chips) 
Seat 5: Tist07 ($49.50 in chips) 
Seat 6: killtown ($72.20 in chips) 
Seat 7: zilionz ($36.20 in chips) 
Seat 8: Alameda22 ($69.25 in chips) 
Seat 9: Darin2008 ($14.55 in chips) 
Darin2008: posts small blind $0.25
dwq2300: posts big blind $0.50
*** HOLE CARDS ***
Dealt to Alameda22 [3s 4h]
Maxi_dp4: raises $1.50 to $2
FACUMDP: folds 
rich138: folds 
Tist07: raises $3.50 to $5.50
killtown: folds 
zilionz: folds 
Alameda22: folds 
Darin2008: folds 
dwq2300: folds 
Maxi_dp4: calls $3.50
*** FLOP *** [Jd 3d 7s]
Maxi_dp4: checks 
Tist07: bets $8.50
Maxi_dp4: calls $8.50
*** TURN *** [Jd 3d 7s] [Qh]
Maxi_dp4: checks 
Tist07: bets $10.50
Maxi_dp4: raises $23.75 to $34.25 and is all-in
Tist07: calls $23.75
*** RIVER *** [Jd 3d 7s Qh] [8h]
*** SHOW DOWN ***
Maxi_dp4: shows [Qd Ad] (a pair of Queens)
Tist07: shows [Ah As] (a pair of Aces)
Tist07 collected $94.25 from pot
*** SUMMARY ***
Total pot $97.25 | Rake $3 
Board [Jd 3d 7s Qh 8h]
Seat 1: dwq2300 (big blind) folded before Flop
Seat 2: Maxi_dp4 showed [Qd Ad] and lost with a pair of Queens
Seat 3: FACUMDP folded before Flop (didn't bet)
Seat 4: rich138 folded before Flop (didn't bet)
Seat 5: Tist07 showed [Ah As] and won ($94.25) with a pair of Aces
Seat 6: killtown folded before Flop (didn't bet)
Seat 7: zilionz folded before Flop (didn't bet)
Seat 8: Alameda22 (button) folded before Flop (didn't bet)
Seat 9: Darin2008 (small blind) folded before Flop



PokerStars Game #20154855342:  Hold'em No Limit ($0.25/$0.50) - 2008/09/04 22:46:59 ET
Table 'Stobbe II' 9-max Seat #9 is the button
Seat 1: dwq2300 ($9.25 in chips) 
Seat 2: Maxi_dp4 ($10 in chips) 
Seat 3: FACUMDP ($51.40 in chips) 
Seat 4: rich138 ($21.55 in chips) 
Seat 5: Tist07 ($95.50 in chips) 
Seat 6: killtown ($72.20 in chips) 
Seat 7: zilionz ($36.20 in chips) 
Seat 8: Alameda22 ($69.25 in chips) 
Seat 9: Darin2008 ($14.30 in chips) 
dwq2300: posts small blind $0.25
Maxi_dp4: posts big blind $0.50
*** HOLE CARDS ***
Dealt to Alameda22 [8d As]
FACUMDP: folds 
rich138: calls $0.50
Tist07: folds 
killtown: folds 
zilionz: folds 
Alameda22: folds 
Darin2008: folds 
dwq2300: calls $0.25
Maxi_dp4: folds 
*** FLOP *** [Ad 7h Jh]
Maxi_dp4 leaves the table
dwq2300: checks 
rich138: checks 
*** TURN *** [Ad 7h Jh] [6d]
dwq2300: checks 
rich138: checks 
*** RIVER *** [Ad 7h Jh 6d] [8s]
dwq2300: checks 
rich138: checks 
*** SHOW DOWN ***
dwq2300: shows [Qd Ts] (high card Ace)
rich138: shows [Ks Tc] (high card Ace - King kicker)
JacksBquick1 joins the table at seat #2 
rich138 collected $1.45 from pot
*** SUMMARY ***
Total pot $1.50 | Rake $0.05 
Board [Ad 7h Jh 6d 8s]
Seat 1: dwq2300 (small blind) showed [Qd Ts] and lost with high card Ace
Seat 2: Maxi_dp4 (big blind) folded before Flop
Seat 3: FACUMDP folded before Flop (didn't bet)
Seat 4: rich138 showed [Ks Tc] and won ($1.45) with high card Ace
Seat 5: Tist07 folded before Flop (didn't bet)
Seat 6: killtown folded before Flop (didn't bet)
Seat 7: zilionz folded before Flop (didn't bet)
Seat 8: Alameda22 folded before Flop (didn't bet)
Seat 9: Darin2008 (button) folded before Flop (didn't bet)



PokerStars Game #20154876188:  Hold'em No Limit ($0.25/$0.50) - 2008/09/04 22:47:57 ET
Table 'Stobbe II' 9-max Seat #1 is the button
Seat 1: dwq2300 ($8.75 in chips) 
Seat 3: FACUMDP ($51.40 in chips) 
Seat 4: rich138 ($22.50 in chips) 
Seat 5: Tist07 ($95.50 in chips) 
Seat 6: killtown ($72.20 in chips) 
Seat 7: zilionz ($36.20 in chips) 
Seat 8: Alameda22 ($69.25 in chips) 
Seat 9: Darin2008 ($14.30 in chips) 
JacksBquick1 will be allowed to play after the button
FACUMDP: posts small blind $0.25
rich138: posts big blind $0.50
*** HOLE CARDS ***
Dealt to Alameda22 [Qc 8s]
Tist07: folds 
killtown: folds 
Tist07 leaves the table
zilionz: raises $0.50 to $1
Alameda22: folds 
Darin2008: folds 
dwq2300: folds 
FACUMDP: folds 
rich138: folds 
Uncalled bet ($0.50) returned to zilionz
zilionz collected $1.25 from pot
zilionz: doesn't show hand 
*** SUMMARY ***
Total pot $1.25 | Rake $0 
Seat 1: dwq2300 (button) folded before Flop (didn't bet)
Seat 3: FACUMDP (small blind) folded before Flop
Seat 4: rich138 (big blind) folded before Flop
Seat 5: Tist07 folded before Flop (didn't bet)
Seat 6: killtown folded before Flop (didn't bet)
Seat 7: zilionz collected ($1.25)
Seat 8: Alameda22 folded before Flop (didn't bet)
Seat 9: Darin2008 folded before Flop (didn't bet)



PokerStars Game #20154885925:  Hold'em No Limit ($0.25/$0.50) - 2008/09/04 22:48:24 ET
Table 'Stobbe II' 9-max Seat #3 is the button
Seat 1: dwq2300 ($8.75 in chips) 
Seat 2: JacksBquick1 ($11 in chips) 
Seat 3: FACUMDP ($51.15 in chips) 
Seat 4: rich138 ($22 in chips) 
Seat 6: killtown ($72.20 in chips) 
Seat 7: zilionz ($36.95 in chips) 
Seat 8: Alameda22 ($69.25 in chips) 
Seat 9: Darin2008 ($14.30 in chips) 
rich138: posts small blind $0.25
killtown: posts big blind $0.50
JacksBquick1: posts big blind $0.50
*** HOLE CARDS ***
Dealt to Alameda22 [3h 3d]
zilionz: folds 
Alameda22: folds 
Darin2008: calls $0.50
dwq2300: folds 
JacksBquick1: checks 
FACUMDP: folds 
rich138: folds 
killtown: checks 
*** FLOP *** [8s 3s Td]
killtown: bets $1
Darin2008: calls $1
JacksBquick1: calls $1
*** TURN *** [8s 3s Td] [Tc]
killtown: checks 
Darin2008: checks 
JacksBquick1: checks 
*** RIVER *** [8s 3s Td Tc] [Kc]
killtown: checks 
Darin2008: checks 
JacksBquick1: checks 
*** SHOW DOWN ***
killtown: shows [9c 6s] (a pair of Tens)
Darin2008: shows [Qd Jc] (a pair of Tens - King+Queen kicker)
JacksBquick1: shows [8h 2c] (two pair, Tens and Eights)
JacksBquick1 collected $4.55 from pot
Figol joins the table at seat #5 
*** SUMMARY ***
Total pot $4.75 | Rake $0.20 
Board [8s 3s Td Tc Kc]
Seat 1: dwq2300 folded before Flop (didn't bet)
Seat 2: JacksBquick1 showed [8h 2c] and won ($4.55) with two pair, Tens and Eights
Seat 3: FACUMDP (button) folded before Flop (didn't bet)
Seat 4: rich138 (small blind) folded before Flop
Seat 6: killtown (big blind) showed [9c 6s] and lost with a pair of Tens
Seat 7: zilionz folded before Flop (didn't bet)
Seat 8: Alameda22 folded before Flop (didn't bet)
Seat 9: Darin2008 showed [Qd Jc] and lost with a pair of Tens



PokerStars Game #20154907565:  Hold'em No Limit ($0.25/$0.50) - 2008/09/04 22:49:24 ET
Table 'Stobbe II' 9-max Seat #4 is the button
Seat 1: dwq2300 ($8.75 in chips) 
Seat 2: JacksBquick1 ($14.05 in chips) 
Seat 3: FACUMDP ($51.15 in chips) 
Seat 4: rich138 ($21.75 in chips) 
Seat 6: killtown ($70.70 in chips) 
Seat 7: zilionz ($36.95 in chips) 
Seat 8: Alameda22 ($69.25 in chips) 
Seat 9: Darin2008 ($12.80 in chips) 
Figol will be allowed to play after the button
killtown: posts small blind $0.25
zilionz: posts big blind $0.50
*** HOLE CARDS ***
Dealt to Alameda22 [As 4h]
Alameda22: folds 
Darin2008: folds 
dwq2300: folds 
JacksBquick1: folds 
FACUMDP: folds 
rich138: calls $0.50
killtown: calls $0.25
zilionz: checks 
*** FLOP *** [Jh Ts 8d]
killtown: checks 
zilionz: checks 
rich138: bets $0.50
killtown: folds 
zilionz: calls $0.50
*** TURN *** [Jh Ts 8d] [6s]
zilionz: checks 
rich138: bets $1
zilionz: raises $1.50 to $2.50
rich138: calls $1.50
*** RIVER *** [Jh Ts 8d 6s] [Jd]
zilionz: bets $3.50
rich138: calls $3.50
*** SHOW DOWN ***
zilionz: shows [Qc 3d] (a pair of Jacks)
rich138: shows [Jc Qh] (three of a kind, Jacks)
rich138 collected $13.80 from pot
*** SUMMARY ***
Total pot $14.50 | Rake $0.70 
Board [Jh Ts 8d 6s Jd]
Seat 1: dwq2300 folded before Flop (didn't bet)
Seat 2: JacksBquick1 folded before Flop (didn't bet)
Seat 3: FACUMDP folded before Flop (didn't bet)
Seat 4: rich138 (button) showed [Jc Qh] and won ($13.80) with three of a kind, Jacks
Seat 6: killtown (small blind) folded on the Flop
Seat 7: zilionz (big blind) showed [Qc 3d] and lost with a pair of Jacks
Seat 8: Alameda22 folded before Flop (didn't bet)
Seat 9: Darin2008 folded before Flop (didn't bet)



PokerStars Game #20154929822:  Hold'em No Limit ($0.25/$0.50) - 2008/09/04 22:50:25 ET
Table 'Stobbe II' 9-max Seat #6 is the button
Seat 1: dwq2300 ($8.75 in chips) 
Seat 2: JacksBquick1 ($14.05 in chips) 
Seat 3: FACUMDP ($51.15 in chips) 
Seat 4: rich138 ($28.55 in chips) 
Seat 6: killtown ($70.20 in chips) 
Seat 7: zilionz ($29.95 in chips) 
Seat 8: Alameda22 ($69.25 in chips) 
Seat 9: Darin2008 ($12.80 in chips) 
zilionz: posts small blind $0.25
Alameda22: posts big blind $0.50
zilionz said, "nh"
rich138 said, "t"
Figol: sits out 
*** HOLE CARDS ***
Dealt to Alameda22 [3d Qs]
Darin2008: calls $0.50
dwq2300: folds 
JacksBquick1: folds 
FACUMDP: folds 
rich138: calls $0.50
killtown: folds 
zilionz: calls $0.25
Alameda22: checks 
*** FLOP *** [9c Ts Ad]
zilionz: bets $0.50
Alameda22: folds 
Darin2008: calls $0.50
rich138: raises $0.50 to $1
zilionz: calls $0.50
Darin2008: calls $0.50
*** TURN *** [9c Ts Ad] [2d]
zilionz: checks 
Darin2008: checks 
rich138: bets $1
zilionz: calls $1
Darin2008: folds 
*** RIVER *** [9c Ts Ad 2d] [6s]
zilionz: checks 
rich138: bets $1
zilionz said, "blah good bet"
zilionz: calls $1
*** SHOW DOWN ***
rich138: shows [Ac Kc] (a pair of Aces)
zilionz: mucks hand 
rich138 collected $8.60 from pot
*** SUMMARY ***
Total pot $9 | Rake $0.40 
Board [9c Ts Ad 2d 6s]
Seat 1: dwq2300 folded before Flop (didn't bet)
Seat 2: JacksBquick1 folded before Flop (didn't bet)
Seat 3: FACUMDP folded before Flop (didn't bet)
Seat 4: rich138 showed [Ac Kc] and won ($8.60) with a pair of Aces
Seat 6: killtown (button) folded before Flop (didn't bet)
Seat 7: zilionz (small blind) mucked [Tc Qc]
Seat 8: Alameda22 (big blind) folded on the Flop
Seat 9: Darin2008 folded on the Turn



PokerStars Game #20154969173:  Hold'em No Limit ($0.25/$0.50) - 2008/09/04 22:52:13 ET
Table 'Stobbe II' 9-max Seat #7 is the button
Seat 1: dwq2300 ($8.75 in chips) 
Seat 2: JacksBquick1 ($14.05 in chips) 
Seat 3: FACUMDP ($51.15 in chips) 
Seat 4: rich138 ($33.65 in chips) 
Seat 6: killtown ($70.20 in chips) 
Seat 7: zilionz ($26.45 in chips) 
Seat 8: Alameda22 ($68.75 in chips) 
Seat 9: Darin2008 ($11.30 in chips) 
Alameda22: posts small blind $0.25
Darin2008: posts big blind $0.50
Figol: sits out 
*** HOLE CARDS ***
Dealt to Alameda22 [4d 8d]
dwq2300: folds 
JacksBquick1: folds 
FACUMDP: folds 
rich138: folds 
killtown: calls $0.50
zilionz: folds 
rich138 said, "ty"
Alameda22: folds 
Darin2008: checks 
*** FLOP *** [7d 7s 3d]
zilionz said, "i call not 1c more lol"
Darin2008: checks 
killtown: checks 
*** TURN *** [7d 7s 3d] [9c]
Darin2008: checks 
killtown: checks 
*** RIVER *** [7d 7s 3d 9c] [2h]
Darin2008: checks 
killtown: checks 
*** SHOW DOWN ***
Darin2008: shows [4s Th] (a pair of Sevens)
killtown: shows [Kh Tc] (a pair of Sevens - King kicker)
killtown collected $1.20 from pot
*** SUMMARY ***
Total pot $1.25 | Rake $0.05 
Board [7d 7s 3d 9c 2h]
Seat 1: dwq2300 folded before Flop (didn't bet)
Seat 2: JacksBquick1 folded before Flop (didn't bet)
Seat 3: FACUMDP folded before Flop (didn't bet)
Seat 4: rich138 folded before Flop (didn't bet)
Seat 6: killtown showed [Kh Tc] and won ($1.20) with a pair of Sevens
Seat 7: zilionz (button) folded before Flop (didn't bet)
Seat 8: Alameda22 (small blind) folded before Flop
Seat 9: Darin2008 (big blind) showed [4s Th] and lost with a pair of Sevens



PokerStars Game #20154983965:  Hold'em No Limit ($0.25/$0.50) - 2008/09/04 22:52:54 ET
Table 'Stobbe II' 9-max Seat #8 is the button
Seat 1: dwq2300 ($8.75 in chips) 
Seat 2: JacksBquick1 ($14.05 in chips) 
Seat 3: FACUMDP ($51.15 in chips) 
Seat 4: rich138 ($33.65 in chips) 
Seat 6: killtown ($70.90 in chips) 
Seat 7: zilionz ($26.45 in chips) 
Seat 8: Alameda22 ($68.50 in chips) 
Seat 9: Darin2008 ($10.80 in chips) 
Darin2008: posts small blind $0.25
dwq2300: posts big blind $0.50
Figol: sits out 
*** HOLE CARDS ***
Dealt to Alameda22 [Ah Ts]
JacksBquick1: folds 
FACUMDP: folds 
rich138: folds 
killtown: folds 
zilionz: folds 
Alameda22: folds 
Darin2008: folds 
Uncalled bet ($0.25) returned to dwq2300
dwq2300 collected $0.50 from pot
dwq2300: doesn't show hand 
*** SUMMARY ***
Total pot $0.50 | Rake $0 
Seat 1: dwq2300 (big blind) collected ($0.50)
Seat 2: JacksBquick1 folded before Flop (didn't bet)
Seat 3: FACUMDP folded before Flop (didn't bet)
Seat 4: rich138 folded before Flop (didn't bet)
Seat 6: killtown folded before Flop (didn't bet)
Seat 7: zilionz folded before Flop (didn't bet)
Seat 8: Alameda22 (button) folded before Flop (didn't bet)
Seat 9: Darin2008 (small blind) folded before Flop



PokerStars Game #20154995064:  Hold'em No Limit ($0.25/$0.50) - 2008/09/04 22:53:25 ET
Table 'Stobbe II' 9-max Seat #9 is the button
Seat 1: dwq2300 ($9 in chips) 
Seat 2: JacksBquick1 ($14.05 in chips) 
Seat 3: FACUMDP ($51.15 in chips) 
Seat 4: rich138 ($33.65 in chips) 
Seat 6: killtown ($70.90 in chips) 
Seat 7: zilionz ($26.45 in chips) 
Seat 8: Alameda22 ($68.50 in chips) 
Seat 9: Darin2008 ($10.55 in chips) 
dwq2300: posts small blind $0.25
JacksBquick1: posts big blind $0.50
Figol: sits out 
*** HOLE CARDS ***
Dealt to Alameda22 [4d 7d]
FACUMDP: folds 
rich138: calls $0.50
killtown: calls $0.50
zilionz: calls $0.50
Alameda22 has timed out
Alameda22: folds 
Alameda22 is sitting out
Darin2008: folds 
dwq2300: calls $0.25
JacksBquick1: checks 
*** FLOP *** [7s 5d 3d]
dwq2300: checks 
JacksBquick1: checks 
rich138: checks 
killtown: checks 
zilionz: checks 
*** TURN *** [7s 5d 3d] [Qh]
dwq2300: checks 
JacksBquick1: checks 
rich138: checks 
killtown: bets $2
zilionz: folds 
dwq2300: folds 
JacksBquick1: folds 
rich138: folds 
Uncalled bet ($2) returned to killtown
killtown collected $2.40 from pot
*** SUMMARY ***
Total pot $2.50 | Rake $0.10 
Board [7s 5d 3d Qh]
Seat 1: dwq2300 (small blind) folded on the Turn
Seat 2: JacksBquick1 (big blind) folded on the Turn
Seat 3: FACUMDP folded before Flop (didn't bet)
Seat 4: rich138 folded on the Turn
Seat 6: killtown collected ($2.40)
Seat 7: zilionz folded on the Turn
Seat 8: Alameda22 folded before Flop (didn't bet)
Seat 9: Darin2008 (button) folded before Flop (didn't bet)



PokerStars Game #20155050465:  Hold'em No Limit ($0.25/$0.50) - 2008/09/04 22:55:59 ET
Table 'Stobbe II' 9-max Seat #2 is the button
Seat 1: dwq2300 ($8.50 in chips) 
Seat 2: JacksBquick1 ($13.30 in chips) 
Seat 3: FACUMDP ($50.65 in chips) 
Seat 4: rich138 ($33.15 in chips) 
Seat 6: killtown ($67.80 in chips) 
Seat 7: zilionz ($31.20 in chips) 
Seat 8: Alameda22 ($68.50 in chips) 
Seat 9: Darin2008 ($10.55 in chips) 
FACUMDP: posts small blind $0.25
rich138: posts big blind $0.50
Figol: sits out 
*** HOLE CARDS ***
Dealt to Alameda22 [8d Qs]
killtown: calls $0.50
zilionz: raises $2.50 to $3
Alameda22: folds 
Darin2008: calls $3
dwq2300: folds 
JacksBquick1: folds 
FACUMDP: folds 
rich138: folds 
killtown: calls $2.50
*** FLOP *** [Ks Ah 5h]
killtown: bets $6
zilionz: raises $22.20 to $28.20 and is all-in
Darin2008: folds 
killtown: calls $22.20
*** TURN *** [Ks Ah 5h] [5d]
*** RIVER *** [Ks Ah 5h 5d] [6c]
*** SHOW DOWN ***
killtown: shows [8h Qh] (a pair of Fives)
zilionz: shows [As Ac] (a full house, Aces full of Fives)
zilionz collected $63.15 from pot
*** SUMMARY ***
Total pot $66.15 | Rake $3 
Board [Ks Ah 5h 5d 6c]
Seat 1: dwq2300 folded before Flop (didn't bet)
Seat 2: JacksBquick1 (button) folded before Flop (didn't bet)
Seat 3: FACUMDP (small blind) folded before Flop
Seat 4: rich138 (big blind) folded before Flop
Seat 6: killtown showed [8h Qh] and lost with a pair of Fives
Seat 7: zilionz showed [As Ac] and won ($63.15) with a full house, Aces full of Fives
Seat 8: Alameda22 folded before Flop (didn't bet)
Seat 9: Darin2008 folded on the Flop



PokerStars Game #20155075554:  Hold'em No Limit ($0.25/$0.50) - 2008/09/04 22:57:09 ET
Table 'Stobbe II' 9-max Seat #3 is the button
Seat 1: dwq2300 ($8.50 in chips) 
Seat 2: JacksBquick1 ($13.30 in chips) 
Seat 3: FACUMDP ($50.40 in chips) 
Seat 4: rich138 ($32.65 in chips) 
Seat 5: Figol ($50 in chips) 
Seat 6: killtown ($36.60 in chips) 
Seat 7: zilionz ($63.15 in chips) 
Seat 8: Alameda22 ($68.50 in chips) 
Seat 9: Darin2008 ($7.55 in chips) 
rich138: posts small blind $0.25
Figol: posts big blind $0.50
*** HOLE CARDS ***
Dealt to Alameda22 [Ah Td]
rich138 said, "n1"
zilionz said, "ty"
killtown: folds 
zilionz: folds 
Alameda22: folds 
Darin2008: calls $0.50
dwq2300: folds 
JacksBquick1: folds 
FACUMDP: folds 
rich138: folds 
Figol: checks 
*** FLOP *** [6d 8s Kh]
Figol: checks 
Darin2008: checks 
*** TURN *** [6d 8s Kh] [As]
Figol: checks 
Darin2008: checks 
*** RIVER *** [6d 8s Kh As] [Ts]
Figol: bets $1.50
Darin2008: folds 
Uncalled bet ($1.50) returned to Figol
Figol collected $1.20 from pot
Figol: doesn't show hand 
*** SUMMARY ***
Total pot $1.25 | Rake $0.05 
Board [6d 8s Kh As Ts]
Seat 1: dwq2300 folded before Flop (didn't bet)
Seat 2: JacksBquick1 folded before Flop (didn't bet)
Seat 3: FACUMDP (button) folded before Flop (didn't bet)
Seat 4: rich138 (small blind) folded before Flop
Seat 5: Figol (big blind) collected ($1.20)
Seat 6: killtown folded before Flop (didn't bet)
Seat 7: zilionz folded before Flop (didn't bet)
Seat 8: Alameda22 folded before Flop (didn't bet)
Seat 9: Darin2008 folded on the River



PokerStars Game #20155099688:  Hold'em No Limit ($0.25/$0.50) - 2008/09/04 22:58:17 ET
Table 'Stobbe II' 9-max Seat #4 is the button
Seat 1: dwq2300 ($8.50 in chips) 
Seat 2: JacksBquick1 ($13.30 in chips) 
Seat 3: FACUMDP ($50.40 in chips) 
Seat 4: rich138 ($32.40 in chips) 
Seat 5: Figol ($50.70 in chips) 
Seat 6: killtown ($36.60 in chips) 
Seat 7: zilionz ($63.15 in chips) 
Seat 8: Alameda22 ($68.50 in chips) 
Seat 9: Darin2008 ($7.05 in chips) 
Figol: posts small blind $0.25
killtown: posts big blind $0.50
*** HOLE CARDS ***
Dealt to Alameda22 [6h Qs]
zilionz: folds 
Alameda22: folds 
Darin2008: folds 
dwq2300: folds 
JacksBquick1: folds 
FACUMDP: folds 
rich138: folds 
Figol: calls $0.25
killtown: checks 
*** FLOP *** [Jh 4h Qh]
Figol: checks 
killtown: bets $0.50
Figol: raises $1.50 to $2
killtown: raises $10 to $12
Figol: raises $10 to $22
killtown: raises $14.10 to $36.10 and is all-in
Figol: calls $14.10
*** TURN *** [Jh 4h Qh] [3d]
*** RIVER *** [Jh 4h Qh 3d] [4s]
*** SHOW DOWN ***
Figol: shows [3h Ah] (a flush, Ace high)
killtown: mucks hand 
Figol collected $70.20 from pot
killtown leaves the table
*** SUMMARY ***
Total pot $73.20 | Rake $3 
Board [Jh 4h Qh 3d 4s]
Seat 1: dwq2300 folded before Flop (didn't bet)
Seat 2: JacksBquick1 folded before Flop (didn't bet)
Seat 3: FACUMDP folded before Flop (didn't bet)
Seat 4: rich138 (button) folded before Flop (didn't bet)
Seat 5: Figol (small blind) showed [3h Ah] and won ($70.20) with a flush, Ace high
Seat 6: killtown (big blind) mucked [7h 9h]
Seat 7: zilionz folded before Flop (didn't bet)
Seat 8: Alameda22 folded before Flop (didn't bet)
Seat 9: Darin2008 folded before Flop (didn't bet)



PokerStars Game #20155123790:  Hold'em No Limit ($0.25/$0.50) - 2008/09/04 22:59:26 ET
Table 'Stobbe II' 9-max Seat #5 is the button
Seat 1: dwq2300 ($8.50 in chips) 
Seat 2: JacksBquick1 ($13.30 in chips) 
Seat 3: FACUMDP ($50.40 in chips) 
Seat 4: rich138 ($32.40 in chips) 
Seat 5: Figol ($84.30 in chips) 
Seat 7: zilionz ($63.15 in chips) 
Seat 8: Alameda22 ($68.50 in chips) 
Seat 9: Darin2008 ($7.05 in chips) 
zilionz: posts small blind $0.25
Alameda22: posts big blind $0.50
*** HOLE CARDS ***
Dealt to Alameda22 [2d 4s]
markwin11 joins the table at seat #6 
rich138 said, "nh"
Darin2008: folds 
dwq2300: folds 
Figol said, "ty"
JacksBquick1: folds 
FACUMDP: raises $1.50 to $2
rich138: folds 
Figol: folds 
zilionz: folds 
Alameda22: folds 
Uncalled bet ($1.50) returned to FACUMDP
FACUMDP collected $1.25 from pot
FACUMDP: doesn't show hand 
*** SUMMARY ***
Total pot $1.25 | Rake $0 
Seat 1: dwq2300 folded before Flop (didn't bet)
Seat 2: JacksBquick1 folded before Flop (didn't bet)
Seat 3: FACUMDP collected ($1.25)
Seat 4: rich138 folded before Flop (didn't bet)
Seat 5: Figol (button) folded before Flop (didn't bet)
Seat 7: zilionz (small blind) folded before Flop
Seat 8: Alameda22 (big blind) folded before Flop
Seat 9: Darin2008 folded before Flop (didn't bet)



PokerStars Game #20155139312:  Hold'em No Limit ($0.25/$0.50) - 2008/09/04 23:00:08 ET
Table 'Stobbe II' 9-max Seat #7 is the button
Seat 1: dwq2300 ($8.50 in chips) 
Seat 2: JacksBquick1 ($13.30 in chips) 
Seat 3: FACUMDP ($51.15 in chips) 
Seat 4: rich138 ($32.40 in chips) 
Seat 5: Figol ($84.30 in chips) 
Seat 7: zilionz ($62.90 in chips) 
Seat 8: Alameda22 ($68 in chips) 
Seat 9: Darin2008 ($7.05 in chips) 
Alameda22: posts small blind $0.25
Darin2008: posts big blind $0.50
markwin11: sits out 
*** HOLE CARDS ***
Dealt to Alameda22 [3d Ad]
dwq2300: folds 
JacksBquick1: calls $0.50
FACUMDP: folds 
rich138: folds 
Figol: folds 
zilionz: folds 
Alameda22: folds 
Darin2008: checks 
*** FLOP *** [As Qs 4c]
Darin2008: checks 
JacksBquick1: checks 
*** TURN *** [As Qs 4c] [Qh]
Darin2008: checks 
JacksBquick1: bets $0.50
Darin2008: calls $0.50
*** RIVER *** [As Qs 4c Qh] [7d]
Darin2008: checks 
JacksBquick1: bets $0.50
Darin2008: folds 
Uncalled bet ($0.50) returned to JacksBquick1
JacksBquick1 collected $2.15 from pot
JacksBquick1: doesn't show hand 
*** SUMMARY ***
Total pot $2.25 | Rake $0.10 
Board [As Qs 4c Qh 7d]
Seat 1: dwq2300 folded before Flop (didn't bet)
Seat 2: JacksBquick1 collected ($2.15)
Seat 3: FACUMDP folded before Flop (didn't bet)
Seat 4: rich138 folded before Flop (didn't bet)
Seat 5: Figol folded before Flop (didn't bet)
Seat 7: zilionz (button) folded before Flop (didn't bet)
Seat 8: Alameda22 (small blind) folded before Flop
Seat 9: Darin2008 (big blind) folded on the River



PokerStars Game #20155168172:  Hold'em No Limit ($0.25/$0.50) - 2008/09/04 23:01:31 ET
Table 'Stobbe II' 9-max Seat #8 is the button
Seat 1: dwq2300 ($8.50 in chips) 
Seat 2: JacksBquick1 ($14.45 in chips) 
Seat 3: FACUMDP ($51.15 in chips) 
Seat 4: rich138 ($32.40 in chips) 
Seat 5: Figol ($84.30 in chips) 
Seat 7: zilionz ($62.90 in chips) 
Seat 8: Alameda22 ($67.75 in chips) 
Seat 9: Darin2008 ($6.05 in chips) 
Darin2008: posts small blind $0.25
dwq2300: posts big blind $0.50
markwin11: sits out 
*** HOLE CARDS ***
Dealt to Alameda22 [9h 4d]
JacksBquick1: folds 
FACUMDP: folds 
rich138: folds 
Figol: folds 
zilionz: folds 
Alameda22: folds 
Darin2008: calls $0.25
dwq2300: checks 
*** FLOP *** [3d Ac Jh]
Darin2008: checks 
dwq2300: bets $0.50
Darin2008: calls $0.50
*** TURN *** [3d Ac Jh] [7c]
Darin2008: checks 
dwq2300: checks 
*** RIVER *** [3d Ac Jh 7c] [8d]
Darin2008: checks 
dwq2300: checks 
*** SHOW DOWN ***
Darin2008: shows [Th 3h] (a pair of Threes)
dwq2300: shows [7s Qh] (a pair of Sevens)
dwq2300 collected $1.95 from pot
*** SUMMARY ***
Total pot $2 | Rake $0.05 
Board [3d Ac Jh 7c 8d]
Seat 1: dwq2300 (big blind) showed [7s Qh] and won ($1.95) with a pair of Sevens
Seat 2: JacksBquick1 folded before Flop (didn't bet)
Seat 3: FACUMDP folded before Flop (didn't bet)
Seat 4: rich138 folded before Flop (didn't bet)
Seat 5: Figol folded before Flop (didn't bet)
Seat 7: zilionz folded before Flop (didn't bet)
Seat 8: Alameda22 (button) folded before Flop (didn't bet)
Seat 9: Darin2008 (small blind) showed [Th 3h] and lost with a pair of Threes



PokerStars Game #20155187231:  Hold'em No Limit ($0.25/$0.50) - 2008/09/04 23:02:26 ET
Table 'Stobbe II' 9-max Seat #9 is the button
Seat 1: dwq2300 ($9.45 in chips) 
Seat 2: JacksBquick1 ($14.45 in chips) 
Seat 3: FACUMDP ($51.15 in chips) 
Seat 4: rich138 ($32.40 in chips) 
Seat 5: Figol ($84.30 in chips) 
Seat 7: zilionz ($62.90 in chips) 
Seat 8: Alameda22 ($67.75 in chips) 
Seat 9: Darin2008 ($5.05 in chips) 
dwq2300: posts small blind $0.25
JacksBquick1: posts big blind $0.50
markwin11: sits out 
*** HOLE CARDS ***
Dealt to Alameda22 [Jh 7c]
FACUMDP: folds 
rich138: calls $0.50
Figol: folds 
zilionz: folds 
Alameda22: folds 
Darin2008: calls $0.50
dwq2300: calls $0.25
JacksBquick1: checks 
*** FLOP *** [Ah Kh Qh]
dwq2300: checks 
JacksBquick1: checks 
rich138: bets $0.50
Darin2008: folds 
dwq2300: folds 
JacksBquick1: folds 
Uncalled bet ($0.50) returned to rich138
rich138 collected $1.90 from pot
*** SUMMARY ***
Total pot $2 | Rake $0.10 
Board [Ah Kh Qh]
Seat 1: dwq2300 (small blind) folded on the Flop
Seat 2: JacksBquick1 (big blind) folded on the Flop
Seat 3: FACUMDP folded before Flop (didn't bet)
Seat 4: rich138 collected ($1.90)
Seat 5: Figol folded before Flop (didn't bet)
Seat 7: zilionz folded before Flop (didn't bet)
Seat 8: Alameda22 folded before Flop (didn't bet)
Seat 9: Darin2008 (button) folded on the Flop



PokerStars Game #20155207455:  Hold'em No Limit ($0.25/$0.50) - 2008/09/04 23:03:24 ET
Table 'Stobbe II' 9-max Seat #1 is the button
Seat 1: dwq2300 ($8.95 in chips) 
Seat 2: JacksBquick1 ($13.95 in chips) 
Seat 3: FACUMDP ($51.15 in chips) 
Seat 4: rich138 ($33.80 in chips) 
Seat 5: Figol ($84.30 in chips) 
Seat 7: zilionz ($62.90 in chips) 
Seat 8: Alameda22 ($67.75 in chips) 
Seat 9: Darin2008 ($4.55 in chips) 
JacksBquick1: posts small blind $0.25
FACUMDP: posts big blind $0.50
markwin11: sits out 
*** HOLE CARDS ***
Dealt to Alameda22 [Qc Js]
rich138: folds 
Figol: folds 
zilionz: raises $0.50 to $1
Alameda22: folds 
Darin2008: calls $1
dwq2300: folds 
JacksBquick1: folds 
FACUMDP: folds 
*** FLOP *** [3h 2d 9s]
zilionz: bets $1
Darin2008: calls $1
*** TURN *** [3h 2d 9s] [4h]
zilionz: bets $60.90 and is all-in
Darin2008: calls $2.55 and is all-in
Uncalled bet ($58.35) returned to zilionz
*** RIVER *** [3h 2d 9s 4h] [9h]
*** SHOW DOWN ***
zilionz: shows [9c Ts] (three of a kind, Nines)
Darin2008: shows [7h Ah] (a flush, Ace high)
Darin2008 collected $9.40 from pot
*** SUMMARY ***
Total pot $9.85 | Rake $0.45 
Board [3h 2d 9s 4h 9h]
Seat 1: dwq2300 (button) folded before Flop (didn't bet)
Seat 2: JacksBquick1 (small blind) folded before Flop
Seat 3: FACUMDP (big blind) folded before Flop
Seat 4: rich138 folded before Flop (didn't bet)
Seat 5: Figol folded before Flop (didn't bet)
Seat 7: zilionz showed [9c Ts] and lost with three of a kind, Nines
Seat 8: Alameda22 folded before Flop (didn't bet)
Seat 9: Darin2008 showed [7h Ah] and won ($9.40) with a flush, Ace high



PokerStars Game #20155232552:  Hold'em No Limit ($0.25/$0.50) - 2008/09/04 23:04:37 ET
Table 'Stobbe II' 9-max Seat #2 is the button
Seat 1: dwq2300 ($8.95 in chips) 
Seat 2: JacksBquick1 ($13.70 in chips) 
Seat 3: FACUMDP ($50.65 in chips) 
Seat 4: rich138 ($33.80 in chips) 
Seat 5: Figol ($84.30 in chips) 
Seat 7: zilionz ($58.35 in chips) 
Seat 8: Alameda22 ($67.75 in chips) 
Seat 9: Darin2008 ($9.40 in chips) 
FACUMDP: posts small blind $0.25
rich138: posts big blind $0.50
markwin11: sits out 
*** HOLE CARDS ***
Dealt to Alameda22 [8c 6c]
Figol: folds 
zilionz: folds 
Alameda22: folds 
Darin2008: folds 
zilionz said, "nice hit"
dwq2300: folds 
JacksBquick1: raises $0.50 to $1
FACUMDP: folds 
rich138: folds 
Uncalled bet ($0.50) returned to JacksBquick1
JacksBquick1 collected $1.25 from pot
JacksBquick1: doesn't show hand 
*** SUMMARY ***
Total pot $1.25 | Rake $0 
Seat 1: dwq2300 folded before Flop (didn't bet)
Seat 2: JacksBquick1 (button) collected ($1.25)
Seat 3: FACUMDP (small blind) folded before Flop
Seat 4: rich138 (big blind) folded before Flop
Seat 5: Figol folded before Flop (didn't bet)
Seat 7: zilionz folded before Flop (didn't bet)
Seat 8: Alameda22 folded before Flop (didn't bet)
Seat 9: Darin2008 folded before Flop (didn't bet)



PokerStars Game #20155244657:  Hold'em No Limit ($0.25/$0.50) - 2008/09/04 23:05:13 ET
Table 'Stobbe II' 9-max Seat #3 is the button
Seat 1: dwq2300 ($8.95 in chips) 
Seat 2: JacksBquick1 ($14.45 in chips) 
Seat 3: FACUMDP ($50.40 in chips) 
Seat 4: rich138 ($33.30 in chips) 
Seat 5: Figol ($84.30 in chips) 
Seat 7: zilionz ($58.35 in chips) 
Seat 8: Alameda22 ($67.75 in chips) 
Seat 9: Darin2008 ($9.40 in chips) 
rich138: posts small blind $0.25
Figol: posts big blind $0.50
markwin11: sits out 
*** HOLE CARDS ***
Dealt to Alameda22 [3h 6d]
zilionz: calls $0.50
Alameda22: folds 
Darin2008: folds 
dwq2300: folds 
JacksBquick1: folds 
FACUMDP: folds 
rich138: folds 
Figol: checks 
*** FLOP *** [Ks 9h Ts]
Figol: checks 
zilionz: bets $0.50
Figol: folds 
Uncalled bet ($0.50) returned to zilionz
zilionz collected $1.20 from pot
zilionz: doesn't show hand 
*** SUMMARY ***
Total pot $1.25 | Rake $0.05 
Board [Ks 9h Ts]
Seat 1: dwq2300 folded before Flop (didn't bet)
Seat 2: JacksBquick1 folded before Flop (didn't bet)
Seat 3: FACUMDP (button) folded before Flop (didn't bet)
Seat 4: rich138 (small blind) folded before Flop
Seat 5: Figol (big blind) folded on the Flop
Seat 7: zilionz collected ($1.20)
Seat 8: Alameda22 folded before Flop (didn't bet)
Seat 9: Darin2008 folded before Flop (didn't bet)



PokerStars Game #20155258255:  Hold'em No Limit ($0.25/$0.50) - 2008/09/04 23:05:54 ET
Table 'Stobbe II' 9-max Seat #4 is the button
Seat 1: dwq2300 ($8.95 in chips) 
Seat 2: JacksBquick1 ($14.45 in chips) 
Seat 3: FACUMDP ($50.40 in chips) 
Seat 4: rich138 ($33.05 in chips) 
Seat 5: Figol ($83.80 in chips) 
Seat 6: markwin11 ($50 in chips) 
Seat 7: zilionz ($59.05 in chips) 
Seat 8: Alameda22 ($67.75 in chips) 
Seat 9: Darin2008 ($9.40 in chips) 
Figol: posts small blind $0.25
markwin11: posts big blind $0.50
*** HOLE CARDS ***
Dealt to Alameda22 [2h Qc]
zilionz: folds 
Alameda22: folds 
Darin2008: calls $0.50
dwq2300: folds 
JacksBquick1: folds 
FACUMDP: folds 
rich138: folds 
Figol: calls $0.25
markwin11: checks 
*** FLOP *** [8c Kh 2d]
Figol: checks 
markwin11: checks 
Darin2008: checks 
*** TURN *** [8c Kh 2d] [3h]
Figol: checks 
markwin11: bets $1
Darin2008: calls $1
Figol: folds 
*** RIVER *** [8c Kh 2d 3h] [As]
markwin11: bets $2
Darin2008: folds 
Uncalled bet ($2) returned to markwin11
markwin11 collected $3.35 from pot
*** SUMMARY ***
Total pot $3.50 | Rake $0.15 
Board [8c Kh 2d 3h As]
Seat 1: dwq2300 folded before Flop (didn't bet)
Seat 2: JacksBquick1 folded before Flop (didn't bet)
Seat 3: FACUMDP folded before Flop (didn't bet)
Seat 4: rich138 (button) folded before Flop (didn't bet)
Seat 5: Figol (small blind) folded on the Turn
Seat 6: markwin11 (big blind) collected ($3.35)
Seat 7: zilionz folded before Flop (didn't bet)
Seat 8: Alameda22 folded before Flop (didn't bet)
Seat 9: Darin2008 folded on the River



PokerStars Game #20155306628:  Hold'em No Limit ($0.25/$0.50) - 2008/09/04 23:08:16 ET
Table 'Stobbe II' 9-max Seat #5 is the button
Seat 1: dwq2300 ($8.95 in chips) 
Seat 2: JacksBquick1 ($14.45 in chips) 
Seat 3: FACUMDP ($50.40 in chips) 
Seat 4: rich138 ($33.05 in chips) 
Seat 5: Figol ($83.30 in chips) 
Seat 6: markwin11 ($51.85 in chips) 
Seat 7: zilionz ($59.05 in chips) 
Seat 8: Alameda22 ($67.75 in chips) 
Seat 9: Darin2008 ($7.90 in chips) 
markwin11: posts small blind $0.25
zilionz: posts big blind $0.50
*** HOLE CARDS ***
Dealt to Alameda22 [Jh Qh]
Alameda22: folds 
Darin2008: calls $0.50
dwq2300: folds 
JacksBquick1: folds 
FACUMDP: folds 
rich138: calls $0.50
Figol: folds 
markwin11: folds 
zilionz: checks 
*** FLOP *** [7h 9c Ad]
zilionz: checks 
Darin2008: checks 
rich138: checks 
*** TURN *** [7h 9c Ad] [6c]
zilionz: checks 
Darin2008: checks 
rich138: checks 
*** RIVER *** [7h 9c Ad 6c] [Tc]
zilionz: checks 
Darin2008: bets $0.50
rich138: calls $0.50
zilionz: folds 
*** SHOW DOWN ***
Darin2008: shows [4c As] (a pair of Aces)
rich138: mucks hand 
Darin2008 collected $2.65 from pot
*** SUMMARY ***
Total pot $2.75 | Rake $0.10 
Board [7h 9c Ad 6c Tc]
Seat 1: dwq2300 folded before Flop (didn't bet)
Seat 2: JacksBquick1 folded before Flop (didn't bet)
Seat 3: FACUMDP folded before Flop (didn't bet)
Seat 4: rich138 mucked [Td Jd]
Seat 5: Figol (button) folded before Flop (didn't bet)
Seat 6: markwin11 (small blind) folded before Flop
Seat 7: zilionz (big blind) folded on the River
Seat 8: Alameda22 folded before Flop (didn't bet)
Seat 9: Darin2008 showed [4c As] and won ($2.65) with a pair of Aces



PokerStars Game #20155332520:  Hold'em No Limit ($0.25/$0.50) - 2008/09/04 23:09:33 ET
Table 'Stobbe II' 9-max Seat #6 is the button
Seat 1: dwq2300 ($8.95 in chips) 
Seat 2: JacksBquick1 ($14.45 in chips) 
Seat 3: FACUMDP ($50.40 in chips) 
Seat 4: rich138 ($32.05 in chips) 
Seat 5: Figol ($83.30 in chips) 
Seat 6: markwin11 ($51.60 in chips) 
Seat 7: zilionz ($58.55 in chips) 
Seat 8: Alameda22 ($67.75 in chips) 
Seat 9: Darin2008 ($9.55 in chips) 
zilionz: posts small blind $0.25
Alameda22: posts big blind $0.50
*** HOLE CARDS ***
Dealt to Alameda22 [2d 7h]
Darin2008: calls $0.50
dwq2300: folds 
JacksBquick1: folds 
FACUMDP: folds 
rich138: calls $0.50
Figol: folds 
markwin11 has timed out
markwin11: folds 
markwin11 is sitting out
zilionz: calls $0.25
Alameda22: checks 
*** FLOP *** [9c 4s Tc]
markwin11 has returned
zilionz: checks 
Alameda22: checks 
Darin2008: checks 
rich138: checks 
*** TURN *** [9c 4s Tc] [7d]
zilionz: bets $1
Alameda22: folds 
Darin2008: calls $1
rich138: calls $1
*** RIVER *** [9c 4s Tc 7d] [8c]
zilionz: folds 
Darin2008: checks 
rich138: bets $1
Darin2008: calls $1
*** SHOW DOWN ***
rich138: shows [5h 6h] (a straight, Six to Ten)
Darin2008: mucks hand 
rich138 collected $6.70 from pot
*** SUMMARY ***
Total pot $7 | Rake $0.30 
Board [9c 4s Tc 7d 8c]
Seat 1: dwq2300 folded before Flop (didn't bet)
Seat 2: JacksBquick1 folded before Flop (didn't bet)
Seat 3: FACUMDP folded before Flop (didn't bet)
Seat 4: rich138 showed [5h 6h] and won ($6.70) with a straight, Six to Ten
Seat 5: Figol folded before Flop (didn't bet)
Seat 6: markwin11 (button) folded before Flop (didn't bet)
Seat 7: zilionz (small blind) folded on the River
Seat 8: Alameda22 (big blind) folded on the Turn
Seat 9: Darin2008 mucked [5d 4d]



PokerStars Game #20155372366:  Hold'em No Limit ($0.25/$0.50) - 2008/09/04 23:11:31 ET
Table 'Stobbe II' 9-max Seat #7 is the button
Seat 1: dwq2300 ($8.95 in chips) 
Seat 2: JacksBquick1 ($14.45 in chips) 
Seat 3: FACUMDP ($50.40 in chips) 
Seat 4: rich138 ($36.25 in chips) 
Seat 5: Figol ($83.30 in chips) 
Seat 6: markwin11 ($51.60 in chips) 
Seat 7: zilionz ($57.05 in chips) 
Seat 8: Alameda22 ($67.25 in chips) 
Alameda22: posts small blind $0.25
Darin2008: is sitting out 
dwq2300: posts big blind $0.50
*** HOLE CARDS ***
Dealt to Alameda22 [Ks 7h]
Darin2008 leaves the table
JacksBquick1: folds 
FACUMDP: folds 
rich138: folds 
Figol: folds 
markwin11: folds 
zilionz: folds 
fernandoagz joins the table at seat #9 
Alameda22: folds 
Uncalled bet ($0.25) returned to dwq2300
JacksBquick1 leaves the table
dwq2300 collected $0.50 from pot
dwq2300: doesn't show hand 
*** SUMMARY ***
Total pot $0.50 | Rake $0 
Seat 1: dwq2300 (big blind) collected ($0.50)
Seat 2: JacksBquick1 folded before Flop (didn't bet)
Seat 3: FACUMDP folded before Flop (didn't bet)
Seat 4: rich138 folded before Flop (didn't bet)
Seat 5: Figol folded before Flop (didn't bet)
Seat 6: markwin11 folded before Flop (didn't bet)
Seat 7: zilionz (button) folded before Flop (didn't bet)
Seat 8: Alameda22 (small blind) folded before Flop



PokerStars Game #20155387042:  Hold'em No Limit ($0.25/$0.50) - 2008/09/04 23:12:15 ET
Table 'Stobbe II' 9-max Seat #8 is the button
Seat 1: dwq2300 ($9.20 in chips) 
Seat 3: FACUMDP ($50.40 in chips) 
Seat 4: rich138 ($36.25 in chips) 
Seat 5: Figol ($83.30 in chips) 
Seat 6: markwin11 ($51.60 in chips) 
Seat 7: zilionz ($57.05 in chips) 
Seat 8: Alameda22 ($67 in chips) 
fernandoagz will be allowed to play after the button
dwq2300: posts small blind $0.25
FACUMDP: posts big blind $0.50
*** HOLE CARDS ***
Dealt to Alameda22 [Qh Jd]
kiryxins joins the table at seat #2 
rich138: folds 
Figol: folds 
markwin11: raises $1 to $1.50
zilionz: folds 
Alameda22: folds 
dwq2300: folds 
FACUMDP: folds 
Uncalled bet ($1) returned to markwin11
markwin11 collected $1.25 from pot
*** SUMMARY ***
Total pot $1.25 | Rake $0 
Seat 1: dwq2300 (small blind) folded before Flop
Seat 3: FACUMDP (big blind) folded before Flop
Seat 4: rich138 folded before Flop (didn't bet)
Seat 5: Figol folded before Flop (didn't bet)
Seat 6: markwin11 collected ($1.25)
Seat 7: zilionz folded before Flop (didn't bet)
Seat 8: Alameda22 (button) folded before Flop (didn't bet)



PokerStars Game #20155400321:  Hold'em No Limit ($0.25/$0.50) - 2008/09/04 23:12:55 ET
Table 'Stobbe II' 9-max Seat #1 is the button
Seat 1: dwq2300 ($8.95 in chips) 
Seat 3: FACUMDP ($49.90 in chips) 
Seat 4: rich138 ($36.25 in chips) 
Seat 5: Figol ($83.30 in chips) 
Seat 6: markwin11 ($52.35 in chips) 
Seat 7: zilionz ($57.05 in chips) 
Seat 8: Alameda22 ($67 in chips) 
kiryxins will be allowed to play after the button
FACUMDP: posts small blind $0.25
rich138: posts big blind $0.50
fernandoagz: sits out 
*** HOLE CARDS ***
Dealt to Alameda22 [Th 9c]
Figol: folds 
markwin11: folds 
zilionz: folds 
Alameda22: folds 
dwq2300: calls $0.50
FACUMDP: folds 
rich138: checks 
*** FLOP *** [As Js 2s]
rich138: bets $0.50
dwq2300: folds 
Uncalled bet ($0.50) returned to rich138
rich138 collected $1.20 from pot
*** SUMMARY ***
Total pot $1.25 | Rake $0.05 
Board [As Js 2s]
Seat 1: dwq2300 (button) folded on the Flop
Seat 3: FACUMDP (small blind) folded before Flop
Seat 4: rich138 (big blind) collected ($1.20)
Seat 5: Figol folded before Flop (didn't bet)
Seat 6: markwin11 folded before Flop (didn't bet)
Seat 7: zilionz folded before Flop (didn't bet)
Seat 8: Alameda22 folded before Flop (didn't bet)



PokerStars Game #20155434330:  Hold'em No Limit ($0.25/$0.50) - 2008/09/04 23:14:38 ET
Table 'Stobbe II' 9-max Seat #3 is the button
Seat 1: dwq2300 ($8.45 in chips) 
Seat 2: kiryxins ($10 in chips) 
Seat 3: FACUMDP ($49.65 in chips) 
Seat 4: rich138 ($36.95 in chips) 
Seat 5: Figol ($83.30 in chips) 
Seat 6: markwin11 ($52.35 in chips) 
Seat 7: zilionz ($57.05 in chips) 
Seat 8: Alameda22 ($67 in chips) 
rich138: posts small blind $0.25
Figol: posts big blind $0.50
fernandoagz: sits out 
kiryxins: posts big blind $0.50
*** HOLE CARDS ***
Dealt to Alameda22 [3c 4d]
markwin11: folds 
zilionz: folds 
Alameda22: folds 
dwq2300: folds 
kiryxins: raises $1.50 to $2
FACUMDP: folds 
rich138: folds 
Figol: folds 
Uncalled bet ($1.50) returned to kiryxins
kiryxins collected $1.25 from pot
kiryxins: doesn't show hand 
*** SUMMARY ***
Total pot $1.25 | Rake $0 
Seat 1: dwq2300 folded before Flop (didn't bet)
Seat 2: kiryxins collected ($1.25)
Seat 3: FACUMDP (button) folded before Flop (didn't bet)
Seat 4: rich138 (small blind) folded before Flop
Seat 5: Figol (big blind) folded before Flop
Seat 6: markwin11 folded before Flop (didn't bet)
Seat 7: zilionz folded before Flop (didn't bet)
Seat 8: Alameda22 folded before Flop (didn't bet)



PokerStars Game #20155451948:  Hold'em No Limit ($0.25/$0.50) - 2008/09/04 23:15:31 ET
Table 'Stobbe II' 9-max Seat #4 is the button
Seat 1: dwq2300 ($8.45 in chips) 
Seat 2: kiryxins ($10.75 in chips) 
Seat 3: FACUMDP ($49.65 in chips) 
Seat 4: rich138 ($36.70 in chips) 
Seat 5: Figol ($82.80 in chips) 
Seat 6: markwin11 ($52.35 in chips) 
Seat 7: zilionz ($57.05 in chips) 
Seat 8: Alameda22 ($67 in chips) 
Figol: posts small blind $0.25
markwin11: posts big blind $0.50
fernandoagz: sits out 
*** HOLE CARDS ***
Dealt to Alameda22 [Ac 5s]
zilionz: folds 
Alameda22: folds 
dwq2300: folds 
kiryxins: folds 
FACUMDP: folds 
rich138: folds 
Figol: calls $0.25
markwin11: checks 
*** FLOP *** [As Ah Qd]
Figol: checks 
markwin11: bets $0.50
Figol: folds 
Uncalled bet ($0.50) returned to markwin11
markwin11 collected $0.95 from pot
*** SUMMARY ***
Total pot $1 | Rake $0.05 
Board [As Ah Qd]
Seat 1: dwq2300 folded before Flop (didn't bet)
Seat 2: kiryxins folded before Flop (didn't bet)
Seat 3: FACUMDP folded before Flop (didn't bet)
Seat 4: rich138 (button) folded before Flop (didn't bet)
Seat 5: Figol (small blind) folded on the Flop
Seat 6: markwin11 (big blind) collected ($0.95)
Seat 7: zilionz folded before Flop (didn't bet)
Seat 8: Alameda22 folded before Flop (didn't bet)



PokerStars Game #20155480645:  Hold'em No Limit ($0.25/$0.50) - 2008/09/04 23:16:57 ET
Table 'Stobbe II' 9-max Seat #5 is the button
Seat 1: dwq2300 ($8.45 in chips) 
Seat 2: kiryxins ($10.75 in chips) 
Seat 3: FACUMDP ($49.65 in chips) 
Seat 4: rich138 ($36.70 in chips) 
Seat 5: Figol ($82.30 in chips) 
Seat 6: markwin11 ($52.80 in chips) 
Seat 7: zilionz ($57.05 in chips) 
Seat 8: Alameda22 ($67 in chips) 
markwin11: posts small blind $0.25
zilionz: posts big blind $0.50
fernandoagz: sits out 
*** HOLE CARDS ***
Dealt to Alameda22 [Jc Jd]
Alameda22: raises $1.50 to $2
dwq2300: folds 
kiryxins: folds 
FACUMDP: folds 
rich138: folds 
Figol: folds 
markwin11: folds 
zilionz: folds 
Uncalled bet ($1.50) returned to Alameda22
Alameda22 collected $1.25 from pot
Alameda22: doesn't show hand 
*** SUMMARY ***
Total pot $1.25 | Rake $0 
Seat 1: dwq2300 folded before Flop (didn't bet)
Seat 2: kiryxins folded before Flop (didn't bet)
Seat 3: FACUMDP folded before Flop (didn't bet)
Seat 4: rich138 folded before Flop (didn't bet)
Seat 5: Figol (button) folded before Flop (didn't bet)
Seat 6: markwin11 (small blind) folded before Flop
Seat 7: zilionz (big blind) folded before Flop
Seat 8: Alameda22 collected ($1.25)



PokerStars Game #20155496062:  Hold'em No Limit ($0.25/$0.50) - 2008/09/04 23:17:44 ET
Table 'Stobbe II' 9-max Seat #6 is the button
Seat 1: dwq2300 ($8.45 in chips) 
Seat 2: kiryxins ($10.75 in chips) 
Seat 3: FACUMDP ($49.65 in chips) 
Seat 4: rich138 ($36.70 in chips) 
Seat 5: Figol ($82.30 in chips) 
Seat 6: markwin11 ($52.55 in chips) 
Seat 7: zilionz ($56.55 in chips) 
Seat 8: Alameda22 ($67.75 in chips) 
zilionz: posts small blind $0.25
Alameda22: posts big blind $0.50
fernandoagz: sits out 
*** HOLE CARDS ***
Dealt to Alameda22 [3c 4d]
dwq2300: folds 
kiryxins: folds 
FACUMDP: folds 
rich138: folds 
Figol: folds 
markwin11: folds 
zilionz: folds 
Uncalled bet ($0.25) returned to Alameda22
Alameda22 collected $0.50 from pot
Alameda22: doesn't show hand 
*** SUMMARY ***
Total pot $0.50 | Rake $0 
Seat 1: dwq2300 folded before Flop (didn't bet)
Seat 2: kiryxins folded before Flop (didn't bet)
Seat 3: FACUMDP folded before Flop (didn't bet)
Seat 4: rich138 folded before Flop (didn't bet)
Seat 5: Figol folded before Flop (didn't bet)
Seat 6: markwin11 (button) folded before Flop (didn't bet)
Seat 7: zilionz (small blind) folded before Flop
Seat 8: Alameda22 (big blind) collected ($0.50)



PokerStars Game #20155516062:  Hold'em No Limit ($0.25/$0.50) - 2008/09/04 23:18:44 ET
Table 'Stobbe II' 9-max Seat #7 is the button
Seat 1: dwq2300 ($8.45 in chips) 
Seat 2: kiryxins ($10.75 in chips) 
Seat 3: FACUMDP ($49.65 in chips) 
Seat 4: rich138 ($36.70 in chips) 
Seat 5: Figol ($82.30 in chips) 
Seat 6: markwin11 ($52.55 in chips) 
Seat 7: zilionz ($56.30 in chips) 
Seat 8: Alameda22 ($68 in chips) 
Seat 9: fernandoagz ($10 in chips) 
Alameda22: posts small blind $0.25
fernandoagz: posts big blind $0.50
*** HOLE CARDS ***
Dealt to Alameda22 [7s Th]
dwq2300: folds 
kiryxins: folds 
FACUMDP: raises $1.50 to $2
rich138: folds 
Figol: calls $2
markwin11: folds 
zilionz: folds 
Alameda22: folds 
fernandoagz: folds 
*** FLOP *** [Td 7d Js]
FACUMDP: bets $3.50
Figol: folds 
Uncalled bet ($3.50) returned to FACUMDP
FACUMDP collected $4.55 from pot
FACUMDP: doesn't show hand 
*** SUMMARY ***
Total pot $4.75 | Rake $0.20 
Board [Td 7d Js]
Seat 1: dwq2300 folded before Flop (didn't bet)
Seat 2: kiryxins folded before Flop (didn't bet)
Seat 3: FACUMDP collected ($4.55)
Seat 4: rich138 folded before Flop (didn't bet)
Seat 5: Figol folded on the Flop
Seat 6: markwin11 folded before Flop (didn't bet)
Seat 7: zilionz (button) folded before Flop (didn't bet)
Seat 8: Alameda22 (small blind) folded before Flop
Seat 9: fernandoagz (big blind) folded before Flop



PokerStars Game #20155529745:  Hold'em No Limit ($0.25/$0.50) - 2008/09/04 23:19:26 ET
Table 'Stobbe II' 9-max Seat #8 is the button
Seat 1: dwq2300 ($8.45 in chips) 
Seat 2: kiryxins ($10.75 in chips) 
Seat 3: FACUMDP ($52.20 in chips) 
Seat 4: rich138 ($36.70 in chips) 
Seat 5: Figol ($80.30 in chips) 
Seat 6: markwin11 ($52.55 in chips) 
Seat 7: zilionz ($56.30 in chips) 
Seat 8: Alameda22 ($67.75 in chips) 
Seat 9: fernandoagz ($9.50 in chips) 
fernandoagz: posts small blind $0.25
dwq2300: posts big blind $0.50
*** HOLE CARDS ***
Dealt to Alameda22 [2d 6d]
kiryxins: folds 
FACUMDP: folds 
rich138: folds 
Figol: folds 
markwin11: folds 
zilionz: raises $1 to $1.50
Alameda22: folds 
fernandoagz: folds 
dwq2300: folds 
Uncalled bet ($1) returned to zilionz
zilionz collected $1.25 from pot
zilionz: doesn't show hand 
*** SUMMARY ***
Total pot $1.25 | Rake $0 
Seat 1: dwq2300 (big blind) folded before Flop
Seat 2: kiryxins folded before Flop (didn't bet)
Seat 3: FACUMDP folded before Flop (didn't bet)
Seat 4: rich138 folded before Flop (didn't bet)
Seat 5: Figol folded before Flop (didn't bet)
Seat 6: markwin11 folded before Flop (didn't bet)
Seat 7: zilionz collected ($1.25)
Seat 8: Alameda22 (button) folded before Flop (didn't bet)
Seat 9: fernandoagz (small blind) folded before Flop



PokerStars Game #20155544165:  Hold'em No Limit ($0.25/$0.50) - 2008/09/04 23:20:10 ET
Table 'Stobbe II' 9-max Seat #9 is the button
Seat 1: dwq2300 ($7.95 in chips) 
Seat 3: FACUMDP ($52.20 in chips) 
Seat 4: rich138 ($36.70 in chips) 
Seat 5: Figol ($80.30 in chips) 
Seat 6: markwin11 ($52.55 in chips) 
Seat 7: zilionz ($57.05 in chips) 
Seat 8: Alameda22 ($67.75 in chips) 
Seat 9: fernandoagz ($10 in chips) 
dwq2300: posts small blind $0.25
kiryxins: is sitting out 
FACUMDP: posts big blind $0.50
*** HOLE CARDS ***
Dealt to Alameda22 [Jh Jd]
kiryxins has returned
rich138: folds 
Figol: folds 
markwin11: folds 
zilionz: raises $1 to $1.50
Alameda22: calls $1.50
fernandoagz: folds 
dwq2300: folds 
FACUMDP: folds 
*** FLOP *** [Qc Qd 8c]
zilionz: bets $1
Alameda22: calls $1
*** TURN *** [Qc Qd 8c] [6c]
zilionz: checks 
Alameda22: bets $4
zilionz: calls $4
*** RIVER *** [Qc Qd 8c 6c] [3h]
zilionz: checks 
Alameda22: checks 
*** SHOW DOWN ***
zilionz: shows [8d Tc] (two pair, Queens and Eights)
Alameda22: shows [Jh Jd] (two pair, Queens and Jacks)
Alameda22 collected $13.10 from pot
zilionz said, "nh"
*** SUMMARY ***
Total pot $13.75 | Rake $0.65 
Board [Qc Qd 8c 6c 3h]
Seat 1: dwq2300 (small blind) folded before Flop
Seat 3: FACUMDP (big blind) folded before Flop
Seat 4: rich138 folded before Flop (didn't bet)
Seat 5: Figol folded before Flop (didn't bet)
Seat 6: markwin11 folded before Flop (didn't bet)
Seat 7: zilionz showed [8d Tc] and lost with two pair, Queens and Eights
Seat 8: Alameda22 showed [Jh Jd] and won ($13.10) with two pair, Queens and Jacks
Seat 9: fernandoagz (button) folded before Flop (didn't bet)



PokerStars Game #20155577452:  Hold'em No Limit ($0.25/$0.50) - 2008/09/04 23:21:52 ET
Table 'Stobbe II' 9-max Seat #1 is the button
Seat 1: dwq2300 ($7.70 in chips) 
Seat 3: FACUMDP ($51.70 in chips) 
Seat 4: rich138 ($36.70 in chips) 
Seat 5: Figol ($80.30 in chips) 
Seat 6: markwin11 ($52.55 in chips) 
Seat 7: zilionz ($50.55 in chips) 
Seat 8: Alameda22 ($74.35 in chips) 
Seat 9: fernandoagz ($10 in chips) 
kiryxins will be allowed to play after the button
FACUMDP: posts small blind $0.25
rich138: posts big blind $0.50
*** HOLE CARDS ***
Dealt to Alameda22 [Jh 8s]
Figol: folds 
markwin11: folds 
zilionz: folds 
Alameda22: folds 
fernandoagz: folds 
dwq2300: calls $0.50
FACUMDP: folds 
rich138: checks 
*** FLOP *** [Ts Jd 3h]
rich138: checks 
dwq2300: bets $1
rich138: folds 
Uncalled bet ($1) returned to dwq2300
dwq2300 collected $1.20 from pot
dwq2300: doesn't show hand 
*** SUMMARY ***
Total pot $1.25 | Rake $0.05 
Board [Ts Jd 3h]
Seat 1: dwq2300 (button) collected ($1.20)
Seat 3: FACUMDP (small blind) folded before Flop
Seat 4: rich138 (big blind) folded on the Flop
Seat 5: Figol folded before Flop (didn't bet)
Seat 6: markwin11 folded before Flop (didn't bet)
Seat 7: zilionz folded before Flop (didn't bet)
Seat 8: Alameda22 folded before Flop (didn't bet)
Seat 9: fernandoagz folded before Flop (didn't bet)



PokerStars Game #20155598822:  Hold'em No Limit ($0.25/$0.50) - 2008/09/04 23:22:58 ET
Table 'Stobbe II' 9-max Seat #3 is the button
Seat 1: dwq2300 ($8.40 in chips) 
Seat 3: FACUMDP ($51.45 in chips) 
Seat 4: rich138 ($36.20 in chips) 
Seat 5: Figol ($80.30 in chips) 
Seat 6: markwin11 ($52.55 in chips) 
Seat 7: zilionz ($50.55 in chips) 
Seat 8: Alameda22 ($74.35 in chips) 
Seat 9: fernandoagz ($10 in chips) 
rich138: posts small blind $0.25
Figol: posts big blind $0.50
kiryxins: sits out 
*** HOLE CARDS ***
Dealt to Alameda22 [Kd Qd]
markwin11: folds 
zilionz: folds 
Alameda22: folds 
fernandoagz: folds 
dwq2300: folds 
FACUMDP: folds 
rich138: folds 
Uncalled bet ($0.25) returned to Figol
Figol collected $0.50 from pot
Figol: doesn't show hand 
*** SUMMARY ***
Total pot $0.50 | Rake $0 
Seat 1: dwq2300 folded before Flop (didn't bet)
Seat 3: FACUMDP (button) folded before Flop (didn't bet)
Seat 4: rich138 (small blind) folded before Flop
Seat 5: Figol (big blind) collected ($0.50)
Seat 6: markwin11 folded before Flop (didn't bet)
Seat 7: zilionz folded before Flop (didn't bet)
Seat 8: Alameda22 folded before Flop (didn't bet)
Seat 9: fernandoagz folded before Flop (didn't bet)



PokerStars Game #20155619064:  Hold'em No Limit ($0.25/$0.50) - 2008/09/04 23:24:02 ET
Table 'Stobbe II' 9-max Seat #4 is the button
Seat 1: dwq2300 ($8.40 in chips) 
Seat 3: FACUMDP ($51.45 in chips) 
Seat 4: rich138 ($35.95 in chips) 
Seat 5: Figol ($80.55 in chips) 
Seat 6: markwin11 ($52.55 in chips) 
Seat 7: zilionz ($50.55 in chips) 
Seat 8: Alameda22 ($74.35 in chips) 
Seat 9: fernandoagz ($10 in chips) 
Figol: posts small blind $0.25
markwin11: posts big blind $0.50
kiryxins: sits out 
*** HOLE CARDS ***
Dealt to Alameda22 [2h Ts]
zilionz: folds 
zilionz leaves the table
Alameda22: folds 
fernandoagz: folds 
dwq2300: folds 
FACUMDP: folds 
rich138: calls $0.50
Figol: calls $0.25
markwin11: checks 
*** FLOP *** [2s As Jc]
Figol: checks 
markwin11: checks 
rich138: checks 
*** TURN *** [2s As Jc] [Kc]
Figol: bets $2
markwin11: folds 
rich138: folds 
Uncalled bet ($2) returned to Figol
Figol collected $1.45 from pot
*** SUMMARY ***
Total pot $1.50 | Rake $0.05 
Board [2s As Jc Kc]
Seat 1: dwq2300 folded before Flop (didn't bet)
Seat 3: FACUMDP folded before Flop (didn't bet)
Seat 4: rich138 (button) folded on the Turn
Seat 5: Figol (small blind) collected ($1.45)
Seat 6: markwin11 (big blind) folded on the Turn
Seat 7: zilionz folded before Flop (didn't bet)
Seat 8: Alameda22 folded before Flop (didn't bet)
Seat 9: fernandoagz folded before Flop (didn't bet)



PokerStars Game #20155657936:  Hold'em No Limit ($0.25/$0.50) - 2008/09/04 23:26:05 ET
Table 'Stobbe II' 9-max Seat #5 is the button
Seat 1: dwq2300 ($8.40 in chips) 
Seat 3: FACUMDP ($51.45 in chips) 
Seat 4: rich138 ($35.45 in chips) 
Seat 5: Figol ($81.50 in chips) 
Seat 6: markwin11 ($52.05 in chips) 
Seat 8: Alameda22 ($74.35 in chips) 
Seat 9: fernandoagz ($10 in chips) 
markwin11: posts small blind $0.25
Alameda22: posts big blind $0.50
kiryxins: sits out 
*** HOLE CARDS ***
Dealt to Alameda22 [9c 6c]
fernandoagz: folds 
dwq2300: folds 
FACUMDP: folds 
rich138: calls $0.50
3LETSBATTLE3 joins the table at seat #7 
Figol: raises $2 to $2.50
markwin11: folds 
Alameda22: folds 
rich138: folds 
Uncalled bet ($2) returned to Figol
Figol collected $1.75 from pot
*** SUMMARY ***
Total pot $1.75 | Rake $0 
Seat 1: dwq2300 folded before Flop (didn't bet)
Seat 3: FACUMDP folded before Flop (didn't bet)
Seat 4: rich138 folded before Flop
Seat 5: Figol (button) collected ($1.75)
Seat 6: markwin11 (small blind) folded before Flop
Seat 8: Alameda22 (big blind) folded before Flop
Seat 9: fernandoagz folded before Flop (didn't bet)



PokerStars Game #20155684530:  Hold'em No Limit ($0.25/$0.50) - 2008/09/04 23:27:29 ET
Table 'Stobbe II' 9-max Seat #6 is the button
Seat 1: dwq2300 ($8.40 in chips) 
Seat 3: FACUMDP ($51.45 in chips) 
Seat 4: rich138 ($34.95 in chips) 
Seat 5: Figol ($82.75 in chips) 
Seat 6: markwin11 ($51.80 in chips) 
Seat 8: Alameda22 ($73.85 in chips) 
Seat 9: fernandoagz ($10 in chips) 
3LETSBATTLE3 will be allowed to play after the button
Alameda22: posts small blind $0.25
fernandoagz: posts big blind $0.50
kiryxins: sits out 
*** HOLE CARDS ***
Dealt to Alameda22 [Ad Kh]
dwq2300: folds 
FACUMDP: folds 
rich138: calls $0.50
Figol: folds 
markwin11: folds 
Alameda22: raises $1.50 to $2
fernandoagz: folds 
rich138: calls $1.50
*** FLOP *** [Qh 3c 8s]
Alameda22: checks 
rich138: checks 
*** TURN *** [Qh 3c 8s] [5c]
Alameda22: checks 
rich138: checks 
*** RIVER *** [Qh 3c 8s 5c] [3d]
Alameda22: checks 
rich138: checks 
*** SHOW DOWN ***
Alameda22: shows [Ad Kh] (a pair of Threes)
rich138: mucks hand 
Alameda22 collected $4.30 from pot
*** SUMMARY ***
Total pot $4.50 | Rake $0.20 
Board [Qh 3c 8s 5c 3d]
Seat 1: dwq2300 folded before Flop (didn't bet)
Seat 3: FACUMDP folded before Flop (didn't bet)
Seat 4: rich138 mucked [Kc 9c]
Seat 5: Figol folded before Flop (didn't bet)
Seat 6: markwin11 (button) folded before Flop (didn't bet)
Seat 8: Alameda22 (small blind) showed [Ad Kh] and won ($4.30) with a pair of Threes
Seat 9: fernandoagz (big blind) folded before Flop



PokerStars Game #20155710408:  Hold'em No Limit ($0.25/$0.50) - 2008/09/04 23:28:51 ET
Table 'Stobbe II' 9-max Seat #8 is the button
Seat 1: dwq2300 ($8.40 in chips) 
Seat 3: FACUMDP ($51.45 in chips) 
Seat 4: rich138 ($32.95 in chips) 
Seat 5: Figol ($82.75 in chips) 
Seat 6: markwin11 ($51.80 in chips) 
Seat 7: 3LETSBATTLE3 ($10 in chips) 
Seat 8: Alameda22 ($76.15 in chips) 
Seat 9: fernandoagz ($9.50 in chips) 
fernandoagz: posts small blind $0.25
dwq2300: posts big blind $0.50
kiryxins: sits out 
3LETSBATTLE3: posts big blind $0.50
*** HOLE CARDS ***
Dealt to Alameda22 [7s 5d]
FACUMDP: folds 
rich138: folds 
Figol: folds 
markwin11: folds 
3LETSBATTLE3: checks 
Alameda22: folds 
fernandoagz: folds 
dwq2300: checks 
*** FLOP *** [9s 2h 2c]
dwq2300: checks 
3LETSBATTLE3: bets $0.50
dwq2300: raises $0.50 to $1
3LETSBATTLE3: calls $0.50
*** TURN *** [9s 2h 2c] [Td]
dwq2300: bets $3.50
3LETSBATTLE3: raises $3.50 to $7
dwq2300: calls $3.40 and is all-in
Uncalled bet ($0.10) returned to 3LETSBATTLE3
*** RIVER *** [9s 2h 2c Td] [6s]
*** SHOW DOWN ***
dwq2300: shows [5c 2s] (three of a kind, Deuces)
3LETSBATTLE3: mucks hand 
dwq2300 collected $16.25 from pot
*** SUMMARY ***
Total pot $17.05 | Rake $0.80 
Board [9s 2h 2c Td 6s]
Seat 1: dwq2300 (big blind) showed [5c 2s] and won ($16.25) with three of a kind, Deuces
Seat 3: FACUMDP folded before Flop (didn't bet)
Seat 4: rich138 folded before Flop (didn't bet)
Seat 5: Figol folded before Flop (didn't bet)
Seat 6: markwin11 folded before Flop (didn't bet)
Seat 7: 3LETSBATTLE3 mucked [5s 3d]
Seat 8: Alameda22 (button) folded before Flop (didn't bet)
Seat 9: fernandoagz (small blind) folded before Flop



PokerStars Game #20155760544:  Hold'em No Limit ($0.25/$0.50) - 2008/09/04 23:31:28 ET
Table 'Stobbe II' 9-max Seat #9 is the button
Seat 1: dwq2300 ($16.25 in chips) 
Seat 2: kiryxins ($10.75 in chips) 
Seat 3: FACUMDP ($51.45 in chips) 
Seat 4: rich138 ($32.95 in chips) 
Seat 5: Figol ($82.75 in chips) 
Seat 6: markwin11 ($51.80 in chips) 
Seat 7: 3LETSBATTLE3 ($1.60 in chips) 
Seat 8: Alameda22 ($76.15 in chips) 
Seat 9: fernandoagz ($10 in chips) 
dwq2300: posts small blind $0.25
kiryxins: posts big blind $0.50
*** HOLE CARDS ***
Dealt to Alameda22 [4s 3c]
FACUMDP: folds 
rich138: raises $0.50 to $1
Figol: folds 
markwin11: folds 
3LETSBATTLE3: raises $0.60 to $1.60 and is all-in
Alameda22: folds 
fernandoagz: folds 
dwq2300: folds 
kiryxins: folds 
rich138: calls $0.60
*** FLOP *** [5c Jc 8c]
*** TURN *** [5c Jc 8c] [3d]
*** RIVER *** [5c Jc 8c 3d] [Th]
*** SHOW DOWN ***
rich138: shows [Ac Kc] (a flush, Ace high)
3LETSBATTLE3: mucks hand 
rich138 collected $3.80 from pot
*** SUMMARY ***
Total pot $3.95 | Rake $0.15 
Board [5c Jc 8c 3d Th]
Seat 1: dwq2300 (small blind) folded before Flop
Seat 2: kiryxins (big blind) folded before Flop
Seat 3: FACUMDP folded before Flop (didn't bet)
Seat 4: rich138 showed [Ac Kc] and won ($3.80) with a flush, Ace high
Seat 5: Figol folded before Flop (didn't bet)
Seat 6: markwin11 folded before Flop (didn't bet)
Seat 7: 3LETSBATTLE3 mucked [Js Kh]
Seat 8: Alameda22 folded before Flop (didn't bet)
Seat 9: fernandoagz (button) folded before Flop (didn't bet)



PokerStars Game #20155783238:  Hold'em No Limit ($0.25/$0.50) - 2008/09/04 23:32:39 ET
Table 'Stobbe II' 9-max Seat #1 is the button
Seat 1: dwq2300 ($16 in chips) 
Seat 2: kiryxins ($10.25 in chips) 
Seat 3: FACUMDP ($51.45 in chips) 
Seat 4: rich138 ($35.15 in chips) 
Seat 5: Figol ($82.75 in chips) 
Seat 6: markwin11 ($51.80 in chips) 
Seat 8: Alameda22 ($76.15 in chips) 
Seat 9: fernandoagz ($10 in chips) 
kiryxins: posts small blind $0.25
FACUMDP: posts big blind $0.50
*** HOLE CARDS ***
Dealt to Alameda22 [8s 2c]
rich138: raises $0.50 to $1
Figol: folds 
3LETSBATTLE3 has returned
markwin11: folds 
Alameda22: folds 
fernandoagz: folds 
dwq2300: folds 
kiryxins: folds 
FACUMDP: folds 
Uncalled bet ($0.50) returned to rich138
rich138 collected $1.25 from pot
*** SUMMARY ***
Total pot $1.25 | Rake $0 
Seat 1: dwq2300 (button) folded before Flop (didn't bet)
Seat 2: kiryxins (small blind) folded before Flop
Seat 3: FACUMDP (big blind) folded before Flop
Seat 4: rich138 collected ($1.25)
Seat 5: Figol folded before Flop (didn't bet)
Seat 6: markwin11 folded before Flop (didn't bet)
Seat 8: Alameda22 folded before Flop (didn't bet)
Seat 9: fernandoagz folded before Flop (didn't bet)



PokerStars Game #20155801405:  Hold'em No Limit ($0.25/$0.50) - 2008/09/04 23:33:36 ET
Table 'Stobbe II' 9-max Seat #2 is the button
Seat 1: dwq2300 ($16 in chips) 
Seat 2: kiryxins ($10 in chips) 
Seat 3: FACUMDP ($50.95 in chips) 
Seat 4: rich138 ($35.90 in chips) 
Seat 5: Figol ($82.75 in chips) 
Seat 6: markwin11 ($51.80 in chips) 
Seat 7: 3LETSBATTLE3 ($10 in chips) 
Seat 8: Alameda22 ($76.15 in chips) 
Seat 9: fernandoagz ($10 in chips) 
FACUMDP: posts small blind $0.25
rich138: posts big blind $0.50
*** HOLE CARDS ***
Dealt to Alameda22 [Js Jd]
Figol: folds 
markwin11: folds 
3LETSBATTLE3: folds 
Alameda22: raises $1.50 to $2
fernandoagz: folds 
dwq2300: folds 
kiryxins: folds 
FACUMDP: folds 
rich138: folds 
Uncalled bet ($1.50) returned to Alameda22
Alameda22 collected $1.25 from pot
Alameda22: doesn't show hand 
*** SUMMARY ***
Total pot $1.25 | Rake $0 
Seat 1: dwq2300 folded before Flop (didn't bet)
Seat 2: kiryxins (button) folded before Flop (didn't bet)
Seat 3: FACUMDP (small blind) folded before Flop
Seat 4: rich138 (big blind) folded before Flop
Seat 5: Figol folded before Flop (didn't bet)
Seat 6: markwin11 folded before Flop (didn't bet)
Seat 7: 3LETSBATTLE3 folded before Flop (didn't bet)
Seat 8: Alameda22 collected ($1.25)
Seat 9: fernandoagz folded before Flop (didn't bet)



PokerStars Game #20155823035:  Hold'em No Limit ($0.25/$0.50) - 2008/09/04 23:34:44 ET
Table 'Stobbe II' 9-max Seat #3 is the button
Seat 1: dwq2300 ($16 in chips) 
Seat 2: kiryxins ($10 in chips) 
Seat 3: FACUMDP ($50.70 in chips) 
Seat 4: rich138 ($35.40 in chips) 
Seat 5: Figol ($82.75 in chips) 
Seat 6: markwin11 ($51.80 in chips) 
Seat 7: 3LETSBATTLE3 ($10 in chips) 
Seat 8: Alameda22 ($76.90 in chips) 
Seat 9: fernandoagz ($10 in chips) 
rich138: posts small blind $0.25
Figol: posts big blind $0.50
*** HOLE CARDS ***
Dealt to Alameda22 [9c Jc]
markwin11: folds 
3LETSBATTLE3: raises $1 to $1.50
Alameda22: folds 
fernandoagz: folds 
dwq2300: folds 
kiryxins: folds 
FACUMDP: folds 
rich138: folds 
Figol: calls $1
*** FLOP *** [Js 8h 5s]
Figol: checks 
3LETSBATTLE3: bets $2.50
Figol: folds 
Uncalled bet ($2.50) returned to 3LETSBATTLE3
3LETSBATTLE3 collected $3.10 from pot
*** SUMMARY ***
Total pot $3.25 | Rake $0.15 
Board [Js 8h 5s]
Seat 1: dwq2300 folded before Flop (didn't bet)
Seat 2: kiryxins folded before Flop (didn't bet)
Seat 3: FACUMDP (button) folded before Flop (didn't bet)
Seat 4: rich138 (small blind) folded before Flop
Seat 5: Figol (big blind) folded on the Flop
Seat 6: markwin11 folded before Flop (didn't bet)
Seat 7: 3LETSBATTLE3 collected ($3.10)
Seat 8: Alameda22 folded before Flop (didn't bet)
Seat 9: fernandoagz folded before Flop (didn't bet)



PokerStars Game #20155842730:  Hold'em No Limit ($0.25/$0.50) - 2008/09/04 23:35:46 ET
Table 'Stobbe II' 9-max Seat #4 is the button
Seat 1: dwq2300 ($16 in chips) 
Seat 2: kiryxins ($10 in chips) 
Seat 3: FACUMDP ($50.70 in chips) 
Seat 4: rich138 ($35.15 in chips) 
Seat 5: Figol ($81.25 in chips) 
Seat 6: markwin11 ($51.80 in chips) 
Seat 7: 3LETSBATTLE3 ($11.60 in chips) 
Seat 8: Alameda22 ($76.90 in chips) 
Seat 9: fernandoagz ($10 in chips) 
Figol: posts small blind $0.25
markwin11: posts big blind $0.50
*** HOLE CARDS ***
Dealt to Alameda22 [5d 2d]
3LETSBATTLE3: folds 
Alameda22: folds 
fernandoagz: folds 
dwq2300: folds 
kiryxins: folds 
FACUMDP: raises $1.50 to $2
rich138: folds 
Figol is disconnected 
Figol is connected 
Figol: calls $1.75
markwin11: folds 
*** FLOP *** [2h Qh 7d]
Figol: checks 
FACUMDP: bets $4
Figol: calls $4
*** TURN *** [2h Qh 7d] [Ts]
Figol: checks 
FACUMDP: bets $8
Figol: folds 
Uncalled bet ($8) returned to FACUMDP
FACUMDP collected $11.90 from pot
FACUMDP: doesn't show hand 
*** SUMMARY ***
Total pot $12.50 | Rake $0.60 
Board [2h Qh 7d Ts]
Seat 1: dwq2300 folded before Flop (didn't bet)
Seat 2: kiryxins folded before Flop (didn't bet)
Seat 3: FACUMDP collected ($11.90)
Seat 4: rich138 (button) folded before Flop (didn't bet)
Seat 5: Figol (small blind) folded on the Turn
Seat 6: markwin11 (big blind) folded before Flop
Seat 7: 3LETSBATTLE3 folded before Flop (didn't bet)
Seat 8: Alameda22 folded before Flop (didn't bet)
Seat 9: fernandoagz folded before Flop (didn't bet)



PokerStars Game #20155895888:  Hold'em No Limit ($0.25/$0.50) - 2008/09/04 23:38:34 ET
Table 'Stobbe II' 9-max Seat #5 is the button
Seat 1: dwq2300 ($16 in chips) 
Seat 2: kiryxins ($10 in chips) 
Seat 3: FACUMDP ($56.60 in chips) 
Seat 4: rich138 ($35.15 in chips) 
Seat 5: Figol ($75.25 in chips) 
Seat 6: markwin11 ($51.30 in chips) 
Seat 7: 3LETSBATTLE3 ($11.60 in chips) 
Seat 8: Alameda22 ($76.90 in chips) 
Seat 9: fernandoagz ($10 in chips) 
markwin11: posts small blind $0.25
3LETSBATTLE3: posts big blind $0.50
*** HOLE CARDS ***
Dealt to Alameda22 [Kd Kh]
Alameda22: raises $1.50 to $2
fernandoagz: folds 
dwq2300: folds 
kiryxins: folds 
FACUMDP: folds 
rich138: folds 
Figol: folds 
markwin11: folds 
3LETSBATTLE3: folds 
Uncalled bet ($1.50) returned to Alameda22
Alameda22 collected $1.25 from pot
Alameda22: doesn't show hand 
*** SUMMARY ***
Total pot $1.25 | Rake $0 
Seat 1: dwq2300 folded before Flop (didn't bet)
Seat 2: kiryxins folded before Flop (didn't bet)
Seat 3: FACUMDP folded before Flop (didn't bet)
Seat 4: rich138 folded before Flop (didn't bet)
Seat 5: Figol (button) folded before Flop (didn't bet)
Seat 6: markwin11 (small blind) folded before Flop
Seat 7: 3LETSBATTLE3 (big blind) folded before Flop
Seat 8: Alameda22 collected ($1.25)
Seat 9: fernandoagz folded before Flop (didn't bet)



PokerStars Game #20155914347:  Hold'em No Limit ($0.25/$0.50) - 2008/09/04 23:39:32 ET
Table 'Stobbe II' 9-max Seat #6 is the button
Seat 1: dwq2300 ($16 in chips) 
Seat 2: kiryxins ($10 in chips) 
Seat 3: FACUMDP ($56.60 in chips) 
Seat 4: rich138 ($35.15 in chips) 
Seat 5: Figol ($75.25 in chips) 
Seat 6: markwin11 ($51.05 in chips) 
Seat 7: 3LETSBATTLE3 ($11.10 in chips) 
Seat 8: Alameda22 ($77.65 in chips) 
Seat 9: fernandoagz ($10 in chips) 
3LETSBATTLE3: posts small blind $0.25
Alameda22: posts big blind $0.50
*** HOLE CARDS ***
Dealt to Alameda22 [9s 4h]
fernandoagz: folds 
fernandoagz leaves the table
dwq2300: folds 
kiryxins: folds 
FACUMDP: folds 
rich138: folds 
Figol: folds 
markwin11: raises $1 to $1.50
nickianthony joins the table at seat #9 
3LETSBATTLE3: calls $1.25
Alameda22: folds 
*** FLOP *** [3d 4s 3s]
3LETSBATTLE3: checks 
markwin11: bets $2
3LETSBATTLE3: calls $2
*** TURN *** [3d 4s 3s] [Ad]
3LETSBATTLE3: bets $7.60 and is all-in
markwin11: folds 
Uncalled bet ($7.60) returned to 3LETSBATTLE3
3LETSBATTLE3 collected $7.15 from pot
*** SUMMARY ***
Total pot $7.50 | Rake $0.35 
Board [3d 4s 3s Ad]
Seat 1: dwq2300 folded before Flop (didn't bet)
Seat 2: kiryxins folded before Flop (didn't bet)
Seat 3: FACUMDP folded before Flop (didn't bet)
Seat 4: rich138 folded before Flop (didn't bet)
Seat 5: Figol folded before Flop (didn't bet)
Seat 6: markwin11 (button) folded on the Turn
Seat 7: 3LETSBATTLE3 (small blind) collected ($7.15)
Seat 8: Alameda22 (big blind) folded before Flop
Seat 9: fernandoagz folded before Flop (didn't bet)



PokerStars Game #20155959306:  Hold'em No Limit ($0.25/$0.50) - 2008/09/04 23:41:55 ET
Table 'Stobbe II' 9-max Seat #7 is the button
Seat 1: dwq2300 ($16 in chips) 
Seat 2: kiryxins ($10 in chips) 
Seat 3: FACUMDP ($56.60 in chips) 
Seat 4: rich138 ($35.15 in chips) 
Seat 5: Figol ($75.25 in chips) 
Seat 6: markwin11 ($50 in chips) 
Seat 7: 3LETSBATTLE3 ($14.75 in chips) 
Seat 8: Alameda22 ($77.15 in chips) 
Seat 9: nickianthony ($31.25 in chips) 
Alameda22: posts small blind $0.25
nickianthony: posts big blind $0.50
*** HOLE CARDS ***
Dealt to Alameda22 [4d 5d]
dwq2300: calls $0.50
kiryxins: folds 
FACUMDP: folds 
rich138: folds 
Figol: folds 
markwin11: folds 
3LETSBATTLE3: folds 
Alameda22: folds 
nickianthony: checks 
*** FLOP *** [5h 8h Th]
nickianthony: checks 
dwq2300: bets $1
nickianthony: folds 
Uncalled bet ($1) returned to dwq2300
dwq2300 collected $1.20 from pot
dwq2300: doesn't show hand 
*** SUMMARY ***
Total pot $1.25 | Rake $0.05 
Board [5h 8h Th]
Seat 1: dwq2300 collected ($1.20)
Seat 2: kiryxins folded before Flop (didn't bet)
Seat 3: FACUMDP folded before Flop (didn't bet)
Seat 4: rich138 folded before Flop (didn't bet)
Seat 5: Figol folded before Flop (didn't bet)
Seat 6: markwin11 folded before Flop (didn't bet)
Seat 7: 3LETSBATTLE3 (button) folded before Flop (didn't bet)
Seat 8: Alameda22 (small blind) folded before Flop
Seat 9: nickianthony (big blind) folded on the Flop



PokerStars Game #20155975076:  Hold'em No Limit ($0.25/$0.50) - 2008/09/04 23:42:45 ET
Table 'Stobbe II' 9-max Seat #8 is the button
Seat 2: kiryxins ($10 in chips) 
Seat 3: FACUMDP ($56.60 in chips) 
Seat 4: rich138 ($35.15 in chips) 
Seat 5: Figol ($75.25 in chips) 
Seat 6: markwin11 ($50 in chips) 
Seat 7: 3LETSBATTLE3 ($14.75 in chips) 
Seat 8: Alameda22 ($76.90 in chips) 
Seat 9: nickianthony ($30.75 in chips) 
nickianthony: posts small blind $0.25
dwq2300: is sitting out 
dwq2300 leaves the table
kiryxins: posts big blind $0.50
*** HOLE CARDS ***
Dealt to Alameda22 [7h 6c]
FACUMDP: folds 
rich138: folds 
Figol: folds 
markwin11: folds 
3LETSBATTLE3: calls $0.50
Alameda22: folds 
nickianthony: folds 
kiryxins: checks 
*** FLOP *** [5s Ts Ac]
kiryxins: checks 
3LETSBATTLE3: bets $1.50
kiryxins: folds 
Uncalled bet ($1.50) returned to 3LETSBATTLE3
3LETSBATTLE3 collected $1.20 from pot
*** SUMMARY ***
Total pot $1.25 | Rake $0.05 
Board [5s Ts Ac]
Seat 2: kiryxins (big blind) folded on the Flop
Seat 3: FACUMDP folded before Flop (didn't bet)
Seat 4: rich138 folded before Flop (didn't bet)
Seat 5: Figol folded before Flop (didn't bet)
Seat 6: markwin11 folded before Flop (didn't bet)
Seat 7: 3LETSBATTLE3 collected ($1.20)
Seat 8: Alameda22 (button) folded before Flop (didn't bet)
Seat 9: nickianthony (small blind) folded before Flop



PokerStars Game #20155998544:  Hold'em No Limit ($0.25/$0.50) - 2008/09/04 23:44:00 ET
Table 'Stobbe II' 9-max Seat #9 is the button
Seat 2: kiryxins ($9.50 in chips) 
Seat 3: FACUMDP ($56.60 in chips) 
Seat 4: rich138 ($35.15 in chips) 
Seat 5: Figol ($75.25 in chips) 
Seat 6: markwin11 ($50 in chips) 
Seat 7: 3LETSBATTLE3 ($15.45 in chips) 
Seat 8: Alameda22 ($76.90 in chips) 
Seat 9: nickianthony ($30.50 in chips) 
kiryxins: posts small blind $0.25
FACUMDP: posts big blind $0.50
*** HOLE CARDS ***
Dealt to Alameda22 [Th 6s]
rich138: folds 
Figol: folds 
rich138 leaves the table
markwin11: folds 
3LETSBATTLE3: folds 
Alameda22: folds 
nickianthony: folds 
kiryxins: folds 
Uncalled bet ($0.25) returned to FACUMDP
FACUMDP collected $0.50 from pot
FACUMDP: doesn't show hand 
*** SUMMARY ***
Total pot $0.50 | Rake $0 
Seat 2: kiryxins (small blind) folded before Flop
Seat 3: FACUMDP (big blind) collected ($0.50)
Seat 4: rich138 folded before Flop (didn't bet)
Seat 5: Figol folded before Flop (didn't bet)
Seat 6: markwin11 folded before Flop (didn't bet)
Seat 7: 3LETSBATTLE3 folded before Flop (didn't bet)
Seat 8: Alameda22 folded before Flop (didn't bet)
Seat 9: nickianthony (button) folded before Flop (didn't bet)



PokerStars Game #20156009159:  Hold'em No Limit ($0.25/$0.50) - 2008/09/04 23:44:34 ET
Table 'Stobbe II' 9-max Seat #2 is the button
Seat 2: kiryxins ($9.25 in chips) 
Seat 3: FACUMDP ($56.85 in chips) 
Seat 5: Figol ($75.25 in chips) 
Seat 6: markwin11 ($50 in chips) 
Seat 7: 3LETSBATTLE3 ($15.45 in chips) 
Seat 8: Alameda22 ($76.90 in chips) 
Seat 9: nickianthony ($30.50 in chips) 
FACUMDP: posts small blind $0.25
Figol: posts big blind $0.50
*** HOLE CARDS ***
Dealt to Alameda22 [As 6s]
jmk0721 joins the table at seat #4 
markwin11: raises $1 to $1.50
3LETSBATTLE3: folds 
Alameda22: folds 
DirtySteev joins the table at seat #1 
nickianthony: folds 
kiryxins: folds 
FACUMDP: folds 
Figol: calls $1
*** FLOP *** [2s 9c 4h]
Figol: checks 
markwin11: bets $2
Figol: raises $5 to $7
markwin11: folds 
Uncalled bet ($5) returned to Figol
Figol collected $6.90 from pot
Figol: doesn't show hand 
*** SUMMARY ***
Total pot $7.25 | Rake $0.35 
Board [2s 9c 4h]
Seat 2: kiryxins (button) folded before Flop (didn't bet)
Seat 3: FACUMDP (small blind) folded before Flop
Seat 5: Figol (big blind) collected ($6.90)
Seat 6: markwin11 folded on the Flop
Seat 7: 3LETSBATTLE3 folded before Flop (didn't bet)
Seat 8: Alameda22 folded before Flop (didn't bet)
Seat 9: nickianthony folded before Flop (didn't bet)



PokerStars Game #20156043591:  Hold'em No Limit ($0.25/$0.50) - 2008/09/04 23:46:24 ET
Table 'Stobbe II' 9-max Seat #3 is the button
Seat 2: kiryxins ($9.25 in chips) 
Seat 3: FACUMDP ($56.60 in chips) 
Seat 5: Figol ($78.65 in chips) 
Seat 7: 3LETSBATTLE3 ($15.45 in chips) 
Seat 8: Alameda22 ($76.90 in chips) 
Seat 9: nickianthony ($30.50 in chips) 
jmk0721 will be allowed to play after the button
Figol: posts small blind $0.25
markwin11: is sitting out 
markwin11 leaves the table
3LETSBATTLE3: posts big blind $0.50
DirtySteev: sits out 
*** HOLE CARDS ***
Dealt to Alameda22 [3h 4d]
DirtySteev leaves the table
Alameda22: folds 
tomchap joins the table at seat #6 
nickianthony: folds 
kiryxins: folds 
FACUMDP: folds 
Figol: folds 
Uncalled bet ($0.25) returned to 3LETSBATTLE3
3LETSBATTLE3 collected $0.50 from pot
*** SUMMARY ***
Total pot $0.50 | Rake $0 
Seat 2: kiryxins folded before Flop (didn't bet)
Seat 3: FACUMDP (button) folded before Flop (didn't bet)
Seat 5: Figol (small blind) folded before Flop
Seat 7: 3LETSBATTLE3 (big blind) collected ($0.50)
Seat 8: Alameda22 folded before Flop (didn't bet)
Seat 9: nickianthony folded before Flop (didn't bet)



PokerStars Game #20156062426:  Hold'em No Limit ($0.25/$0.50) - 2008/09/04 23:47:24 ET
Table 'Stobbe II' 9-max Seat #5 is the button
Seat 2: kiryxins ($9.25 in chips) 
Seat 3: FACUMDP ($56.60 in chips) 
Seat 4: jmk0721 ($30 in chips) 
Seat 5: Figol ($78.40 in chips) 
Seat 7: 3LETSBATTLE3 ($15.70 in chips) 
Seat 8: Alameda22 ($76.90 in chips) 
Seat 9: nickianthony ($30.50 in chips) 
tomchap will be allowed to play after the button
3LETSBATTLE3: posts small blind $0.25
Alameda22: posts big blind $0.50
jmk0721: posts big blind $0.50
*** HOLE CARDS ***
Dealt to Alameda22 [2d 5s]
nickianthony: raises $2 to $2.50
kiryxins: folds 
FACUMDP: folds 
jmk0721: folds 
Figol: folds 
3LETSBATTLE3: calls $2.25
Alameda22: folds 
*** FLOP *** [5c 3c Jh]
3LETSBATTLE3: checks 
EnderFFX joins the table at seat #1 
nickianthony: checks 
*** TURN *** [5c 3c Jh] [4h]
3LETSBATTLE3: bets $3.50
nickianthony: folds 
Uncalled bet ($3.50) returned to 3LETSBATTLE3
nickianthony is sitting out
3LETSBATTLE3 collected $5.70 from pot
*** SUMMARY ***
Total pot $6 | Rake $0.30 
Board [5c 3c Jh 4h]
Seat 2: kiryxins folded before Flop (didn't bet)
Seat 3: FACUMDP folded before Flop (didn't bet)
Seat 4: jmk0721 folded before Flop
Seat 5: Figol (button) folded before Flop (didn't bet)
Seat 7: 3LETSBATTLE3 (small blind) collected ($5.70)
Seat 8: Alameda22 (big blind) folded before Flop
Seat 9: nickianthony folded on the Turn



PokerStars Game #20156089221:  Hold'em No Limit ($0.25/$0.50) - 2008/09/04 23:48:50 ET
Table 'Stobbe II' 9-max Seat #7 is the button
Seat 1: EnderFFX ($10 in chips) 
Seat 2: kiryxins ($9.25 in chips) 
Seat 3: FACUMDP ($56.60 in chips) 
Seat 4: jmk0721 ($29.50 in chips) 
Seat 5: Figol ($78.40 in chips) 
Seat 6: tomchap ($50 in chips) 
Seat 7: 3LETSBATTLE3 ($18.90 in chips) 
Seat 8: Alameda22 ($76.40 in chips) 
Alameda22: posts small blind $0.25
EnderFFX: posts big blind $0.50
tomchap: posts big blind $0.50
*** HOLE CARDS ***
Dealt to Alameda22 [7c 4d]
kiryxins: folds 
FACUMDP: folds 
jmk0721: calls $0.50
Figol: folds 
tomchap: checks 
3LETSBATTLE3: calls $0.50
Alameda22: folds 
EnderFFX: checks 
*** FLOP *** [2c Jh As]
EnderFFX: checks 
jmk0721: checks 
tomchap: checks 
3LETSBATTLE3: bets $1.50
EnderFFX: calls $1.50
jmk0721: folds 
tomchap: folds 
*** TURN *** [2c Jh As] [9d]
EnderFFX: checks 
3LETSBATTLE3: bets $3
EnderFFX: raises $5 to $8 and is all-in
3LETSBATTLE3: folds 
Uncalled bet ($5) returned to EnderFFX
EnderFFX collected $10.70 from pot
EnderFFX: doesn't show hand 
*** SUMMARY ***
Total pot $11.25 | Rake $0.55 
Board [2c Jh As 9d]
Seat 1: EnderFFX (big blind) collected ($10.70)
Seat 2: kiryxins folded before Flop (didn't bet)
Seat 3: FACUMDP folded before Flop (didn't bet)
Seat 4: jmk0721 folded on the Flop
Seat 5: Figol folded before Flop (didn't bet)
Seat 6: tomchap folded on the Flop
Seat 7: 3LETSBATTLE3 (button) folded on the Turn
Seat 8: Alameda22 (small blind) folded before Flop



PokerStars Game #20156132195:  Hold'em No Limit ($0.25/$0.50) - 2008/09/04 23:51:09 ET
Table 'Stobbe II' 9-max Seat #8 is the button
Seat 1: EnderFFX ($15.70 in chips) 
Seat 2: kiryxins ($9.25 in chips) 
Seat 3: FACUMDP ($56.60 in chips) 
Seat 4: jmk0721 ($29 in chips) 
Seat 5: Figol ($78.40 in chips) 
Seat 6: tomchap ($49.50 in chips) 
Seat 7: 3LETSBATTLE3 ($13.90 in chips) 
Seat 8: Alameda22 ($76.15 in chips) 
EnderFFX: posts small blind $0.25
kiryxins: posts big blind $0.50
*** HOLE CARDS ***
Dealt to Alameda22 [5s As]
FACUMDP: folds 
jmk0721: folds 
Figol: folds 
tomchap: folds 
3LETSBATTLE3: folds 
Alameda22: folds 
EnderFFX: folds 
Uncalled bet ($0.25) returned to kiryxins
EnderFFX leaves the table
kiryxins collected $0.50 from pot
kiryxins: doesn't show hand 
*** SUMMARY ***
Total pot $0.50 | Rake $0 
Seat 1: EnderFFX (small blind) folded before Flop
Seat 2: kiryxins (big blind) collected ($0.50)
Seat 3: FACUMDP folded before Flop (didn't bet)
Seat 4: jmk0721 folded before Flop (didn't bet)
Seat 5: Figol folded before Flop (didn't bet)
Seat 6: tomchap folded before Flop (didn't bet)
Seat 7: 3LETSBATTLE3 folded before Flop (didn't bet)
Seat 8: Alameda22 (button) folded before Flop (didn't bet)



PokerStars Game #20156145465:  Hold'em No Limit ($0.25/$0.50) - 2008/09/04 23:51:52 ET
Table 'Stobbe II' 9-max Seat #2 is the button
Seat 2: kiryxins ($9.50 in chips) 
Seat 3: FACUMDP ($56.60 in chips) 
Seat 4: jmk0721 ($29 in chips) 
Seat 5: Figol ($78.40 in chips) 
Seat 6: tomchap ($49.50 in chips) 
Seat 7: 3LETSBATTLE3 ($13.90 in chips) 
Seat 8: Alameda22 ($76.15 in chips) 
FACUMDP: posts small blind $0.25
jmk0721: posts big blind $0.50
*** HOLE CARDS ***
Dealt to Alameda22 [Kc 7s]
Figol: folds 
tomchap: folds 
3LETSBATTLE3: folds 
Alameda22: folds 
kiryxins: raises $1.50 to $2
FACUMDP: folds 
jmk0721: folds 
Uncalled bet ($1.50) returned to kiryxins
kiryxins collected $1.25 from pot
*** SUMMARY ***
Total pot $1.25 | Rake $0 
Seat 2: kiryxins (button) collected ($1.25)
Seat 3: FACUMDP (small blind) folded before Flop
Seat 4: jmk0721 (big blind) folded before Flop
Seat 5: Figol folded before Flop (didn't bet)
Seat 6: tomchap folded before Flop (didn't bet)
Seat 7: 3LETSBATTLE3 folded before Flop (didn't bet)
Seat 8: Alameda22 folded before Flop (didn't bet)



PokerStars Game #20156162015:  Hold'em No Limit ($0.25/$0.50) - 2008/09/04 23:52:46 ET
Table 'Stobbe II' 9-max Seat #3 is the button
Seat 2: kiryxins ($10.25 in chips) 
Seat 3: FACUMDP ($56.35 in chips) 
Seat 4: jmk0721 ($28.50 in chips) 
Seat 5: Figol ($78.40 in chips) 
Seat 6: tomchap ($49.50 in chips) 
Seat 7: 3LETSBATTLE3 ($13.90 in chips) 
Seat 8: Alameda22 ($76.15 in chips) 
jmk0721: posts small blind $0.25
Figol: posts big blind $0.50
*** HOLE CARDS ***
Dealt to Alameda22 [Kc 3d]
tomchap: folds 
3LETSBATTLE3: raises $1 to $1.50
Alameda22: folds 
kiryxins: folds 
FACUMDP: raises $2 to $3.50
jmk0721: folds 
Figol: folds 
3LETSBATTLE3: calls $2
*** FLOP *** [3s 5h Ts]
3LETSBATTLE3: checks 
FACUMDP: bets $3
3LETSBATTLE3: folds 
Uncalled bet ($3) returned to FACUMDP
FACUMDP collected $7.40 from pot
FACUMDP: doesn't show hand 
*** SUMMARY ***
Total pot $7.75 | Rake $0.35 
Board [3s 5h Ts]
Seat 2: kiryxins folded before Flop (didn't bet)
Seat 3: FACUMDP (button) collected ($7.40)
Seat 4: jmk0721 (small blind) folded before Flop
Seat 5: Figol (big blind) folded before Flop
Seat 6: tomchap folded before Flop (didn't bet)
Seat 7: 3LETSBATTLE3 folded on the Flop
Seat 8: Alameda22 folded before Flop (didn't bet)



PokerStars Game #20156183491:  Hold'em No Limit ($0.25/$0.50) - 2008/09/04 23:53:56 ET
Table 'Stobbe II' 9-max Seat #4 is the button
Seat 2: kiryxins ($10.25 in chips) 
Seat 3: FACUMDP ($60.25 in chips) 
Seat 4: jmk0721 ($28.25 in chips) 
Seat 5: Figol ($77.90 in chips) 
Seat 6: tomchap ($49.50 in chips) 
Seat 7: 3LETSBATTLE3 ($10.40 in chips) 
Seat 8: Alameda22 ($76.15 in chips) 
Figol: posts small blind $0.25
tomchap: posts big blind $0.50
*** HOLE CARDS ***
Dealt to Alameda22 [4h Qh]
3LETSBATTLE3: calls $0.50
Alameda22: folds 
kiryxins: folds 
FACUMDP: folds 
jmk0721: folds 
Figol: calls $0.25
tomchap: raises $1.50 to $2
3LETSBATTLE3: calls $1.50
Figol: calls $1.50
*** FLOP *** [Jd As Td]
Figol: checks 
tomchap: bets $3.50
3LETSBATTLE3: raises $3.50 to $7
Figol: folds 
tomchap: calls $3.50
*** TURN *** [Jd As Td] [6s]
tomchap: checks 
3LETSBATTLE3: bets $1.40 and is all-in
tomchap: calls $1.40
*** RIVER *** [Jd As Td 6s] [4c]
*** SHOW DOWN ***
tomchap: shows [Kd Kh] (a pair of Kings)
3LETSBATTLE3: shows [Ah 9s] (a pair of Aces)
3LETSBATTLE3 collected $21.75 from pot
Chrisinjo joins the table at seat #1 
Chrisinjo is sitting out
*** SUMMARY ***
Total pot $22.80 | Rake $1.05 
Board [Jd As Td 6s 4c]
Seat 2: kiryxins folded before Flop (didn't bet)
Seat 3: FACUMDP folded before Flop (didn't bet)
Seat 4: jmk0721 (button) folded before Flop (didn't bet)
Seat 5: Figol (small blind) folded on the Flop
Seat 6: tomchap (big blind) showed [Kd Kh] and lost with a pair of Kings
Seat 7: 3LETSBATTLE3 showed [Ah 9s] and won ($21.75) with a pair of Aces
Seat 8: Alameda22 folded before Flop (didn't bet)



PokerStars Game #20156210347:  Hold'em No Limit ($0.25/$0.50) - 2008/09/04 23:55:24 ET
Table 'Stobbe II' 9-max Seat #5 is the button
Seat 2: kiryxins ($10.25 in chips) 
Seat 3: FACUMDP ($60.25 in chips) 
Seat 4: jmk0721 ($28.25 in chips) 
Seat 5: Figol ($75.90 in chips) 
Seat 6: tomchap ($39.10 in chips) 
Seat 7: 3LETSBATTLE3 ($21.75 in chips) 
Seat 8: Alameda22 ($76.15 in chips) 
tomchap: posts small blind $0.25
3LETSBATTLE3: posts big blind $0.50
*** HOLE CARDS ***
Dealt to Alameda22 [9s Qd]
Alameda22: folds 
kiryxins: folds 
FACUMDP: folds 
jmk0721: folds 
Figol: raises $1.50 to $2
tomchap: calls $1.75
3LETSBATTLE3: folds 
*** FLOP *** [Td 8d Kh]
tomchap: checks 
Figol: checks 
*** TURN *** [Td 8d Kh] [5h]
nickianthony leaves the table
tomchap: bets $4
Figol: raises $6 to $10
tomchap: calls $6
*** RIVER *** [Td 8d Kh 5h] [Ks]
tomchap: bets $19
Figol: raises $19 to $38
tomchap: calls $8.10 and is all-in
Uncalled bet ($10.90) returned to Figol
*** SHOW DOWN ***
Figol: shows [5c 5d] (a full house, Fives full of Kings)
tomchap: mucks hand 
Figol collected $75.70 from pot
*** SUMMARY ***
Total pot $78.70 | Rake $3 
Board [Td 8d Kh 5h Ks]
Seat 2: kiryxins folded before Flop (didn't bet)
Seat 3: FACUMDP folded before Flop (didn't bet)
Seat 4: jmk0721 folded before Flop (didn't bet)
Seat 5: Figol (button) showed [5c 5d] and won ($75.70) with a full house, Fives full of Kings
Seat 6: tomchap (small blind) mucked [Ad Kc]
Seat 7: 3LETSBATTLE3 (big blind) folded before Flop
Seat 8: Alameda22 folded before Flop (didn't bet)



PokerStars Game #20156233847:  Hold'em No Limit ($0.25/$0.50) - 2008/09/04 23:56:41 ET
Table 'Stobbe II' 9-max Seat #6 is the button
Seat 2: kiryxins ($10.25 in chips) 
Seat 3: FACUMDP ($60.25 in chips) 
Seat 4: jmk0721 ($28.25 in chips) 
Seat 5: Figol ($112.50 in chips) 
Seat 6: tomchap ($12.90 in chips) 
Seat 7: 3LETSBATTLE3 ($21.25 in chips) 
Seat 8: Alameda22 ($76.15 in chips) 
3LETSBATTLE3: posts small blind $0.25
Alameda22: posts big blind $0.50
*** HOLE CARDS ***
Dealt to Alameda22 [7h 7d]
jojoeyjojojr joins the table at seat #9 
kiryxins: folds 
FACUMDP: folds 
jmk0721: calls $0.50
Figol: folds 
tomchap said, "wow nice catch"
tomchap: folds 
3LETSBATTLE3: calls $0.25
Alameda22: checks 
*** FLOP *** [3h As Js]
3LETSBATTLE3: bets $1
Alameda22: folds 
jmk0721: calls $1
*** TURN *** [3h As Js] [Ts]
3LETSBATTLE3: bets $1
jmk0721: calls $1
*** RIVER *** [3h As Js Ts] [7c]
3LETSBATTLE3: checks 
jmk0721: checks 
*** SHOW DOWN ***
3LETSBATTLE3: shows [8d Ac] (a pair of Aces)
jmk0721: mucks hand 
3LETSBATTLE3 collected $5.25 from pot
*** SUMMARY ***
Total pot $5.50 | Rake $0.25 
Board [3h As Js Ts 7c]
Seat 2: kiryxins folded before Flop (didn't bet)
Seat 3: FACUMDP folded before Flop (didn't bet)
Seat 4: jmk0721 mucked [Td Ks]
Seat 5: Figol folded before Flop (didn't bet)
Seat 6: tomchap (button) folded before Flop (didn't bet)
Seat 7: 3LETSBATTLE3 (small blind) showed [8d Ac] and won ($5.25) with a pair of Aces
Seat 8: Alameda22 (big blind) folded on the Flop



PokerStars Game #20156256616:  Hold'em No Limit ($0.25/$0.50) - 2008/09/04 23:57:56 ET
Table 'Stobbe II' 9-max Seat #7 is the button
Seat 2: kiryxins ($10.25 in chips) 
Seat 3: FACUMDP ($60.25 in chips) 
Seat 4: jmk0721 ($25.75 in chips) 
Seat 5: Figol ($112.50 in chips) 
Seat 6: tomchap ($50 in chips) 
Seat 7: 3LETSBATTLE3 ($24 in chips) 
Seat 8: Alameda22 ($75.65 in chips) 
Seat 9: jojoeyjojojr ($50 in chips) 
Alameda22: posts small blind $0.25
jojoeyjojojr: posts big blind $0.50
*** HOLE CARDS ***
Dealt to Alameda22 [8h 7c]
kiryxins: folds 
FACUMDP: folds 
jmk0721: raises $1 to $1.50
Figol: folds 
tomchap: folds 
3LETSBATTLE3: folds 
Alameda22: folds 
jojoeyjojojr: raises $3.50 to $5
jmk0721: calls $3.50
*** FLOP *** [7d 8d 9d]
jojoeyjojojr: bets $5
jmk0721: raises $7 to $12
jojoeyjojojr: raises $7 to $19
jmk0721: raises $1.75 to $20.75 and is all-in
jojoeyjojojr: calls $1.75
*** TURN *** [7d 8d 9d] [2d]
*** RIVER *** [7d 8d 9d 2d] [6c]
*** SHOW DOWN ***
jojoeyjojojr: shows [Ad As] (a flush, Ace high)
jmk0721: mucks hand 
jojoeyjojojr collected $49.20 from pot
*** SUMMARY ***
Total pot $51.75 | Rake $2.55 
Board [7d 8d 9d 2d 6c]
Seat 2: kiryxins folded before Flop (didn't bet)
Seat 3: FACUMDP folded before Flop (didn't bet)
Seat 4: jmk0721 mucked [Kh Ks]
Seat 5: Figol folded before Flop (didn't bet)
Seat 6: tomchap folded before Flop (didn't bet)
Seat 7: 3LETSBATTLE3 (button) folded before Flop (didn't bet)
Seat 8: Alameda22 (small blind) folded before Flop
Seat 9: jojoeyjojojr (big blind) showed [Ad As] and won ($49.20) with a flush, Ace high



PokerStars Game #20156281447:  Hold'em No Limit ($0.25/$0.50) - 2008/09/04 23:59:18 ET
Table 'Stobbe II' 9-max Seat #8 is the button
Seat 3: FACUMDP ($60.25 in chips) 
Seat 5: Figol ($112.50 in chips) 
Seat 6: tomchap ($50 in chips) 
Seat 7: 3LETSBATTLE3 ($24 in chips) 
Seat 8: Alameda22 ($75.40 in chips) 
Seat 9: jojoeyjojojr ($73.45 in chips) 
jojoeyjojojr: posts small blind $0.25
jmk0721 leaves the table
kiryxins: is sitting out 
FACUMDP: posts big blind $0.50
*** HOLE CARDS ***
Dealt to Alameda22 [2c 3h]
Figol: folds 
tomchap: folds 
3LETSBATTLE3: raises $1 to $1.50
Alameda22: folds 
jojoeyjojojr: folds 
FACUMDP: folds 
Uncalled bet ($1) returned to 3LETSBATTLE3
3LETSBATTLE3 collected $1.25 from pot
*** SUMMARY ***
Total pot $1.25 | Rake $0 
Seat 3: FACUMDP (big blind) folded before Flop
Seat 5: Figol folded before Flop (didn't bet)
Seat 6: tomchap folded before Flop (didn't bet)
Seat 7: 3LETSBATTLE3 collected ($1.25)
Seat 8: Alameda22 (button) folded before Flop (didn't bet)
Seat 9: jojoeyjojojr (small blind) folded before Flop



