PokerStars Game #19969773676:  Hold'em No Limit ($0.10/$0.25) - 2008/08/28 - 16:20:06 (ET)
Table 'Ocllo II' 9-max Seat #1 is the button
Seat 1: Gousdaye ($29.75 in chips) 
Seat 2: erwin cash ($7.40 in chips) 
Seat 3: Alameda22 ($25 in chips) 
Seat 4: alfonsawberg ($11.05 in chips) 
Seat 5: CityAngel77 ($29.10 in chips) 
Seat 6: minesh7235 ($7.95 in chips) 
Seat 7: JensFl-01 ($4.75 in chips) 
Seat 8: Askare ($21.90 in chips) 
Seat 9: Dester20 ($4.30 in chips) 
erwin cash: posts small blind $0.10
Alameda22: posts big blind $0.25
*** HOLE CARDS ***
Dealt to Alameda22 [Ts 3c]
alfonsawberg: folds 
CityAngel77: raises $0.50 to $0.75
minesh7235: calls $0.75
JensFl-01: folds 
Askare: folds 
Dester20: folds 
Gousdaye: folds 
erwin cash: folds 
Alameda22: folds 
*** FLOP *** [Qh Ah Kh]
CityAngel77: bets $1.50
minesh7235: calls $1.50
*** TURN *** [Qh Ah Kh] [Qd]
CityAngel77: bets $1
minesh7235: calls $1
*** RIVER *** [Qh Ah Kh Qd] [Qs]
CityAngel77: bets $1
minesh7235: calls $1
*** SHOW DOWN ***
CityAngel77: shows [Kd Ac] (a full house, Queens full of Aces)
minesh7235: mucks hand 
CityAngel77 collected $8.45 from pot
*** SUMMARY ***
Total pot $8.85 | Rake $0.40 
Board [Qh Ah Kh Qd Qs]
Seat 1: Gousdaye (button) folded before Flop (didn't bet)
Seat 2: erwin cash (small blind) folded before Flop
Seat 3: Alameda22 (big blind) folded before Flop
Seat 4: alfonsawberg folded before Flop (didn't bet)
Seat 5: CityAngel77 showed [Kd Ac] and won ($8.45) with a full house, Queens full of Aces
Seat 6: minesh7235 mucked [6s Js]
Seat 7: JensFl-01 folded before Flop (didn't bet)
Seat 8: Askare folded before Flop (didn't bet)
Seat 9: Dester20 folded before Flop (didn't bet)



PokerStars Game #19969805992:  Hold'em No Limit ($0.10/$0.25) - 2008/08/28 - 16:21:24 (ET)
Table 'Ocllo II' 9-max Seat #2 is the button
Seat 1: Gousdaye ($29.75 in chips) 
Seat 2: erwin cash ($7.30 in chips) 
Seat 3: Alameda22 ($24.75 in chips) 
Seat 4: alfonsawberg ($11.05 in chips) 
Seat 5: CityAngel77 ($33.30 in chips) 
Seat 6: minesh7235 ($3.70 in chips) 
Seat 7: JensFl-01 ($4.75 in chips) 
Seat 8: Askare ($21.90 in chips) 
Seat 9: Dester20 ($4.30 in chips) 
Alameda22: posts small blind $0.10
alfonsawberg: posts big blind $0.25
*** HOLE CARDS ***
Dealt to Alameda22 [Ad Th]
CityAngel77: calls $0.25
minesh7235: folds 
JensFl-01: folds 
Askare: folds 
Dester20: folds 
Gousdaye: raises $0.50 to $0.75
erwin cash: folds 
Alameda22: folds 
alfonsawberg: folds 
CityAngel77: calls $0.50
*** FLOP *** [Tc 8d 3h]
CityAngel77: bets $0.75
Gousdaye: folds 
Uncalled bet ($0.75) returned to CityAngel77
CityAngel77 collected $1.80 from pot
CityAngel77: doesn't show hand 
*** SUMMARY ***
Total pot $1.85 | Rake $0.05 
Board [Tc 8d 3h]
Seat 1: Gousdaye folded on the Flop
Seat 2: erwin cash (button) folded before Flop (didn't bet)
Seat 3: Alameda22 (small blind) folded before Flop
Seat 4: alfonsawberg (big blind) folded before Flop
Seat 5: CityAngel77 collected ($1.80)
Seat 6: minesh7235 folded before Flop (didn't bet)
Seat 7: JensFl-01 folded before Flop (didn't bet)
Seat 8: Askare folded before Flop (didn't bet)
Seat 9: Dester20 folded before Flop (didn't bet)



PokerStars Game #19969823173:  Hold'em No Limit ($0.10/$0.25) - 2008/08/28 - 16:22:04 (ET)
Table 'Ocllo II' 9-max Seat #3 is the button
Seat 1: Gousdaye ($29 in chips) 
Seat 2: erwin cash ($7.30 in chips) 
Seat 3: Alameda22 ($24.65 in chips) 
Seat 4: alfonsawberg ($10.80 in chips) 
Seat 5: CityAngel77 ($34.35 in chips) 
Seat 6: minesh7235 ($3.70 in chips) 
Seat 7: JensFl-01 ($4.75 in chips) 
Seat 8: Askare ($21.90 in chips) 
Seat 9: Dester20 ($4.30 in chips) 
alfonsawberg: posts small blind $0.10
CityAngel77: posts big blind $0.25
*** HOLE CARDS ***
Dealt to Alameda22 [Js 3h]
minesh7235: folds 
JensFl-01: calls $0.25
Askare: folds 
Dester20: folds 
Gousdaye: calls $0.25
erwin cash: folds 
Alameda22: folds 
alfonsawberg: calls $0.15
CityAngel77: checks 
*** FLOP *** [7d 2d Tc]
alfonsawberg: checks 
CityAngel77: bets $0.50
JensFl-01: folds 
Gousdaye: calls $0.50
alfonsawberg: folds 
*** TURN *** [7d 2d Tc] [3c]
CityAngel77: bets $0.50
Gousdaye: calls $0.50
*** RIVER *** [7d 2d Tc 3c] [Ks]
CityAngel77: checks 
Gousdaye: checks 
*** SHOW DOWN ***
CityAngel77: shows [5h Ad] (high card Ace)
Gousdaye: shows [9d 9c] (a pair of Nines)
Gousdaye collected $2.90 from pot
*** SUMMARY ***
Total pot $3 | Rake $0.10 
Board [7d 2d Tc 3c Ks]
Seat 1: Gousdaye showed [9d 9c] and won ($2.90) with a pair of Nines
Seat 2: erwin cash folded before Flop (didn't bet)
Seat 3: Alameda22 (button) folded before Flop (didn't bet)
Seat 4: alfonsawberg (small blind) folded on the Flop
Seat 5: CityAngel77 (big blind) showed [5h Ad] and lost with high card Ace
Seat 6: minesh7235 folded before Flop (didn't bet)
Seat 7: JensFl-01 folded on the Flop
Seat 8: Askare folded before Flop (didn't bet)
Seat 9: Dester20 folded before Flop (didn't bet)



PokerStars Game #19969865598:  Hold'em No Limit ($0.10/$0.25) - 2008/08/28 - 16:23:47 (ET)
Table 'Ocllo II' 9-max Seat #4 is the button
Seat 1: Gousdaye ($30.65 in chips) 
Seat 2: erwin cash ($7.30 in chips) 
Seat 3: Alameda22 ($24.65 in chips) 
Seat 4: alfonsawberg ($10.55 in chips) 
Seat 5: CityAngel77 ($33.10 in chips) 
Seat 6: minesh7235 ($3.70 in chips) 
Seat 7: JensFl-01 ($4.50 in chips) 
Seat 8: Askare ($21.90 in chips) 
Seat 9: Dester20 ($4.30 in chips) 
CityAngel77: posts small blind $0.10
minesh7235: posts big blind $0.25
*** HOLE CARDS ***
Dealt to Alameda22 [Td Qd]
JensFl-01: folds 
Askare: folds 
Dester20: folds 
Gousdaye: folds 
erwin cash: folds 
Alameda22: folds 
alfonsawberg: folds 
CityAngel77: calls $0.15
minesh7235: checks 
*** FLOP *** [Jd 9c Tc]
CityAngel77: bets $0.50
minesh7235: calls $0.50
*** TURN *** [Jd 9c Tc] [7d]
CityAngel77: bets $0.75
minesh7235: raises $2 to $2.75
CityAngel77: calls $2
*** RIVER *** [Jd 9c Tc 7d] [Th]
CityAngel77: checks 
minesh7235: bets $0.20 and is all-in
CityAngel77: calls $0.20
*** SHOW DOWN ***
minesh7235: shows [8s 4s] (a straight, Seven to Jack)
CityAngel77: mucks hand 
minesh7235 collected $7.05 from pot
*** SUMMARY ***
Total pot $7.40 | Rake $0.35 
Board [Jd 9c Tc 7d Th]
Seat 1: Gousdaye folded before Flop (didn't bet)
Seat 2: erwin cash folded before Flop (didn't bet)
Seat 3: Alameda22 folded before Flop (didn't bet)
Seat 4: alfonsawberg (button) folded before Flop (didn't bet)
Seat 5: CityAngel77 (small blind) mucked [Jc 5h]
Seat 6: minesh7235 (big blind) showed [8s 4s] and won ($7.05) with a straight, Seven to Jack
Seat 7: JensFl-01 folded before Flop (didn't bet)
Seat 8: Askare folded before Flop (didn't bet)
Seat 9: Dester20 folded before Flop (didn't bet)



PokerStars Game #19969889963:  Hold'em No Limit ($0.10/$0.25) - 2008/08/28 - 16:24:45 (ET)
Table 'Ocllo II' 9-max Seat #5 is the button
Seat 1: Gousdaye ($30.65 in chips) 
Seat 2: erwin cash ($7.30 in chips) 
Seat 3: Alameda22 ($24.65 in chips) 
Seat 4: alfonsawberg ($10.55 in chips) 
Seat 5: CityAngel77 ($29.40 in chips) 
Seat 6: minesh7235 ($7.05 in chips) 
Seat 7: JensFl-01 ($4.50 in chips) 
Seat 8: Askare ($21.90 in chips) 
Seat 9: Dester20 ($4.30 in chips) 
minesh7235: posts small blind $0.10
JensFl-01: posts big blind $0.25
*** HOLE CARDS ***
Dealt to Alameda22 [2d As]
Askare: folds 
Dester20: folds 
Gousdaye: folds 
erwin cash: folds 
Alameda22: folds 
alfonsawberg: folds 
CityAngel77: folds 
minesh7235: calls $0.15
JensFl-01: checks 
*** FLOP *** [Qc 7d Ah]
minesh7235: bets $0.50
JensFl-01: calls $0.50
*** TURN *** [Qc 7d Ah] [Jh]
minesh7235: bets $0.75
JensFl-01: folds 
Uncalled bet ($0.75) returned to minesh7235
minesh7235 collected $1.45 from pot
minesh7235: doesn't show hand 
*** SUMMARY ***
Total pot $1.50 | Rake $0.05 
Board [Qc 7d Ah Jh]
Seat 1: Gousdaye folded before Flop (didn't bet)
Seat 2: erwin cash folded before Flop (didn't bet)
Seat 3: Alameda22 folded before Flop (didn't bet)
Seat 4: alfonsawberg folded before Flop (didn't bet)
Seat 5: CityAngel77 (button) folded before Flop (didn't bet)
Seat 6: minesh7235 (small blind) collected ($1.45)
Seat 7: JensFl-01 (big blind) folded on the Turn
Seat 8: Askare folded before Flop (didn't bet)
Seat 9: Dester20 folded before Flop (didn't bet)



PokerStars Game #19969914261:  Hold'em No Limit ($0.10/$0.25) - 2008/08/28 - 16:25:44 (ET)
Table 'Ocllo II' 9-max Seat #6 is the button
Seat 1: Gousdaye ($30.65 in chips) 
Seat 2: erwin cash ($7.30 in chips) 
Seat 3: Alameda22 ($24.65 in chips) 
Seat 4: alfonsawberg ($10.55 in chips) 
Seat 5: CityAngel77 ($29.40 in chips) 
Seat 6: minesh7235 ($7.75 in chips) 
Seat 7: JensFl-01 ($3.75 in chips) 
Seat 8: Askare ($21.90 in chips) 
Seat 9: Dester20 ($4.30 in chips) 
JensFl-01: posts small blind $0.10
Askare: posts big blind $0.25
*** HOLE CARDS ***
Dealt to Alameda22 [2d 4c]
Dester20: folds 
Gousdaye: calls $0.25
erwin cash: calls $0.25
Alameda22: folds 
alfonsawberg: folds 
CityAngel77: raises $0.25 to $0.50
minesh7235: folds 
JensFl-01: calls $0.40
Askare: folds 
Gousdaye: calls $0.25
erwin cash: calls $0.25
*** FLOP *** [3s 5s 3d]
JensFl-01: checks 
Gousdaye: checks 
erwin cash: checks 
CityAngel77: bets $0.75
JensFl-01: folds 
Gousdaye: folds 
erwin cash: folds 
Uncalled bet ($0.75) returned to CityAngel77
CityAngel77 collected $2.15 from pot
CityAngel77: doesn't show hand 
*** SUMMARY ***
Total pot $2.25 | Rake $0.10 
Board [3s 5s 3d]
Seat 1: Gousdaye folded on the Flop
Seat 2: erwin cash folded on the Flop
Seat 3: Alameda22 folded before Flop (didn't bet)
Seat 4: alfonsawberg folded before Flop (didn't bet)
Seat 5: CityAngel77 collected ($2.15)
Seat 6: minesh7235 (button) folded before Flop (didn't bet)
Seat 7: JensFl-01 (small blind) folded on the Flop
Seat 8: Askare (big blind) folded before Flop
Seat 9: Dester20 folded before Flop (didn't bet)



PokerStars Game #19969939622:  Hold'em No Limit ($0.10/$0.25) - 2008/08/28 - 16:26:45 (ET)
Table 'Ocllo II' 9-max Seat #7 is the button
Seat 1: Gousdaye ($30.15 in chips) 
Seat 2: erwin cash ($6.80 in chips) 
Seat 3: Alameda22 ($24.65 in chips) 
Seat 4: alfonsawberg ($10.55 in chips) 
Seat 5: CityAngel77 ($31.05 in chips) 
Seat 6: minesh7235 ($7.75 in chips) 
Seat 7: JensFl-01 ($3.25 in chips) 
Seat 8: Askare ($21.65 in chips) 
Seat 9: Dester20 ($4.30 in chips) 
Askare: posts small blind $0.10
Dester20: posts big blind $0.25
*** HOLE CARDS ***
Dealt to Alameda22 [5s Qc]
Gousdaye: calls $0.25
erwin cash: folds 
Alameda22: folds 
alfonsawberg: folds 
CityAngel77: folds 
minesh7235: calls $0.25
JensFl-01: calls $0.25
Askare: calls $0.15
Dester20: checks 
*** FLOP *** [As 6s 4h]
Askare: checks 
Dester20: checks 
Gousdaye: checks 
minesh7235: checks 
JensFl-01: bets $0.50
Askare: folds 
Dester20: folds 
Gousdaye: folds 
minesh7235: calls $0.50
*** TURN *** [As 6s 4h] [7c]
minesh7235: bets $0.75
JensFl-01: folds 
Uncalled bet ($0.75) returned to minesh7235
minesh7235 collected $2.15 from pot
minesh7235: doesn't show hand 
*** SUMMARY ***
Total pot $2.25 | Rake $0.10 
Board [As 6s 4h 7c]
Seat 1: Gousdaye folded on the Flop
Seat 2: erwin cash folded before Flop (didn't bet)
Seat 3: Alameda22 folded before Flop (didn't bet)
Seat 4: alfonsawberg folded before Flop (didn't bet)
Seat 5: CityAngel77 folded before Flop (didn't bet)
Seat 6: minesh7235 collected ($2.15)
Seat 7: JensFl-01 (button) folded on the Turn
Seat 8: Askare (small blind) folded on the Flop
Seat 9: Dester20 (big blind) folded on the Flop



PokerStars Game #19969975215:  Hold'em No Limit ($0.10/$0.25) - 2008/08/28 - 16:28:11 (ET)
Table 'Ocllo II' 9-max Seat #8 is the button
Seat 1: Gousdaye ($29.90 in chips) 
Seat 2: erwin cash ($6.80 in chips) 
Seat 3: Alameda22 ($24.65 in chips) 
Seat 4: alfonsawberg ($10.55 in chips) 
Seat 5: CityAngel77 ($31.05 in chips) 
Seat 6: minesh7235 ($9.15 in chips) 
Seat 7: JensFl-01 ($2.50 in chips) 
Seat 8: Askare ($21.40 in chips) 
Seat 9: Dester20 ($5.05 in chips) 
Dester20: posts small blind $0.10
Gousdaye: posts big blind $0.25
*** HOLE CARDS ***
Dealt to Alameda22 [2h 8c]
erwin cash: folds 
Alameda22: folds 
alfonsawberg: folds 
CityAngel77: folds 
minesh7235: folds 
JensFl-01: raises $2.25 to $2.50 and is all-in
Askare: folds 
Dester20: folds 
Gousdaye: folds 
Uncalled bet ($2.25) returned to JensFl-01
JensFl-01 collected $0.60 from pot
JensFl-01: doesn't show hand 
*** SUMMARY ***
Total pot $0.60 | Rake $0 
Seat 1: Gousdaye (big blind) folded before Flop
Seat 2: erwin cash folded before Flop (didn't bet)
Seat 3: Alameda22 folded before Flop (didn't bet)
Seat 4: alfonsawberg folded before Flop (didn't bet)
Seat 5: CityAngel77 folded before Flop (didn't bet)
Seat 6: minesh7235 folded before Flop (didn't bet)
Seat 7: JensFl-01 collected ($0.60)
Seat 8: Askare (button) folded before Flop (didn't bet)
Seat 9: Dester20 (small blind) folded before Flop



PokerStars Game #19970007718:  Hold'em No Limit ($0.10/$0.25) - 2008/08/28 - 16:29:29 (ET)
Table 'Ocllo II' 9-max Seat #9 is the button
Seat 1: Gousdaye ($29.65 in chips) 
Seat 2: erwin cash ($6.80 in chips) 
Seat 3: Alameda22 ($24.65 in chips) 
Seat 4: alfonsawberg ($10.55 in chips) 
Seat 5: CityAngel77 ($31.05 in chips) 
Seat 6: minesh7235 ($9.15 in chips) 
Seat 7: JensFl-01 ($2.85 in chips) 
Seat 8: Askare ($21.40 in chips) 
Seat 9: Dester20 ($4.95 in chips) 
Gousdaye: posts small blind $0.10
erwin cash: posts big blind $0.25
*** HOLE CARDS ***
Dealt to Alameda22 [5s Jd]
Alameda22: folds 
alfonsawberg: folds 
CityAngel77: raises $0.50 to $0.75
minesh7235: calls $0.75
JensFl-01: folds 
Askare: folds 
Dester20: folds 
Gousdaye: folds 
erwin cash: folds 
*** FLOP *** [7d 9c 4d]
CityAngel77: checks 
minesh7235: bets $0.75
CityAngel77: calls $0.75
*** TURN *** [7d 9c 4d] [7h]
CityAngel77: checks 
minesh7235: bets $1
CityAngel77: calls $1
*** RIVER *** [7d 9c 4d 7h] [9d]
CityAngel77: checks 
minesh7235: bets $6.65 and is all-in
CityAngel77: folds 
Uncalled bet ($6.65) returned to minesh7235
minesh7235 collected $5.10 from pot
minesh7235: doesn't show hand 
*** SUMMARY ***
Total pot $5.35 | Rake $0.25 
Board [7d 9c 4d 7h 9d]
Seat 1: Gousdaye (small blind) folded before Flop
Seat 2: erwin cash (big blind) folded before Flop
Seat 3: Alameda22 folded before Flop (didn't bet)
Seat 4: alfonsawberg folded before Flop (didn't bet)
Seat 5: CityAngel77 folded on the River
Seat 6: minesh7235 collected ($5.10)
Seat 7: JensFl-01 folded before Flop (didn't bet)
Seat 8: Askare folded before Flop (didn't bet)
Seat 9: Dester20 (button) folded before Flop (didn't bet)



PokerStars Game #19970041611:  Hold'em No Limit ($0.10/$0.25) - 2008/08/28 - 16:30:50 (ET)
Table 'Ocllo II' 9-max Seat #1 is the button
Seat 1: Gousdaye ($29.55 in chips) 
Seat 2: erwin cash ($6.55 in chips) 
Seat 3: Alameda22 ($24.65 in chips) 
Seat 4: alfonsawberg ($10.55 in chips) 
Seat 5: CityAngel77 ($28.55 in chips) 
Seat 6: minesh7235 ($11.75 in chips) 
Seat 7: JensFl-01 ($2.85 in chips) 
Seat 8: Askare ($21.40 in chips) 
Seat 9: Dester20 ($4.95 in chips) 
erwin cash: posts small blind $0.10
Alameda22: posts big blind $0.25
*** HOLE CARDS ***
Dealt to Alameda22 [3s 5d]
alfonsawberg: folds 
CityAngel77: calls $0.25
minesh7235: folds 
JensFl-01: calls $0.25
Askare: raises $1 to $1.25
Dester20: folds 
Gousdaye: folds 
erwin cash: folds 
Alameda22: folds 
CityAngel77: folds 
JensFl-01: calls $1
*** FLOP *** [4s 3c 5s]
JensFl-01: checks 
Askare: bets $1.25
JensFl-01: raises $0.35 to $1.60 and is all-in
Askare: calls $0.35
*** TURN *** [4s 3c 5s] [6d]
*** RIVER *** [4s 3c 5s 6d] [3h]
*** SHOW DOWN ***
JensFl-01: shows [4h 3d] (a full house, Threes full of Fours)
Askare: mucks hand 
JensFl-01 collected $6 from pot
*** SUMMARY ***
Total pot $6.30 | Rake $0.30 
Board [4s 3c 5s 6d 3h]
Seat 1: Gousdaye (button) folded before Flop (didn't bet)
Seat 2: erwin cash (small blind) folded before Flop
Seat 3: Alameda22 (big blind) folded before Flop
Seat 4: alfonsawberg folded before Flop (didn't bet)
Seat 5: CityAngel77 folded before Flop
Seat 6: minesh7235 folded before Flop (didn't bet)
Seat 7: JensFl-01 showed [4h 3d] and won ($6) with a full house, Threes full of Fours
Seat 8: Askare mucked [Kd Ad]
Seat 9: Dester20 folded before Flop (didn't bet)



PokerStars Game #19970067181:  Hold'em No Limit ($0.10/$0.25) - 2008/08/28 - 16:31:53 (ET)
Table 'Ocllo II' 9-max Seat #2 is the button
Seat 1: Gousdaye ($29.55 in chips) 
Seat 2: erwin cash ($6.45 in chips) 
Seat 3: Alameda22 ($24.40 in chips) 
Seat 4: alfonsawberg ($10.55 in chips) 
Seat 5: CityAngel77 ($28.30 in chips) 
Seat 6: minesh7235 ($11.75 in chips) 
Seat 7: JensFl-01 ($6 in chips) 
Seat 8: Askare ($18.55 in chips) 
Seat 9: Dester20 ($4.95 in chips) 
Alameda22: posts small blind $0.10
alfonsawberg: posts big blind $0.25
*** HOLE CARDS ***
Dealt to Alameda22 [8s Jc]
CityAngel77: calls $0.25
minesh7235: folds 
JensFl-01: calls $0.25
Askare: folds 
Dester20: raises $0.50 to $0.75
Gousdaye: folds 
erwin cash: calls $0.75
Alameda22: folds 
alfonsawberg: folds 
CityAngel77: calls $0.50
JensFl-01: calls $0.50
*** FLOP *** [7d Jd Jh]
CityAngel77: checks 
JensFl-01: checks 
Dester20: checks 
erwin cash: bets $2.25
CityAngel77: folds 
JensFl-01: folds 
Dester20: folds 
Uncalled bet ($2.25) returned to erwin cash
erwin cash collected $3.20 from pot
erwin cash: doesn't show hand 
*** SUMMARY ***
Total pot $3.35 | Rake $0.15 
Board [7d Jd Jh]
Seat 1: Gousdaye folded before Flop (didn't bet)
Seat 2: erwin cash (button) collected ($3.20)
Seat 3: Alameda22 (small blind) folded before Flop
Seat 4: alfonsawberg (big blind) folded before Flop
Seat 5: CityAngel77 folded on the Flop
Seat 6: minesh7235 folded before Flop (didn't bet)
Seat 7: JensFl-01 folded on the Flop
Seat 8: Askare folded before Flop (didn't bet)
Seat 9: Dester20 folded on the Flop



PokerStars Game #19970089570:  Hold'em No Limit ($0.10/$0.25) - 2008/08/28 - 16:32:48 (ET)
Table 'Ocllo II' 9-max Seat #3 is the button
Seat 1: Gousdaye ($29.55 in chips) 
Seat 2: erwin cash ($8.90 in chips) 
Seat 3: Alameda22 ($24.30 in chips) 
Seat 4: alfonsawberg ($10.30 in chips) 
Seat 5: CityAngel77 ($27.55 in chips) 
Seat 6: minesh7235 ($11.75 in chips) 
Seat 7: JensFl-01 ($5.25 in chips) 
Seat 8: Askare ($18.55 in chips) 
Seat 9: Dester20 ($4.20 in chips) 
alfonsawberg: posts small blind $0.10
CityAngel77: posts big blind $0.25
*** HOLE CARDS ***
Dealt to Alameda22 [Tc Jc]
minesh7235: calls $0.25
JensFl-01: folds 
Askare: folds 
Dester20: folds 
Gousdaye: calls $0.25
erwin cash: folds 
Alameda22: calls $0.25
alfonsawberg: calls $0.15
CityAngel77: checks 
*** FLOP *** [3h 7d 8d]
alfonsawberg: checks 
CityAngel77: bets $0.75
minesh7235: folds 
Gousdaye: folds 
Alameda22: folds 
alfonsawberg: folds 
Uncalled bet ($0.75) returned to CityAngel77
CityAngel77 collected $1.20 from pot
CityAngel77: doesn't show hand 
*** SUMMARY ***
Total pot $1.25 | Rake $0.05 
Board [3h 7d 8d]
Seat 1: Gousdaye folded on the Flop
Seat 2: erwin cash folded before Flop (didn't bet)
Seat 3: Alameda22 (button) folded on the Flop
Seat 4: alfonsawberg (small blind) folded on the Flop
Seat 5: CityAngel77 (big blind) collected ($1.20)
Seat 6: minesh7235 folded on the Flop
Seat 7: JensFl-01 folded before Flop (didn't bet)
Seat 8: Askare folded before Flop (didn't bet)
Seat 9: Dester20 folded before Flop (didn't bet)



PokerStars Game #19970123232:  Hold'em No Limit ($0.10/$0.25) - 2008/08/28 - 16:34:10 (ET)
Table 'Ocllo II' 9-max Seat #4 is the button
Seat 1: Gousdaye ($29.30 in chips) 
Seat 2: erwin cash ($8.90 in chips) 
Seat 3: Alameda22 ($24.05 in chips) 
Seat 4: alfonsawberg ($10.05 in chips) 
Seat 5: CityAngel77 ($28.50 in chips) 
Seat 6: minesh7235 ($11.50 in chips) 
Seat 7: JensFl-01 ($5.25 in chips) 
Seat 8: Askare ($18.55 in chips) 
Seat 9: Dester20 ($5 in chips) 
CityAngel77: posts small blind $0.10
minesh7235: posts big blind $0.25
*** HOLE CARDS ***
Dealt to Alameda22 [4h Qc]
JensFl-01: calls $0.25
Askare: calls $0.25
Dester20: folds 
Gousdaye: folds 
erwin cash: raises $1 to $1.25
Alameda22: folds 
alfonsawberg: folds 
CityAngel77: folds 
minesh7235: calls $1
JensFl-01: calls $1
Askare: calls $1
*** FLOP *** [Jh Qs 6s]
minesh7235: checks 
JensFl-01: checks 
Askare: checks 
erwin cash: bets $7.65 and is all-in
minesh7235: folds 
JensFl-01: folds 
Askare: folds 
Uncalled bet ($7.65) returned to erwin cash
erwin cash collected $4.85 from pot
erwin cash: doesn't show hand 
*** SUMMARY ***
Total pot $5.10 | Rake $0.25 
Board [Jh Qs 6s]
Seat 1: Gousdaye folded before Flop (didn't bet)
Seat 2: erwin cash collected ($4.85)
Seat 3: Alameda22 folded before Flop (didn't bet)
Seat 4: alfonsawberg (button) folded before Flop (didn't bet)
Seat 5: CityAngel77 (small blind) folded before Flop
Seat 6: minesh7235 (big blind) folded on the Flop
Seat 7: JensFl-01 folded on the Flop
Seat 8: Askare folded on the Flop
Seat 9: Dester20 folded before Flop (didn't bet)



PokerStars Game #19970150903:  Hold'em No Limit ($0.10/$0.25) - 2008/08/28 - 16:35:18 (ET)
Table 'Ocllo II' 9-max Seat #5 is the button
Seat 1: Gousdaye ($29.30 in chips) 
Seat 2: erwin cash ($12.50 in chips) 
Seat 3: Alameda22 ($24.05 in chips) 
Seat 4: alfonsawberg ($10.05 in chips) 
Seat 5: CityAngel77 ($28.40 in chips) 
Seat 6: minesh7235 ($10.25 in chips) 
Seat 7: JensFl-01 ($4 in chips) 
Seat 8: Askare ($17.30 in chips) 
Seat 9: Dester20 ($5 in chips) 
minesh7235: posts small blind $0.10
JensFl-01: posts big blind $0.25
*** HOLE CARDS ***
Dealt to Alameda22 [Jc 6h]
Askare: folds 
Dester20: folds 
Gousdaye: folds 
erwin cash: calls $0.25
Alameda22: folds 
alfonsawberg: calls $0.25
CityAngel77: calls $0.25
minesh7235: calls $0.15
JensFl-01: checks 
*** FLOP *** [Kd 9d 6c]
minesh7235: checks 
JensFl-01: checks 
erwin cash: checks 
alfonsawberg: checks 
CityAngel77: bets $0.75
minesh7235: folds 
JensFl-01: folds 
erwin cash: folds 
alfonsawberg: folds 
Uncalled bet ($0.75) returned to CityAngel77
CityAngel77 collected $1.20 from pot
CityAngel77: doesn't show hand 
*** SUMMARY ***
Total pot $1.25 | Rake $0.05 
Board [Kd 9d 6c]
Seat 1: Gousdaye folded before Flop (didn't bet)
Seat 2: erwin cash folded on the Flop
Seat 3: Alameda22 folded before Flop (didn't bet)
Seat 4: alfonsawberg folded on the Flop
Seat 5: CityAngel77 (button) collected ($1.20)
Seat 6: minesh7235 (small blind) folded on the Flop
Seat 7: JensFl-01 (big blind) folded on the Flop
Seat 8: Askare folded before Flop (didn't bet)
Seat 9: Dester20 folded before Flop (didn't bet)



PokerStars Game #19970171854:  Hold'em No Limit ($0.10/$0.25) - 2008/08/28 - 16:36:08 (ET)
Table 'Ocllo II' 9-max Seat #6 is the button
Seat 1: Gousdaye ($29.30 in chips) 
Seat 2: erwin cash ($12.25 in chips) 
Seat 3: Alameda22 ($24.05 in chips) 
Seat 4: alfonsawberg ($9.80 in chips) 
Seat 5: CityAngel77 ($29.35 in chips) 
Seat 6: minesh7235 ($10 in chips) 
Seat 7: JensFl-01 ($3.75 in chips) 
Seat 8: Askare ($17.30 in chips) 
Seat 9: Dester20 ($5 in chips) 
JensFl-01: posts small blind $0.10
Askare: posts big blind $0.25
*** HOLE CARDS ***
Dealt to Alameda22 [5s 8c]
Dester20: folds 
Gousdaye: folds 
erwin cash: raises $0.25 to $0.50
Alameda22: folds 
alfonsawberg: folds 
CityAngel77: folds 
minesh7235: folds 
JensFl-01: raises $0.50 to $1
Askare: folds 
erwin cash: calls $0.50
*** FLOP *** [6c 6s Ah]
JensFl-01: bets $0.50
erwin cash: folds 
Uncalled bet ($0.50) returned to JensFl-01
JensFl-01 collected $2.15 from pot
JensFl-01: doesn't show hand 
*** SUMMARY ***
Total pot $2.25 | Rake $0.10 
Board [6c 6s Ah]
Seat 1: Gousdaye folded before Flop (didn't bet)
Seat 2: erwin cash folded on the Flop
Seat 3: Alameda22 folded before Flop (didn't bet)
Seat 4: alfonsawberg folded before Flop (didn't bet)
Seat 5: CityAngel77 folded before Flop (didn't bet)
Seat 6: minesh7235 (button) folded before Flop (didn't bet)
Seat 7: JensFl-01 (small blind) collected ($2.15)
Seat 8: Askare (big blind) folded before Flop
Seat 9: Dester20 folded before Flop (didn't bet)



PokerStars Game #19970191135:  Hold'em No Limit ($0.10/$0.25) - 2008/08/28 - 16:36:56 (ET)
Table 'Ocllo II' 9-max Seat #7 is the button
Seat 1: Gousdaye ($29.30 in chips) 
Seat 2: erwin cash ($11.25 in chips) 
Seat 3: Alameda22 ($24.05 in chips) 
Seat 4: alfonsawberg ($9.80 in chips) 
Seat 5: CityAngel77 ($29.35 in chips) 
Seat 6: minesh7235 ($10 in chips) 
Seat 7: JensFl-01 ($4.90 in chips) 
Seat 8: Askare ($17.05 in chips) 
Seat 9: Dester20 ($5 in chips) 
Askare: posts small blind $0.10
Dester20: posts big blind $0.25
*** HOLE CARDS ***
Dealt to Alameda22 [5h 7s]
Gousdaye: folds 
erwin cash: folds 
Alameda22: folds 
alfonsawberg: folds 
CityAngel77: folds 
minesh7235: folds 
JensFl-01: calls $0.25
Askare: folds 
Dester20: checks 
*** FLOP *** [Ks 6d 7h]
Dester20: checks 
JensFl-01: bets $0.50
Dester20: folds 
Uncalled bet ($0.50) returned to JensFl-01
JensFl-01 collected $0.60 from pot
JensFl-01: doesn't show hand 
*** SUMMARY ***
Total pot $0.60 | Rake $0 
Board [Ks 6d 7h]
Seat 1: Gousdaye folded before Flop (didn't bet)
Seat 2: erwin cash folded before Flop (didn't bet)
Seat 3: Alameda22 folded before Flop (didn't bet)
Seat 4: alfonsawberg folded before Flop (didn't bet)
Seat 5: CityAngel77 folded before Flop (didn't bet)
Seat 6: minesh7235 folded before Flop (didn't bet)
Seat 7: JensFl-01 (button) collected ($0.60)
Seat 8: Askare (small blind) folded before Flop
Seat 9: Dester20 (big blind) folded on the Flop



PokerStars Game #19970203550:  Hold'em No Limit ($0.10/$0.25) - 2008/08/28 - 16:37:27 (ET)
Table 'Ocllo II' 9-max Seat #8 is the button
Seat 2: erwin cash ($11.25 in chips) 
Seat 3: Alameda22 ($24.05 in chips) 
Seat 4: alfonsawberg ($9.80 in chips) 
Seat 5: CityAngel77 ($29.35 in chips) 
Seat 6: minesh7235 ($10 in chips) 
Seat 7: JensFl-01 ($5.25 in chips) 
Seat 8: Askare ($16.95 in chips) 
Seat 9: Dester20 ($4.75 in chips) 
Dester20: posts small blind $0.10
Gousdaye: is sitting out 
Gousdaye leaves the table
erwin cash: posts big blind $0.25
*** HOLE CARDS ***
Dealt to Alameda22 [Jh 4c]
Eremkin joins the table at seat #1 
Alameda22: folds 
alfonsawberg: folds 
CityAngel77: calls $0.25
minesh7235: folds 
JensFl-01: calls $0.25
Askare: folds 
Dester20: calls $0.15
erwin cash: checks 
*** FLOP *** [6h Th 3h]
Dester20: checks 
erwin cash: bets $0.50
CityAngel77: folds 
JensFl-01: folds 
Dester20: calls $0.50
*** TURN *** [6h Th 3h] [3d]
Dester20: bets $0.50
erwin cash: calls $0.50
*** RIVER *** [6h Th 3h 3d] [8d]
Dester20: checks 
erwin cash: checks 
*** SHOW DOWN ***
Dester20: shows [Kh Qc] (a pair of Threes)
erwin cash: shows [Ah 2s] (a pair of Threes - Ace kicker)
erwin cash collected $2.90 from pot
*** SUMMARY ***
Total pot $3 | Rake $0.10 
Board [6h Th 3h 3d 8d]
Seat 2: erwin cash (big blind) showed [Ah 2s] and won ($2.90) with a pair of Threes
Seat 3: Alameda22 folded before Flop (didn't bet)
Seat 4: alfonsawberg folded before Flop (didn't bet)
Seat 5: CityAngel77 folded on the Flop
Seat 6: minesh7235 folded before Flop (didn't bet)
Seat 7: JensFl-01 folded on the Flop
Seat 8: Askare (button) folded before Flop (didn't bet)
Seat 9: Dester20 (small blind) showed [Kh Qc] and lost with a pair of Threes



PokerStars Game #19970230180:  Hold'em No Limit ($0.10/$0.25) - 2008/08/28 - 16:38:30 (ET)
Table 'Ocllo II' 9-max Seat #9 is the button
Seat 2: erwin cash ($12.90 in chips) 
Seat 3: Alameda22 ($24.05 in chips) 
Seat 4: alfonsawberg ($9.80 in chips) 
Seat 5: CityAngel77 ($29.10 in chips) 
Seat 6: minesh7235 ($10 in chips) 
Seat 7: JensFl-01 ($5 in chips) 
Seat 8: Askare ($16.95 in chips) 
Seat 9: Dester20 ($3.50 in chips) 
Eremkin will be allowed to play after the button
erwin cash: posts small blind $0.10
Alameda22: posts big blind $0.25
*** HOLE CARDS ***
Dealt to Alameda22 [2s 8s]
alfonsawberg: folds 
CityAngel77: folds 
minesh7235: calls $0.25
JensFl-01: calls $0.25
Askare: folds 
Dester20: folds 
erwin cash: calls $0.15
Alameda22: checks 
*** FLOP *** [5c 7d Qs]
erwin cash: bets $0.50
Alameda22: folds 
minesh7235: calls $0.50
JensFl-01: calls $0.50
*** TURN *** [5c 7d Qs] [Kh]
erwin cash: bets $0.50
minesh7235: raises $0.50 to $1
JensFl-01: calls $1
erwin cash: calls $0.50
*** RIVER *** [5c 7d Qs Kh] [As]
erwin cash: checks 
minesh7235: checks 
JensFl-01: bets $1.75
erwin cash: folds 
minesh7235: calls $1.75
*** SHOW DOWN ***
JensFl-01: shows [5h Ks] (two pair, Kings and Fives)
minesh7235: mucks hand 
JensFl-01 collected $8.60 from pot
*** SUMMARY ***
Total pot $9 | Rake $0.40 
Board [5c 7d Qs Kh As]
Seat 2: erwin cash (small blind) folded on the River
Seat 3: Alameda22 (big blind) folded on the Flop
Seat 4: alfonsawberg folded before Flop (didn't bet)
Seat 5: CityAngel77 folded before Flop (didn't bet)
Seat 6: minesh7235 mucked [Jc Kd]
Seat 7: JensFl-01 showed [5h Ks] and won ($8.60) with two pair, Kings and Fives
Seat 8: Askare folded before Flop (didn't bet)
Seat 9: Dester20 (button) folded before Flop (didn't bet)



PokerStars Game #19970256835:  Hold'em No Limit ($0.10/$0.25) - 2008/08/28 - 16:39:35 (ET)
Table 'Ocllo II' 9-max Seat #2 is the button
Seat 2: erwin cash ($11.15 in chips) 
Seat 3: Alameda22 ($23.80 in chips) 
Seat 4: alfonsawberg ($9.80 in chips) 
Seat 5: CityAngel77 ($29.10 in chips) 
Seat 6: minesh7235 ($6.50 in chips) 
Seat 7: JensFl-01 ($10.10 in chips) 
Seat 8: Askare ($16.95 in chips) 
Seat 9: Dester20 ($5 in chips) 
Alameda22: posts small blind $0.10
alfonsawberg: posts big blind $0.25
Eremkin: sits out 
*** HOLE CARDS ***
Dealt to Alameda22 [Ad 6c]
CityAngel77: raises $0.50 to $0.75
minesh7235: folds 
JensFl-01: calls $0.75
Askare: folds 
Dester20: calls $0.75
erwin cash: folds 
Alameda22: folds 
alfonsawberg: folds 
*** FLOP *** [Td 6d 5s]
CityAngel77: bets $0.75
JensFl-01: calls $0.75
Dester20: folds 
*** TURN *** [Td 6d 5s] [Qh]
CityAngel77: bets $1.50
JensFl-01: folds 
Uncalled bet ($1.50) returned to CityAngel77
CityAngel77 collected $3.90 from pot
CityAngel77: doesn't show hand 
*** SUMMARY ***
Total pot $4.10 | Rake $0.20 
Board [Td 6d 5s Qh]
Seat 2: erwin cash (button) folded before Flop (didn't bet)
Seat 3: Alameda22 (small blind) folded before Flop
Seat 4: alfonsawberg (big blind) folded before Flop
Seat 5: CityAngel77 collected ($3.90)
Seat 6: minesh7235 folded before Flop (didn't bet)
Seat 7: JensFl-01 folded on the Turn
Seat 8: Askare folded before Flop (didn't bet)
Seat 9: Dester20 folded on the Flop



PokerStars Game #19970278090:  Hold'em No Limit ($0.10/$0.25) - 2008/08/28 - 16:40:26 (ET)
Table 'Ocllo II' 9-max Seat #3 is the button
Seat 2: erwin cash ($11.15 in chips) 
Seat 3: Alameda22 ($23.70 in chips) 
Seat 4: alfonsawberg ($9.55 in chips) 
Seat 5: CityAngel77 ($31.50 in chips) 
Seat 6: minesh7235 ($6.50 in chips) 
Seat 7: JensFl-01 ($8.60 in chips) 
Seat 8: Askare ($16.95 in chips) 
Seat 9: Dester20 ($4.25 in chips) 
alfonsawberg: posts small blind $0.10
CityAngel77: posts big blind $0.25
Eremkin: sits out 
*** HOLE CARDS ***
Dealt to Alameda22 [Td Qs]
minesh7235: folds 
JensFl-01: folds 
Askare: folds 
Dester20: calls $0.25
erwin cash: folds 
Alameda22: folds 
alfonsawberg: folds 
CityAngel77: checks 
*** FLOP *** [2s 2d 8h]
CityAngel77: bets $0.50
Dester20: raises $1 to $1.50
CityAngel77: calls $1
*** TURN *** [2s 2d 8h] [Ad]
CityAngel77: checks 
Dester20: bets $2.50 and is all-in
CityAngel77: folds 
Uncalled bet ($2.50) returned to Dester20
Dester20 collected $3.45 from pot
Dester20: doesn't show hand 
minesh7235 is sitting out
*** SUMMARY ***
Total pot $3.60 | Rake $0.15 
Board [2s 2d 8h Ad]
Seat 2: erwin cash folded before Flop (didn't bet)
Seat 3: Alameda22 (button) folded before Flop (didn't bet)
Seat 4: alfonsawberg (small blind) folded before Flop
Seat 5: CityAngel77 (big blind) folded on the Turn
Seat 6: minesh7235 folded before Flop (didn't bet)
Seat 7: JensFl-01 folded before Flop (didn't bet)
Seat 8: Askare folded before Flop (didn't bet)
Seat 9: Dester20 collected ($3.45)



PokerStars Game #19970305278:  Hold'em No Limit ($0.10/$0.25) - 2008/08/28 - 16:41:31 (ET)
Table 'Ocllo II' 9-max Seat #4 is the button
Seat 2: erwin cash ($11.15 in chips) 
Seat 3: Alameda22 ($23.70 in chips) 
Seat 4: alfonsawberg ($9.45 in chips) 
Seat 5: CityAngel77 ($29.75 in chips) 
Seat 7: JensFl-01 ($8.60 in chips) 
Seat 8: Askare ($16.95 in chips) 
Seat 9: Dester20 ($5.95 in chips) 
CityAngel77: posts small blind $0.10
JensFl-01: posts big blind $0.25
Eremkin: sits out 
*** HOLE CARDS ***
Dealt to Alameda22 [7c Ad]
Askare: folds 
Dester20: folds 
erwin cash: raises $0.50 to $0.75
Alameda22: folds 
alfonsawberg: folds 
CityAngel77: folds 
JensFl-01: calls $0.50
*** FLOP *** [7s Jc 5d]
JensFl-01: checks 
minesh7235 has returned
erwin cash: bets $0.75
JensFl-01: calls $0.75
*** TURN *** [7s Jc 5d] [9h]
JensFl-01: checks 
erwin cash: bets $1.25
JensFl-01: calls $1.25
*** RIVER *** [7s Jc 5d 9h] [6d]
JensFl-01: checks 
erwin cash: checks 
*** SHOW DOWN ***
JensFl-01: shows [As Tc] (high card Ace)
erwin cash: shows [5s Ts] (a pair of Fives)
erwin cash collected $5.35 from pot
*** SUMMARY ***
Total pot $5.60 | Rake $0.25 
Board [7s Jc 5d 9h 6d]
Seat 2: erwin cash showed [5s Ts] and won ($5.35) with a pair of Fives
Seat 3: Alameda22 folded before Flop (didn't bet)
Seat 4: alfonsawberg (button) folded before Flop (didn't bet)
Seat 5: CityAngel77 (small blind) folded before Flop
Seat 7: JensFl-01 (big blind) showed [As Tc] and lost with high card Ace
Seat 8: Askare folded before Flop (didn't bet)
Seat 9: Dester20 folded before Flop (didn't bet)



PokerStars Game #19970329843:  Hold'em No Limit ($0.10/$0.25) - 2008/08/28 - 16:42:30 (ET)
Table 'Ocllo II' 9-max Seat #5 is the button
Seat 2: erwin cash ($13.75 in chips) 
Seat 3: Alameda22 ($23.70 in chips) 
Seat 4: alfonsawberg ($9.45 in chips) 
Seat 5: CityAngel77 ($29.65 in chips) 
Seat 7: JensFl-01 ($5.85 in chips) 
Seat 8: Askare ($16.95 in chips) 
Seat 9: Dester20 ($5.95 in chips) 
minesh7235 will be allowed to play after the button
JensFl-01: posts small blind $0.10
Askare: posts big blind $0.25
Eremkin: sits out 
*** HOLE CARDS ***
Dealt to Alameda22 [Qc 3s]
Dester20: folds 
erwin cash: raises $0.50 to $0.75
Alameda22: folds 
alfonsawberg: folds 
CityAngel77: folds 
JensFl-01: folds 
Askare: folds 
Uncalled bet ($0.50) returned to erwin cash
erwin cash collected $0.60 from pot
erwin cash: doesn't show hand 
*** SUMMARY ***
Total pot $0.60 | Rake $0 
Seat 2: erwin cash collected ($0.60)
Seat 3: Alameda22 folded before Flop (didn't bet)
Seat 4: alfonsawberg folded before Flop (didn't bet)
Seat 5: CityAngel77 (button) folded before Flop (didn't bet)
Seat 7: JensFl-01 (small blind) folded before Flop
Seat 8: Askare (big blind) folded before Flop
Seat 9: Dester20 folded before Flop (didn't bet)



PokerStars Game #19970339497:  Hold'em No Limit ($0.10/$0.25) - 2008/08/28 - 16:42:53 (ET)
Table 'Ocllo II' 9-max Seat #7 is the button
Seat 2: erwin cash ($14.10 in chips) 
Seat 3: Alameda22 ($23.70 in chips) 
Seat 4: alfonsawberg ($9.45 in chips) 
Seat 5: CityAngel77 ($29.65 in chips) 
Seat 6: minesh7235 ($6.50 in chips) 
Seat 7: JensFl-01 ($5.75 in chips) 
Seat 8: Askare ($16.70 in chips) 
Seat 9: Dester20 ($5.95 in chips) 
Askare: posts small blind $0.10
Dester20: posts big blind $0.25
Eremkin: sits out 
minesh7235: posts small & big blinds $0.35
*** HOLE CARDS ***
Dealt to Alameda22 [Ts 7s]
erwin cash: folds 
erwin cash leaves the table
Alameda22: folds 
alfonsawberg: folds 
CityAngel77: calls $0.25
minesh7235: checks 
JensFl-01: folds 
Askare: calls $0.15
Dester20: checks 
*** FLOP *** [As Ks Qd]
Askare: checks 
Dester20: checks 
CityAngel77: bets $0.50
knocker22 joins the table at seat #2 
minesh7235: calls $0.50
Askare: folds 
Dester20: folds 
*** TURN *** [As Ks Qd] [7c]
CityAngel77: checks 
minesh7235: checks 
*** RIVER *** [As Ks Qd 7c] [6h]
CityAngel77: checks 
minesh7235: checks 
*** SHOW DOWN ***
CityAngel77: shows [3s Ad] (a pair of Aces)
minesh7235: mucks hand 
CityAngel77 collected $2 from pot
CityAngel77 is sitting out
*** SUMMARY ***
Total pot $2.10 | Rake $0.10 
Board [As Ks Qd 7c 6h]
Seat 2: erwin cash folded before Flop (didn't bet)
Seat 3: Alameda22 folded before Flop (didn't bet)
Seat 4: alfonsawberg folded before Flop (didn't bet)
Seat 5: CityAngel77 showed [3s Ad] and won ($2) with a pair of Aces
Seat 6: minesh7235 mucked [Kc 9s]
Seat 7: JensFl-01 (button) folded before Flop (didn't bet)
Seat 8: Askare (small blind) folded on the Flop
Seat 9: Dester20 (big blind) folded on the Flop



PokerStars Game #19970368529:  Hold'em No Limit ($0.10/$0.25) - 2008/08/28 - 16:44:03 (ET)
Table 'Ocllo II' 9-max Seat #8 is the button
Seat 1: Eremkin ($5 in chips) 
Seat 2: knocker22 ($5 in chips) 
Seat 3: Alameda22 ($23.70 in chips) 
Seat 4: alfonsawberg ($9.45 in chips) 
Seat 6: minesh7235 ($5.65 in chips) 
Seat 7: JensFl-01 ($5.75 in chips) 
Seat 8: Askare ($16.45 in chips) 
Seat 9: Dester20 ($5.70 in chips) 
CityAngel77 has returned
Dester20: posts small blind $0.10
Eremkin: posts big blind $0.25
knocker22: posts big blind $0.25
*** HOLE CARDS ***
Dealt to Alameda22 [6d 4s]
knocker22: checks 
CityAngel77 leaves the table
Alameda22: folds 
alfonsawberg: folds 
minesh7235: calls $0.25
JensFl-01: calls $0.25
Askare: folds 
Dester20: folds 
Eremkin: checks 
*** FLOP *** [Th 2h 7c]
Snoof41 joins the table at seat #5 
Eremkin: bets $1
knocker22: folds 
minesh7235: folds 
JensFl-01: calls $1
*** TURN *** [Th 2h 7c] [Jh]
Eremkin: bets $2
JensFl-01: folds 
Uncalled bet ($2) returned to Eremkin
Eremkin collected $2.95 from pot
Eremkin: doesn't show hand 
*** SUMMARY ***
Total pot $3.10 | Rake $0.15 
Board [Th 2h 7c Jh]
Seat 1: Eremkin (big blind) collected ($2.95)
Seat 2: knocker22 folded on the Flop
Seat 3: Alameda22 folded before Flop (didn't bet)
Seat 4: alfonsawberg folded before Flop (didn't bet)
Seat 6: minesh7235 folded on the Flop
Seat 7: JensFl-01 folded on the Turn
Seat 8: Askare (button) folded before Flop (didn't bet)
Seat 9: Dester20 (small blind) folded before Flop



PokerStars Game #19970403596:  Hold'em No Limit ($0.10/$0.25) - 2008/08/28 - 16:45:29 (ET)
Table 'Ocllo II' 9-max Seat #9 is the button
Seat 1: Eremkin ($6.70 in chips) 
Seat 2: knocker22 ($4.75 in chips) 
Seat 3: Alameda22 ($23.70 in chips) 
Seat 4: alfonsawberg ($9.45 in chips) 
Seat 6: minesh7235 ($5.40 in chips) 
Seat 7: JensFl-01 ($4.50 in chips) 
Seat 8: Askare ($16.45 in chips) 
Seat 9: Dester20 ($5.60 in chips) 
Eremkin: posts small blind $0.10
knocker22: posts big blind $0.25
Snoof41: sits out 
*** HOLE CARDS ***
Dealt to Alameda22 [Ah 4c]
Alameda22: folds 
alfonsawberg: folds 
minesh7235: calls $0.25
JensFl-01: folds 
Askare: folds 
Dester20: folds 
Eremkin: folds 
knocker22: checks 
*** FLOP *** [4d 6h 6d]
knocker22: checks 
minesh7235: checks 
*** TURN *** [4d 6h 6d] [2s]
knocker22: checks 
minesh7235: checks 
*** RIVER *** [4d 6h 6d 2s] [Ts]
knocker22: checks 
minesh7235: checks 
*** SHOW DOWN ***
knocker22: shows [9c Kc] (a pair of Sixes)
minesh7235: shows [As 8d] (a pair of Sixes - Ace kicker)
minesh7235 collected $0.60 from pot
*** SUMMARY ***
Total pot $0.60 | Rake $0 
Board [4d 6h 6d 2s Ts]
Seat 1: Eremkin (small blind) folded before Flop
Seat 2: knocker22 (big blind) showed [9c Kc] and lost with a pair of Sixes
Seat 3: Alameda22 folded before Flop (didn't bet)
Seat 4: alfonsawberg folded before Flop (didn't bet)
Seat 6: minesh7235 showed [As 8d] and won ($0.60) with a pair of Sixes
Seat 7: JensFl-01 folded before Flop (didn't bet)
Seat 8: Askare folded before Flop (didn't bet)
Seat 9: Dester20 (button) folded before Flop (didn't bet)



PokerStars Game #19970429462:  Hold'em No Limit ($0.10/$0.25) - 2008/08/28 - 16:46:31 (ET)
Table 'Ocllo II' 9-max Seat #1 is the button
Seat 1: Eremkin ($6.60 in chips) 
Seat 2: knocker22 ($4.50 in chips) 
Seat 3: Alameda22 ($23.70 in chips) 
Seat 4: alfonsawberg ($9.45 in chips) 
Seat 6: minesh7235 ($5.75 in chips) 
Seat 7: JensFl-01 ($4.50 in chips) 
Seat 8: Askare ($16.45 in chips) 
Seat 9: Dester20 ($5.60 in chips) 
knocker22: posts small blind $0.10
Alameda22: posts big blind $0.25
Snoof41: sits out 
*** HOLE CARDS ***
Dealt to Alameda22 [5d Jh]
alfonsawberg: raises $0.50 to $0.75
minesh7235: folds 
JensFl-01: calls $0.75
Askare: folds 
Dester20: folds 
Eremkin: folds 
knocker22: folds 
Alameda22: folds 
*** FLOP *** [Jd Qd 8h]
alfonsawberg: checks 
JensFl-01: bets $0.75
alfonsawberg: folds 
Uncalled bet ($0.75) returned to JensFl-01
JensFl-01 collected $1.80 from pot
JensFl-01: doesn't show hand 
*** SUMMARY ***
Total pot $1.85 | Rake $0.05 
Board [Jd Qd 8h]
Seat 1: Eremkin (button) folded before Flop (didn't bet)
Seat 2: knocker22 (small blind) folded before Flop
Seat 3: Alameda22 (big blind) folded before Flop
Seat 4: alfonsawberg folded on the Flop
Seat 6: minesh7235 folded before Flop (didn't bet)
Seat 7: JensFl-01 collected ($1.80)
Seat 8: Askare folded before Flop (didn't bet)
Seat 9: Dester20 folded before Flop (didn't bet)



PokerStars Game #19970450196:  Hold'em No Limit ($0.10/$0.25) - 2008/08/28 - 16:47:22 (ET)
Table 'Ocllo II' 9-max Seat #2 is the button
Seat 1: Eremkin ($6.60 in chips) 
Seat 2: knocker22 ($4.40 in chips) 
Seat 3: Alameda22 ($23.45 in chips) 
Seat 4: alfonsawberg ($8.70 in chips) 
Seat 6: minesh7235 ($5.75 in chips) 
Seat 7: JensFl-01 ($5.55 in chips) 
Seat 8: Askare ($16.45 in chips) 
Seat 9: Dester20 ($5.60 in chips) 
Alameda22: posts small blind $0.10
alfonsawberg: posts big blind $0.25
Snoof41: sits out 
*** HOLE CARDS ***
Dealt to Alameda22 [Qc 2d]
minesh7235: folds 
JensFl-01: raises $0.50 to $0.75
Askare: calls $0.75
Dester20: folds 
Eremkin: folds 
knocker22: folds 
Alameda22: folds 
alfonsawberg: calls $0.50
*** FLOP *** [Kh Qd Td]
alfonsawberg: checks 
JensFl-01: bets $0.50
Askare: raises $2 to $2.50
alfonsawberg: folds 
JensFl-01: calls $2
*** TURN *** [Kh Qd Td] [Kc]
JensFl-01: checks 
Askare: bets $0.25
JensFl-01: calls $0.25
*** RIVER *** [Kh Qd Td Kc] [5c]
JensFl-01: checks 
Askare: bets $1.75
JensFl-01: calls $1.75
*** SHOW DOWN ***
Askare: shows [Ts Ks] (a full house, Kings full of Tens)
JensFl-01: mucks hand 
Askare collected $10.80 from pot
*** SUMMARY ***
Total pot $11.35 | Rake $0.55 
Board [Kh Qd Td Kc 5c]
Seat 1: Eremkin folded before Flop (didn't bet)
Seat 2: knocker22 (button) folded before Flop (didn't bet)
Seat 3: Alameda22 (small blind) folded before Flop
Seat 4: alfonsawberg (big blind) folded on the Flop
Seat 6: minesh7235 folded before Flop (didn't bet)
Seat 7: JensFl-01 mucked [Jh Jd]
Seat 8: Askare showed [Ts Ks] and won ($10.80) with a full house, Kings full of Tens
Seat 9: Dester20 folded before Flop (didn't bet)



PokerStars Game #19970475052:  Hold'em No Limit ($0.10/$0.25) - 2008/08/28 - 16:48:23 (ET)
Table 'Ocllo II' 9-max Seat #3 is the button
Seat 1: Eremkin ($6.60 in chips) 
Seat 2: knocker22 ($4.40 in chips) 
Seat 3: Alameda22 ($23.35 in chips) 
Seat 4: alfonsawberg ($7.95 in chips) 
Seat 5: Snoof41 ($25 in chips) 
Seat 6: minesh7235 ($5.75 in chips) 
Seat 7: JensFl-01 ($0.30 in chips) 
Seat 8: Askare ($22 in chips) 
Seat 9: Dester20 ($5.60 in chips) 
alfonsawberg: posts small blind $0.10
Snoof41: posts big blind $0.25
*** HOLE CARDS ***
Dealt to Alameda22 [9d 5h]
minesh7235: folds 
JensFl-01: raises $0.05 to $0.30 and is all-in
Askare: calls $0.30
Dester20: folds 
minesh7235 leaves the table
Eremkin: folds 
drohne84 joins the table at seat #6 
knocker22: folds 
Alameda22: folds 
alfonsawberg: calls $0.20
Snoof41: folds 
*** FLOP *** [Td Qh 4h]
alfonsawberg: checks 
Askare: checks 
*** TURN *** [Td Qh 4h] [Jd]
alfonsawberg: bets $0.25
Askare: calls $0.25
*** RIVER *** [Td Qh 4h Jd] [8h]
alfonsawberg: checks 
Askare: checks 
*** SHOW DOWN ***
alfonsawberg: shows [2d 4d] (a pair of Fours)
Askare: shows [As Th] (a pair of Tens)
Askare collected $0.50 from side pot
JensFl-01: mucks hand 
Askare collected $1.10 from main pot
JensFl-01 leaves the table
*** SUMMARY ***
Total pot $1.65 Main pot $1.10. Side pot $0.50. | Rake $0.05 
Board [Td Qh 4h Jd 8h]
Seat 1: Eremkin folded before Flop (didn't bet)
Seat 2: knocker22 folded before Flop (didn't bet)
Seat 3: Alameda22 (button) folded before Flop (didn't bet)
Seat 4: alfonsawberg (small blind) showed [2d 4d] and lost with a pair of Fours
Seat 5: Snoof41 (big blind) folded before Flop
Seat 6: minesh7235 folded before Flop (didn't bet)
Seat 7: JensFl-01 mucked [Ks 5c]
Seat 8: Askare showed [As Th] and won ($1.60) with a pair of Tens
Seat 9: Dester20 folded before Flop (didn't bet)



PokerStars Game #19970502238:  Hold'em No Limit ($0.10/$0.25) - 2008/08/28 - 16:49:29 (ET)
Table 'Ocllo II' 9-max Seat #4 is the button
Seat 1: Eremkin ($6.60 in chips) 
Seat 2: knocker22 ($4.40 in chips) 
Seat 3: Alameda22 ($23.35 in chips) 
Seat 4: alfonsawberg ($7.40 in chips) 
Seat 5: Snoof41 ($24.75 in chips) 
Seat 6: drohne84 ($25 in chips) 
Seat 8: Askare ($23.05 in chips) 
Seat 9: Dester20 ($5.60 in chips) 
Snoof41: posts small blind $0.10
drohne84: posts big blind $0.25
*** HOLE CARDS ***
Dealt to Alameda22 [8h As]
Askare: folds 
Dester20: folds 
Eremkin: folds 
knocker22: calls $0.25
Alameda22: folds 
yjqian23 joins the table at seat #7 
alfonsawberg: raises $0.75 to $1
Snoof41: folds 
drohne84: folds 
knocker22: calls $0.75
*** FLOP *** [Js 3h Qh]
knocker22: checks 
alfonsawberg: bets $1.25
knocker22: calls $1.25
*** TURN *** [Js 3h Qh] [4h]
knocker22: checks 
alfonsawberg: checks 
*** RIVER *** [Js 3h Qh 4h] [Jc]
knocker22: checks 
alfonsawberg: bets $3.75
knocker22: calls $2.15 and is all-in
Uncalled bet ($1.60) returned to alfonsawberg
*** SHOW DOWN ***
alfonsawberg: shows [Kd Ac] (a pair of Jacks)
knocker22: mucks hand 
alfonsawberg collected $8.75 from pot
*** SUMMARY ***
Total pot $9.15 | Rake $0.40 
Board [Js 3h Qh 4h Jc]
Seat 1: Eremkin folded before Flop (didn't bet)
Seat 2: knocker22 mucked [Td Ad]
Seat 3: Alameda22 folded before Flop (didn't bet)
Seat 4: alfonsawberg (button) showed [Kd Ac] and won ($8.75) with a pair of Jacks
Seat 5: Snoof41 (small blind) folded before Flop
Seat 6: drohne84 (big blind) folded before Flop
Seat 8: Askare folded before Flop (didn't bet)
Seat 9: Dester20 folded before Flop (didn't bet)



PokerStars Game #19970528210:  Hold'em No Limit ($0.10/$0.25) - 2008/08/28 - 16:50:32 (ET)
Table 'Ocllo II' 9-max Seat #5 is the button
Seat 1: Eremkin ($6.60 in chips) 
Seat 3: Alameda22 ($23.35 in chips) 
Seat 4: alfonsawberg ($11.75 in chips) 
Seat 5: Snoof41 ($24.65 in chips) 
Seat 6: drohne84 ($24.75 in chips) 
Seat 7: yjqian23 ($25 in chips) 
Seat 8: Askare ($23.05 in chips) 
Seat 9: Dester20 ($5.60 in chips) 
drohne84: posts small blind $0.10
yjqian23: posts big blind $0.25
*** HOLE CARDS ***
Dealt to Alameda22 [Td 3h]
Askare: folds 
Dester20: folds 
knocker22 has returned
Eremkin: folds 
Alameda22: folds 
alfonsawberg: folds 
Snoof41: folds 
drohne84: raises $0.75 to $1
yjqian23: folds 
Uncalled bet ($0.75) returned to drohne84
drohne84 collected $0.50 from pot
drohne84: doesn't show hand 
*** SUMMARY ***
Total pot $0.50 | Rake $0 
Seat 1: Eremkin folded before Flop (didn't bet)
Seat 3: Alameda22 folded before Flop (didn't bet)
Seat 4: alfonsawberg folded before Flop (didn't bet)
Seat 5: Snoof41 (button) folded before Flop (didn't bet)
Seat 6: drohne84 (small blind) collected ($0.50)
Seat 7: yjqian23 (big blind) folded before Flop
Seat 8: Askare folded before Flop (didn't bet)
Seat 9: Dester20 folded before Flop (didn't bet)



PokerStars Game #19970546466:  Hold'em No Limit ($0.10/$0.25) - 2008/08/28 - 16:51:17 (ET)
Table 'Ocllo II' 9-max Seat #6 is the button
Seat 1: Eremkin ($6.60 in chips) 
Seat 2: knocker22 ($6.70 in chips) 
Seat 3: Alameda22 ($23.35 in chips) 
Seat 4: alfonsawberg ($11.75 in chips) 
Seat 5: Snoof41 ($24.65 in chips) 
Seat 6: drohne84 ($25 in chips) 
Seat 7: yjqian23 ($24.75 in chips) 
Seat 8: Askare ($23.05 in chips) 
Seat 9: Dester20 ($5.60 in chips) 
yjqian23: posts small blind $0.10
Askare: posts big blind $0.25
*** HOLE CARDS ***
Dealt to Alameda22 [Qd Ts]
Dester20: folds 
Eremkin: folds 
knocker22: folds 
Alameda22: folds 
alfonsawberg: folds 
Snoof41: raises $0.75 to $1
drohne84: folds 
yjqian23: folds 
Askare: folds 
Uncalled bet ($0.75) returned to Snoof41
Snoof41 collected $0.60 from pot
Snoof41: doesn't show hand 
*** SUMMARY ***
Total pot $0.60 | Rake $0 
Seat 1: Eremkin folded before Flop (didn't bet)
Seat 2: knocker22 folded before Flop (didn't bet)
Seat 3: Alameda22 folded before Flop (didn't bet)
Seat 4: alfonsawberg folded before Flop (didn't bet)
Seat 5: Snoof41 collected ($0.60)
Seat 6: drohne84 (button) folded before Flop (didn't bet)
Seat 7: yjqian23 (small blind) folded before Flop
Seat 8: Askare (big blind) folded before Flop
Seat 9: Dester20 folded before Flop (didn't bet)



PokerStars Game #19970577331:  Hold'em No Limit ($0.10/$0.25) - 2008/08/28 - 16:52:33 (ET)
Table 'Ocllo II' 9-max Seat #7 is the button
Seat 1: Eremkin ($6.60 in chips) 
Seat 2: knocker22 ($6.70 in chips) 
Seat 3: Alameda22 ($23.35 in chips) 
Seat 4: alfonsawberg ($11.75 in chips) 
Seat 5: Snoof41 ($25 in chips) 
Seat 6: drohne84 ($25 in chips) 
Seat 7: yjqian23 ($24.65 in chips) 
Seat 8: Askare ($22.80 in chips) 
Seat 9: Dester20 ($5.60 in chips) 
Askare: posts small blind $0.10
Dester20: posts big blind $0.25
*** HOLE CARDS ***
Dealt to Alameda22 [Qs 7d]
Eremkin: folds 
knocker22: folds 
Alameda22: folds 
alfonsawberg: calls $0.25
Snoof41: calls $0.25
drohne84: folds 
yjqian23: folds 
Askare: folds 
Dester20: checks 
*** FLOP *** [4h Jc Kh]
Dester20: bets $0.75
alfonsawberg: folds 
Snoof41: folds 
Uncalled bet ($0.75) returned to Dester20
Dester20 collected $0.85 from pot
Dester20: doesn't show hand 
*** SUMMARY ***
Total pot $0.85 | Rake $0 
Board [4h Jc Kh]
Seat 1: Eremkin folded before Flop (didn't bet)
Seat 2: knocker22 folded before Flop (didn't bet)
Seat 3: Alameda22 folded before Flop (didn't bet)
Seat 4: alfonsawberg folded on the Flop
Seat 5: Snoof41 folded on the Flop
Seat 6: drohne84 folded before Flop (didn't bet)
Seat 7: yjqian23 (button) folded before Flop (didn't bet)
Seat 8: Askare (small blind) folded before Flop
Seat 9: Dester20 (big blind) collected ($0.85)



PokerStars Game #19970602537:  Hold'em No Limit ($0.10/$0.25) - 2008/08/28 - 16:53:35 (ET)
Table 'Ocllo II' 9-max Seat #8 is the button
Seat 1: Eremkin ($6.60 in chips) 
Seat 2: knocker22 ($6.70 in chips) 
Seat 3: Alameda22 ($23.35 in chips) 
Seat 4: alfonsawberg ($11.50 in chips) 
Seat 5: Snoof41 ($24.75 in chips) 
Seat 6: drohne84 ($25 in chips) 
Seat 7: yjqian23 ($24.65 in chips) 
Seat 8: Askare ($22.70 in chips) 
Dester20 has timed out
Dester20: is sitting out 
Eremkin: posts small blind $0.10
Dester20 has returned
knocker22: posts big blind $0.25
*** HOLE CARDS ***
Dealt to Alameda22 [7h Qh]
Alameda22: folds 
alfonsawberg: folds 
Snoof41: folds 
drohne84: folds 
yjqian23: folds 
Askare: folds 
Eremkin: folds 
Uncalled bet ($0.15) returned to knocker22
knocker22 collected $0.20 from pot
*** SUMMARY ***
Total pot $0.20 | Rake $0 
Seat 1: Eremkin (small blind) folded before Flop
Seat 2: knocker22 (big blind) collected ($0.20)
Seat 3: Alameda22 folded before Flop (didn't bet)
Seat 4: alfonsawberg folded before Flop (didn't bet)
Seat 5: Snoof41 folded before Flop (didn't bet)
Seat 6: drohne84 folded before Flop (didn't bet)
Seat 7: yjqian23 folded before Flop (didn't bet)
Seat 8: Askare (button) folded before Flop (didn't bet)



PokerStars Game #19970639940:  Hold'em No Limit ($0.10/$0.25) - 2008/08/28 - 16:55:07 (ET)
Table 'Ocllo II' 9-max Seat #1 is the button
Seat 1: Eremkin ($6.50 in chips) 
Seat 2: knocker22 ($6.80 in chips) 
Seat 3: Alameda22 ($23.35 in chips) 
Seat 4: alfonsawberg ($11.50 in chips) 
Seat 5: Snoof41 ($24.75 in chips) 
Seat 6: drohne84 ($25 in chips) 
Seat 7: yjqian23 ($24.65 in chips) 
Seat 8: Askare ($22.70 in chips) 
Seat 9: Dester20 ($6.20 in chips) 
knocker22: posts small blind $0.10
Alameda22: posts big blind $0.25
Dester20: posts small blind $0.10
*** HOLE CARDS ***
Dealt to Alameda22 [4s Jc]
alfonsawberg: calls $0.25
Snoof41: folds 
drohne84: folds 
yjqian23: folds 
Askare: folds 
Dester20: folds 
Eremkin: folds 
knocker22: folds 
Alameda22: checks 
*** FLOP *** [Kh Ac 4c]
Alameda22: checks 
alfonsawberg: checks 
*** TURN *** [Kh Ac 4c] [6c]
Alameda22: bets $0.50
alfonsawberg: calls $0.50
*** RIVER *** [Kh Ac 4c 6c] [5h]
Alameda22: checks 
alfonsawberg: checks 
*** SHOW DOWN ***
Alameda22: shows [4s Jc] (a pair of Fours)
alfonsawberg: shows [7h 7d] (a pair of Sevens)
alfonsawberg collected $1.65 from pot
*** SUMMARY ***
Total pot $1.70 | Rake $0.05 
Board [Kh Ac 4c 6c 5h]
Seat 1: Eremkin (button) folded before Flop (didn't bet)
Seat 2: knocker22 (small blind) folded before Flop
Seat 3: Alameda22 (big blind) showed [4s Jc] and lost with a pair of Fours
Seat 4: alfonsawberg showed [7h 7d] and won ($1.65) with a pair of Sevens
Seat 5: Snoof41 folded before Flop (didn't bet)
Seat 6: drohne84 folded before Flop (didn't bet)
Seat 7: yjqian23 folded before Flop (didn't bet)
Seat 8: Askare folded before Flop (didn't bet)
Seat 9: Dester20 folded before Flop



PokerStars Game #19970671220:  Hold'em No Limit ($0.10/$0.25) - 2008/08/28 - 16:56:24 (ET)
Table 'Ocllo II' 9-max Seat #2 is the button
Seat 1: Eremkin ($6.50 in chips) 
Seat 2: knocker22 ($6.70 in chips) 
Seat 3: Alameda22 ($22.60 in chips) 
Seat 4: alfonsawberg ($12.40 in chips) 
Seat 5: Snoof41 ($24.75 in chips) 
Seat 6: drohne84 ($25 in chips) 
Seat 7: yjqian23 ($24.65 in chips) 
Seat 8: Askare ($22.70 in chips) 
Seat 9: Dester20 ($6.10 in chips) 
Alameda22: posts small blind $0.10
alfonsawberg: posts big blind $0.25
*** HOLE CARDS ***
Dealt to Alameda22 [3h 2s]
Snoof41: folds 
drohne84: folds 
yjqian23: folds 
Askare: folds 
Dester20: folds 
Eremkin: folds 
knocker22: folds 
Alameda22: folds 
Uncalled bet ($0.15) returned to alfonsawberg
alfonsawberg collected $0.20 from pot
*** SUMMARY ***
Total pot $0.20 | Rake $0 
Seat 1: Eremkin folded before Flop (didn't bet)
Seat 2: knocker22 (button) folded before Flop (didn't bet)
Seat 3: Alameda22 (small blind) folded before Flop
Seat 4: alfonsawberg (big blind) collected ($0.20)
Seat 5: Snoof41 folded before Flop (didn't bet)
Seat 6: drohne84 folded before Flop (didn't bet)
Seat 7: yjqian23 folded before Flop (didn't bet)
Seat 8: Askare folded before Flop (didn't bet)
Seat 9: Dester20 folded before Flop (didn't bet)



PokerStars Game #19970685394:  Hold'em No Limit ($0.10/$0.25) - 2008/08/28 - 16:56:59 (ET)
Table 'Ocllo II' 9-max Seat #3 is the button
Seat 1: Eremkin ($6.50 in chips) 
Seat 2: knocker22 ($6.70 in chips) 
Seat 3: Alameda22 ($22.50 in chips) 
Seat 4: alfonsawberg ($12.50 in chips) 
Seat 5: Snoof41 ($24.75 in chips) 
Seat 6: drohne84 ($25 in chips) 
Seat 7: yjqian23 ($24.65 in chips) 
Seat 8: Askare ($22.70 in chips) 
Seat 9: Dester20 ($6.10 in chips) 
alfonsawberg: posts small blind $0.10
Snoof41: posts big blind $0.25
*** HOLE CARDS ***
Dealt to Alameda22 [5h 4s]
drohne84: folds 
yjqian23: folds 
Askare: raises $0.50 to $0.75
Dester20: folds 
Eremkin: raises $2.25 to $3
knocker22: folds 
Alameda22: folds 
alfonsawberg: folds 
Snoof41: folds 
Askare: folds 
Uncalled bet ($2.25) returned to Eremkin
Eremkin collected $1.85 from pot
Eremkin: doesn't show hand 
*** SUMMARY ***
Total pot $1.85 | Rake $0 
Seat 1: Eremkin collected ($1.85)
Seat 2: knocker22 folded before Flop (didn't bet)
Seat 3: Alameda22 (button) folded before Flop (didn't bet)
Seat 4: alfonsawberg (small blind) folded before Flop
Seat 5: Snoof41 (big blind) folded before Flop
Seat 6: drohne84 folded before Flop (didn't bet)
Seat 7: yjqian23 folded before Flop (didn't bet)
Seat 8: Askare folded before Flop
Seat 9: Dester20 folded before Flop (didn't bet)



PokerStars Game #19970706806:  Hold'em No Limit ($0.10/$0.25) - 2008/08/28 - 16:57:52 (ET)
Table 'Ocllo II' 9-max Seat #4 is the button
Seat 1: Eremkin ($7.60 in chips) 
Seat 2: knocker22 ($6.70 in chips) 
Seat 3: Alameda22 ($22.50 in chips) 
Seat 4: alfonsawberg ($12.40 in chips) 
Seat 5: Snoof41 ($24.50 in chips) 
Seat 6: drohne84 ($25 in chips) 
Seat 7: yjqian23 ($24.65 in chips) 
Seat 8: Askare ($21.95 in chips) 
Seat 9: Dester20 ($6.10 in chips) 
Snoof41: posts small blind $0.10
drohne84: posts big blind $0.25
*** HOLE CARDS ***
Dealt to Alameda22 [5d Ad]
yjqian23: folds 
Askare: raises $0.75 to $1
Dester20: folds 
Eremkin: folds 
knocker22: calls $1
Alameda22: folds 
alfonsawberg: folds 
Snoof41: folds 
drohne84: folds 
*** FLOP *** [6s 9d 5s]
Askare: checks 
knocker22: checks 
*** TURN *** [6s 9d 5s] [Ks]
Askare: bets $2
knocker22: calls $2
*** RIVER *** [6s 9d 5s Ks] [Qc]
Askare: bets $4.50
knocker22: folds 
Uncalled bet ($4.50) returned to Askare
Askare collected $6.05 from pot
*** SUMMARY ***
Total pot $6.35 | Rake $0.30 
Board [6s 9d 5s Ks Qc]
Seat 1: Eremkin folded before Flop (didn't bet)
Seat 2: knocker22 folded on the River
Seat 3: Alameda22 folded before Flop (didn't bet)
Seat 4: alfonsawberg (button) folded before Flop (didn't bet)
Seat 5: Snoof41 (small blind) folded before Flop
Seat 6: drohne84 (big blind) folded before Flop
Seat 7: yjqian23 folded before Flop (didn't bet)
Seat 8: Askare collected ($6.05)
Seat 9: Dester20 folded before Flop (didn't bet)



PokerStars Game #19970735535:  Hold'em No Limit ($0.10/$0.25) - 2008/08/28 - 16:59:05 (ET)
Table 'Ocllo II' 9-max Seat #5 is the button
Seat 1: Eremkin ($7.60 in chips) 
Seat 2: knocker22 ($3.70 in chips) 
Seat 3: Alameda22 ($22.50 in chips) 
Seat 4: alfonsawberg ($12.40 in chips) 
Seat 5: Snoof41 ($24.40 in chips) 
Seat 6: drohne84 ($24.75 in chips) 
Seat 8: Askare ($25 in chips) 
Seat 9: Dester20 ($6.10 in chips) 
drohne84: posts small blind $0.10
yjqian23: is sitting out 
yjqian23 leaves the table
Askare: posts big blind $0.25
*** HOLE CARDS ***
Dealt to Alameda22 [Jc 5s]
Dester20: folds 
Eremkin: folds 
knocker22: calls $0.25
Deschain22 joins the table at seat #7 
Alameda22: folds 
alfonsawberg: folds 
Snoof41: folds 
drohne84: folds 
Askare: checks 
*** FLOP *** [Td 5d 2h]
Askare: checks 
knocker22: checks 
*** TURN *** [Td 5d 2h] [4c]
Askare: checks 
knocker22: checks 
*** RIVER *** [Td 5d 2h 4c] [9c]
Askare: checks 
knocker22: checks 
*** SHOW DOWN ***
Askare: shows [7h 6h] (high card Ten)
knocker22: shows [Kh Qs] (high card King)
knocker22 collected $0.60 from pot
*** SUMMARY ***
Total pot $0.60 | Rake $0 
Board [Td 5d 2h 4c 9c]
Seat 1: Eremkin folded before Flop (didn't bet)
Seat 2: knocker22 showed [Kh Qs] and won ($0.60) with high card King
Seat 3: Alameda22 folded before Flop (didn't bet)
Seat 4: alfonsawberg folded before Flop (didn't bet)
Seat 5: Snoof41 (button) folded before Flop (didn't bet)
Seat 6: drohne84 (small blind) folded before Flop
Seat 8: Askare (big blind) showed [7h 6h] and lost with high card Ten
Seat 9: Dester20 folded before Flop (didn't bet)



PokerStars Game #19970757343:  Hold'em No Limit ($0.10/$0.25) - 2008/08/28 - 16:59:58 (ET)
Table 'Ocllo II' 9-max Seat #6 is the button
Seat 1: Eremkin ($7.60 in chips) 
Seat 2: knocker22 ($4.05 in chips) 
Seat 3: Alameda22 ($22.50 in chips) 
Seat 4: alfonsawberg ($12.40 in chips) 
Seat 5: Snoof41 ($24.40 in chips) 
Seat 6: drohne84 ($24.65 in chips) 
Seat 8: Askare ($24.75 in chips) 
Seat 9: Dester20 ($6.10 in chips) 
Deschain22 will be allowed to play after the button
Askare: posts small blind $0.10
Dester20: posts big blind $0.25
*** HOLE CARDS ***
Dealt to Alameda22 [5s Qd]
Eremkin: folds 
knocker22: folds 
Alameda22: folds 
alfonsawberg: folds 
Snoof41: folds 
drohne84: folds 
Askare: raises $0.50 to $0.75
Dester20: calls $0.50
*** FLOP *** [4d 6c 3s]
Askare: checks 
Dester20: checks 
*** TURN *** [4d 6c 3s] [Qs]
Askare: checks 
Dester20: bets $1
Askare: folds 
Uncalled bet ($1) returned to Dester20
Dester20 collected $1.45 from pot
Dester20: doesn't show hand 
*** SUMMARY ***
Total pot $1.50 | Rake $0.05 
Board [4d 6c 3s Qs]
Seat 1: Eremkin folded before Flop (didn't bet)
Seat 2: knocker22 folded before Flop (didn't bet)
Seat 3: Alameda22 folded before Flop (didn't bet)
Seat 4: alfonsawberg folded before Flop (didn't bet)
Seat 5: Snoof41 folded before Flop (didn't bet)
Seat 6: drohne84 (button) folded before Flop (didn't bet)
Seat 8: Askare (small blind) folded on the Turn
Seat 9: Dester20 (big blind) collected ($1.45)



PokerStars Game #19970783792:  Hold'em No Limit ($0.10/$0.25) - 2008/08/28 - 17:01:03 (ET)
Table 'Ocllo II' 9-max Seat #8 is the button
Seat 1: Eremkin ($7.60 in chips) 
Seat 2: knocker22 ($4.05 in chips) 
Seat 3: Alameda22 ($22.50 in chips) 
Seat 4: alfonsawberg ($12.40 in chips) 
Seat 5: Snoof41 ($24.40 in chips) 
Seat 6: drohne84 ($24.65 in chips) 
Seat 8: Askare ($24 in chips) 
Seat 9: Dester20 ($6.80 in chips) 
Dester20: posts small blind $0.10
Eremkin: posts big blind $0.25
Deschain22: sits out 
*** HOLE CARDS ***
Dealt to Alameda22 [Jd 2d]
knocker22: folds 
Alameda22: folds 
alfonsawberg: raises $0.75 to $1
Snoof41: folds 
drohne84: folds 
Askare: folds 
Dester20: folds 
Eremkin: folds 
Uncalled bet ($0.75) returned to alfonsawberg
alfonsawberg collected $0.60 from pot
*** SUMMARY ***
Total pot $0.60 | Rake $0 
Seat 1: Eremkin (big blind) folded before Flop
Seat 2: knocker22 folded before Flop (didn't bet)
Seat 3: Alameda22 folded before Flop (didn't bet)
Seat 4: alfonsawberg collected ($0.60)
Seat 5: Snoof41 folded before Flop (didn't bet)
Seat 6: drohne84 folded before Flop (didn't bet)
Seat 8: Askare (button) folded before Flop (didn't bet)
Seat 9: Dester20 (small blind) folded before Flop



PokerStars Game #19970800271:  Hold'em No Limit ($0.10/$0.25) - 2008/08/28 - 17:01:43 (ET)
Table 'Ocllo II' 9-max Seat #9 is the button
Seat 1: Eremkin ($7.35 in chips) 
Seat 2: knocker22 ($4.05 in chips) 
Seat 3: Alameda22 ($22.50 in chips) 
Seat 4: alfonsawberg ($12.75 in chips) 
Seat 5: Snoof41 ($24.40 in chips) 
Seat 6: drohne84 ($24.65 in chips) 
Seat 8: Askare ($24 in chips) 
Seat 9: Dester20 ($6.70 in chips) 
Eremkin: posts small blind $0.10
knocker22: posts big blind $0.25
Deschain22: sits out 
*** HOLE CARDS ***
Dealt to Alameda22 [Ah 5h]
Alameda22: folds 
alfonsawberg: folds 
Snoof41: folds 
drohne84: folds 
Askare: raises $0.75 to $1
Dester20: folds 
Eremkin: folds 
knocker22: calls $0.75
*** FLOP *** [Jd Th As]
knocker22: checks 
Askare: bets $0.50
knocker22: calls $0.50
*** TURN *** [Jd Th As] [3s]
knocker22: checks 
Askare: bets $1
knocker22: calls $1
*** RIVER *** [Jd Th As 3s] [3h]
knocker22: checks 
Askare: bets $1.75
knocker22: calls $1.55 and is all-in
Uncalled bet ($0.20) returned to Askare
*** SHOW DOWN ***
Askare: shows [Kh Kd] (two pair, Kings and Threes)
knocker22: shows [7s 7h] (two pair, Sevens and Threes)
Askare collected $7.80 from pot
*** SUMMARY ***
Total pot $8.20 | Rake $0.40 
Board [Jd Th As 3s 3h]
Seat 1: Eremkin (small blind) folded before Flop
Seat 2: knocker22 (big blind) showed [7s 7h] and lost with two pair, Sevens and Threes
Seat 3: Alameda22 folded before Flop (didn't bet)
Seat 4: alfonsawberg folded before Flop (didn't bet)
Seat 5: Snoof41 folded before Flop (didn't bet)
Seat 6: drohne84 folded before Flop (didn't bet)
Seat 8: Askare showed [Kh Kd] and won ($7.80) with two pair, Kings and Threes
Seat 9: Dester20 (button) folded before Flop (didn't bet)



PokerStars Game #19970832309:  Hold'em No Limit ($0.10/$0.25) - 2008/08/28 - 17:03:02 (ET)
Table 'Ocllo II' 9-max Seat #1 is the button
Seat 1: Eremkin ($7.25 in chips) 
Seat 3: Alameda22 ($22.50 in chips) 
Seat 5: Snoof41 ($24.40 in chips) 
Seat 6: drohne84 ($24.65 in chips) 
Seat 8: Askare ($27.75 in chips) 
Seat 9: Dester20 ($6.70 in chips) 
Alameda22: posts small blind $0.10
alfonsawberg: is sitting out 
knocker22 leaves the table
Snoof41: posts big blind $0.25
Deschain22: sits out 
*** HOLE CARDS ***
Dealt to Alameda22 [9h Jh]
drohne84: folds 
Askare: folds 
Dester20: folds 
Eremkin: folds 
Alameda22: calls $0.15
Snoof41: checks 
*** FLOP *** [7d 6c 3h]
Alameda22: checks 
Snoof41: checks 
*** TURN *** [7d 6c 3h] [Jc]
Alameda22: bets $0.25
Snoof41: calls $0.25
*** RIVER *** [7d 6c 3h Jc] [5s]
Alameda22: checks 
Snoof41: bets $0.25
Alameda22: calls $0.25
*** SHOW DOWN ***
Snoof41: shows [7h 4s] (a straight, Three to Seven)
Alameda22: mucks hand 
Snoof41 collected $1.45 from pot
*** SUMMARY ***
Total pot $1.50 | Rake $0.05 
Board [7d 6c 3h Jc 5s]
Seat 1: Eremkin (button) folded before Flop (didn't bet)
Seat 3: Alameda22 (small blind) mucked [9h Jh]
Seat 5: Snoof41 (big blind) showed [7h 4s] and won ($1.45) with a straight, Three to Seven
Seat 6: drohne84 folded before Flop (didn't bet)
Seat 8: Askare folded before Flop (didn't bet)
Seat 9: Dester20 folded before Flop (didn't bet)



PokerStars Game #19970888696:  Hold'em No Limit ($0.10/$0.25) - 2008/08/28 - 17:05:19 (ET)
Table 'Ocllo II' 9-max Seat #3 is the button
Seat 1: Eremkin ($7.25 in chips) 
Seat 3: Alameda22 ($21.75 in chips) 
Seat 5: Snoof41 ($25.10 in chips) 
Seat 6: drohne84 ($24.65 in chips) 
Seat 8: Askare ($27.75 in chips) 
Seat 9: Dester20 ($6.70 in chips) 
Snoof41: posts small blind $0.10
drohne84: posts big blind $0.25
Deschain22: sits out 
*** HOLE CARDS ***
Dealt to Alameda22 [8d Ts]
Askare: folds 
Dester20: folds 
alfonsawberg is disconnected 
Eremkin: folds 
Alameda22: folds 
Snoof41: folds 
Uncalled bet ($0.15) returned to drohne84
drohne84 collected $0.20 from pot
drohne84: doesn't show hand 
*** SUMMARY ***
Total pot $0.20 | Rake $0 
Seat 1: Eremkin folded before Flop (didn't bet)
Seat 3: Alameda22 (button) folded before Flop (didn't bet)
Seat 5: Snoof41 (small blind) folded before Flop
Seat 6: drohne84 (big blind) collected ($0.20)
Seat 8: Askare folded before Flop (didn't bet)
Seat 9: Dester20 folded before Flop (didn't bet)



PokerStars Game #19970908712:  Hold'em No Limit ($0.10/$0.25) - 2008/08/28 - 17:06:08 (ET)
Table 'Ocllo II' 9-max Seat #5 is the button
Seat 1: Eremkin ($7.25 in chips) 
Seat 3: Alameda22 ($21.75 in chips) 
Seat 5: Snoof41 ($25 in chips) 
Seat 6: drohne84 ($24.75 in chips) 
Seat 7: Deschain22 ($20 in chips) 
Seat 8: Askare ($27.75 in chips) 
Seat 9: Dester20 ($6.70 in chips) 
drohne84: posts small blind $0.10
Deschain22: posts big blind $0.25
*** HOLE CARDS ***
Dealt to Alameda22 [Ac 4s]
Askare: folds 
Dester20: folds 
Eremkin: folds 
Alameda22: folds 
Snoof41: folds 
drohne84: raises $0.75 to $1
Deschain22: folds 
Uncalled bet ($0.75) returned to drohne84
drohne84 collected $0.50 from pot
drohne84: doesn't show hand 
*** SUMMARY ***
Total pot $0.50 | Rake $0 
Seat 1: Eremkin folded before Flop (didn't bet)
Seat 3: Alameda22 folded before Flop (didn't bet)
Seat 5: Snoof41 (button) folded before Flop (didn't bet)
Seat 6: drohne84 (small blind) collected ($0.50)
Seat 7: Deschain22 (big blind) folded before Flop
Seat 8: Askare folded before Flop (didn't bet)
Seat 9: Dester20 folded before Flop (didn't bet)



PokerStars Game #19970927880:  Hold'em No Limit ($0.10/$0.25) - 2008/08/28 - 17:06:55 (ET)
Table 'Ocllo II' 9-max Seat #6 is the button
Seat 1: Eremkin ($7.25 in chips) 
Seat 3: Alameda22 ($21.75 in chips) 
Seat 5: Snoof41 ($25 in chips) 
Seat 6: drohne84 ($25 in chips) 
Seat 7: Deschain22 ($19.75 in chips) 
Seat 8: Askare ($27.75 in chips) 
Seat 9: Dester20 ($6.70 in chips) 
Deschain22: posts small blind $0.10
Askare: posts big blind $0.25
*** HOLE CARDS ***
Dealt to Alameda22 [9c Js]
Dester20: folds 
Eremkin: calls $0.25
Alameda22: folds 
Snoof41: folds 
drohne84: folds 
Deschain22: folds 
Askare: checks 
*** FLOP *** [7h 9d 3c]
Askare: checks 
Eremkin: checks 
*** TURN *** [7h 9d 3c] [2h]
Askare: checks 
Eremkin: checks 
*** RIVER *** [7h 9d 3c 2h] [Td]
Askare: checks 
Eremkin: checks 
*** SHOW DOWN ***
Askare: shows [Kh 7s] (a pair of Sevens)
Eremkin: mucks hand 
Askare collected $0.60 from pot
*** SUMMARY ***
Total pot $0.60 | Rake $0 
Board [7h 9d 3c 2h Td]
Seat 1: Eremkin mucked [Qc Kd]
Seat 3: Alameda22 folded before Flop (didn't bet)
Seat 5: Snoof41 folded before Flop (didn't bet)
Seat 6: drohne84 (button) folded before Flop (didn't bet)
Seat 7: Deschain22 (small blind) folded before Flop
Seat 8: Askare (big blind) showed [Kh 7s] and won ($0.60) with a pair of Sevens
Seat 9: Dester20 folded before Flop (didn't bet)



PokerStars Game #19970951761:  Hold'em No Limit ($0.10/$0.25) - 2008/08/28 - 17:07:53 (ET)
Table 'Ocllo II' 9-max Seat #7 is the button
Seat 1: Eremkin ($7 in chips) 
Seat 3: Alameda22 ($21.75 in chips) 
Seat 5: Snoof41 ($25 in chips) 
Seat 6: drohne84 ($25 in chips) 
Seat 7: Deschain22 ($19.65 in chips) 
Seat 8: Askare ($28.10 in chips) 
Seat 9: Dester20 ($6.70 in chips) 
Askare: posts small blind $0.10
Dester20: posts big blind $0.25
*** HOLE CARDS ***
Dealt to Alameda22 [2s As]
Eremkin: folds 
Alameda22: folds 
Snoof41: raises $0.50 to $0.75
drohne84: folds 
Deschain22: folds 
Askare: calls $0.65
Dester20: folds 
*** FLOP *** [Kh 9d 6d]
Askare: checks 
Snoof41: checks 
*** TURN *** [Kh 9d 6d] [8h]
Askare: bets $1
Snoof41: calls $1
*** RIVER *** [Kh 9d 6d 8h] [8d]
Askare: bets $2.50
Snoof41: folds 
Uncalled bet ($2.50) returned to Askare
Askare collected $3.60 from pot
*** SUMMARY ***
Total pot $3.75 | Rake $0.15 
Board [Kh 9d 6d 8h 8d]
Seat 1: Eremkin folded before Flop (didn't bet)
Seat 3: Alameda22 folded before Flop (didn't bet)
Seat 5: Snoof41 folded on the River
Seat 6: drohne84 folded before Flop (didn't bet)
Seat 7: Deschain22 (button) folded before Flop (didn't bet)
Seat 8: Askare (small blind) collected ($3.60)
Seat 9: Dester20 (big blind) folded before Flop



PokerStars Game #19970976505:  Hold'em No Limit ($0.10/$0.25) - 2008/08/28 - 17:08:54 (ET)
Table 'Ocllo II' 9-max Seat #8 is the button
Seat 1: Eremkin ($7 in chips) 
Seat 3: Alameda22 ($21.75 in chips) 
Seat 5: Snoof41 ($23.25 in chips) 
Seat 6: drohne84 ($25 in chips) 
Seat 7: Deschain22 ($19.65 in chips) 
Seat 8: Askare ($29.95 in chips) 
Seat 9: Dester20 ($6.45 in chips) 
Dester20: posts small blind $0.10
Eremkin: posts big blind $0.25
*** HOLE CARDS ***
Dealt to Alameda22 [Kh Td]
Alameda22: folds 
Snoof41: folds 
drohne84: folds 
Deschain22: folds 
Askare: folds 
Dester20: folds 
Uncalled bet ($0.15) returned to Eremkin
Eremkin collected $0.20 from pot
Eremkin: doesn't show hand 
*** SUMMARY ***
Total pot $0.20 | Rake $0 
Seat 1: Eremkin (big blind) collected ($0.20)
Seat 3: Alameda22 folded before Flop (didn't bet)
Seat 5: Snoof41 folded before Flop (didn't bet)
Seat 6: drohne84 folded before Flop (didn't bet)
Seat 7: Deschain22 folded before Flop (didn't bet)
Seat 8: Askare (button) folded before Flop (didn't bet)
Seat 9: Dester20 (small blind) folded before Flop



PokerStars Game #19970987984:  Hold'em No Limit ($0.10/$0.25) - 2008/08/28 - 17:09:22 (ET)
Table 'Ocllo II' 9-max Seat #9 is the button
Seat 1: Eremkin ($7.10 in chips) 
Seat 3: Alameda22 ($21.75 in chips) 
Seat 5: Snoof41 ($23.25 in chips) 
Seat 6: drohne84 ($25 in chips) 
Seat 7: Deschain22 ($19.65 in chips) 
Seat 8: Askare ($29.95 in chips) 
Seat 9: Dester20 ($6.35 in chips) 
Eremkin: posts small blind $0.10
Alameda22: posts big blind $0.25
*** HOLE CARDS ***
Dealt to Alameda22 [9d Kh]
Snoof41: folds 
drohne84: folds 
Deschain22: folds 
Askare: folds 
Dester20: folds 
Eremkin: folds 
Uncalled bet ($0.15) returned to Alameda22
Alameda22 collected $0.20 from pot
Alameda22: doesn't show hand 
*** SUMMARY ***
Total pot $0.20 | Rake $0 
Seat 1: Eremkin (small blind) folded before Flop
Seat 3: Alameda22 (big blind) collected ($0.20)
Seat 5: Snoof41 folded before Flop (didn't bet)
Seat 6: drohne84 folded before Flop (didn't bet)
Seat 7: Deschain22 folded before Flop (didn't bet)
Seat 8: Askare folded before Flop (didn't bet)
Seat 9: Dester20 (button) folded before Flop (didn't bet)



PokerStars Game #19970997061:  Hold'em No Limit ($0.10/$0.25) - 2008/08/28 - 17:09:45 (ET)
Table 'Ocllo II' 9-max Seat #1 is the button
Seat 1: Eremkin ($7 in chips) 
Seat 3: Alameda22 ($21.85 in chips) 
Seat 5: Snoof41 ($23.25 in chips) 
Seat 6: drohne84 ($25 in chips) 
Seat 7: Deschain22 ($19.65 in chips) 
Seat 8: Askare ($29.95 in chips) 
Seat 9: Dester20 ($6.35 in chips) 
Alameda22: posts small blind $0.10
Snoof41: posts big blind $0.25
*** HOLE CARDS ***
Dealt to Alameda22 [Ah 3s]
drohne84: folds 
Deschain22: folds 
Askare: folds 
Dester20: folds 
Eremkin: folds 
Alameda22: folds 
Uncalled bet ($0.15) returned to Snoof41
Snoof41 collected $0.20 from pot
Snoof41: doesn't show hand 
*** SUMMARY ***
Total pot $0.20 | Rake $0 
Seat 1: Eremkin (button) folded before Flop (didn't bet)
Seat 3: Alameda22 (small blind) folded before Flop
Seat 5: Snoof41 (big blind) collected ($0.20)
Seat 6: drohne84 folded before Flop (didn't bet)
Seat 7: Deschain22 folded before Flop (didn't bet)
Seat 8: Askare folded before Flop (didn't bet)
Seat 9: Dester20 folded before Flop (didn't bet)



PokerStars Game #19971004865:  Hold'em No Limit ($0.10/$0.25) - 2008/08/28 - 17:10:03 (ET)
Table 'Ocllo II' 9-max Seat #3 is the button
Seat 1: Eremkin ($7 in chips) 
Seat 3: Alameda22 ($21.75 in chips) 
Seat 5: Snoof41 ($23.35 in chips) 
Seat 6: drohne84 ($25 in chips) 
Seat 7: Deschain22 ($19.65 in chips) 
Seat 8: Askare ($29.95 in chips) 
Seat 9: Dester20 ($6.35 in chips) 
Snoof41: posts small blind $0.10
drohne84: posts big blind $0.25
*** HOLE CARDS ***
Dealt to Alameda22 [Qh 7c]
Deschain22: folds 
Askare: folds 
Dester20: raises $0.50 to $0.75
Eremkin: folds 
Alameda22: folds 
Snoof41: calls $0.65
drohne84: folds 
*** FLOP *** [7h 3c 8s]
Snoof41: checks 
Dester20: checks 
*** TURN *** [7h 3c 8s] [Ts]
Snoof41: checks 
Dester20: checks 
*** RIVER *** [7h 3c 8s Ts] [8h]
Snoof41: bets $2
Dester20: folds 
Uncalled bet ($2) returned to Snoof41
Snoof41 collected $1.70 from pot
Snoof41: doesn't show hand 
*** SUMMARY ***
Total pot $1.75 | Rake $0.05 
Board [7h 3c 8s Ts 8h]
Seat 1: Eremkin folded before Flop (didn't bet)
Seat 3: Alameda22 (button) folded before Flop (didn't bet)
Seat 5: Snoof41 (small blind) collected ($1.70)
Seat 6: drohne84 (big blind) folded before Flop
Seat 7: Deschain22 folded before Flop (didn't bet)
Seat 8: Askare folded before Flop (didn't bet)
Seat 9: Dester20 folded on the River



PokerStars Game #19971056117:  Hold'em No Limit ($0.10/$0.25) - 2008/08/28 - 17:12:09 (ET)
Table 'Ocllo II' 9-max Seat #5 is the button
Seat 1: Eremkin ($7 in chips) 
Seat 3: Alameda22 ($21.75 in chips) 
Seat 5: Snoof41 ($24.30 in chips) 
Seat 6: drohne84 ($24.75 in chips) 
Seat 7: Deschain22 ($19.65 in chips) 
Seat 8: Askare ($29.95 in chips) 
Seat 9: Dester20 ($5.60 in chips) 
drohne84: posts small blind $0.10
Deschain22: posts big blind $0.25
*** HOLE CARDS ***
Dealt to Alameda22 [7c Qd]
Nordw1nd joins the table at seat #2 
Askare: folds 
Dester20: folds 
Eremkin: raises $0.50 to $0.75
Alameda22: folds 
Snoof41: folds 
drohne84: folds 
Deschain22: folds 
Uncalled bet ($0.50) returned to Eremkin
Eremkin collected $0.60 from pot
Eremkin: doesn't show hand 
*** SUMMARY ***
Total pot $0.60 | Rake $0 
Seat 1: Eremkin collected ($0.60)
Seat 3: Alameda22 folded before Flop (didn't bet)
Seat 5: Snoof41 (button) folded before Flop (didn't bet)
Seat 6: drohne84 (small blind) folded before Flop
Seat 7: Deschain22 (big blind) folded before Flop
Seat 8: Askare folded before Flop (didn't bet)
Seat 9: Dester20 folded before Flop (didn't bet)



PokerStars Game #19971067917:  Hold'em No Limit ($0.10/$0.25) - 2008/08/28 - 17:12:38 (ET)
Table 'Ocllo II' 9-max Seat #6 is the button
Seat 1: Eremkin ($7.35 in chips) 
Seat 2: Nordw1nd ($19 in chips) 
Seat 3: Alameda22 ($21.75 in chips) 
Seat 5: Snoof41 ($24.30 in chips) 
Seat 6: drohne84 ($24.65 in chips) 
Seat 7: Deschain22 ($19.40 in chips) 
Seat 8: Askare ($29.95 in chips) 
Seat 9: Dester20 ($5.60 in chips) 
Deschain22: posts small blind $0.10
Askare: posts big blind $0.25
Nordw1nd: posts big blind $0.25
*** HOLE CARDS ***
Dealt to Alameda22 [9s Jd]
Dester20: folds 
Eremkin: folds 
Nordw1nd: checks 
Alameda22: folds 
Snoof41: folds 
drohne84: folds 
Deschain22: folds 
Askare: checks 
*** FLOP *** [7c Kd 6h]
Askare: checks 
Nordw1nd: bets $0.25
Askare: folds 
Uncalled bet ($0.25) returned to Nordw1nd
Nordw1nd collected $0.60 from pot
Nordw1nd: doesn't show hand 
*** SUMMARY ***
Total pot $0.60 | Rake $0 
Board [7c Kd 6h]
Seat 1: Eremkin folded before Flop (didn't bet)
Seat 2: Nordw1nd collected ($0.60)
Seat 3: Alameda22 folded before Flop (didn't bet)
Seat 5: Snoof41 folded before Flop (didn't bet)
Seat 6: drohne84 (button) folded before Flop (didn't bet)
Seat 7: Deschain22 (small blind) folded before Flop
Seat 8: Askare (big blind) folded on the Flop
Seat 9: Dester20 folded before Flop (didn't bet)



PokerStars Game #19971086392:  Hold'em No Limit ($0.10/$0.25) - 2008/08/28 - 17:13:23 (ET)
Table 'Ocllo II' 9-max Seat #7 is the button
Seat 1: Eremkin ($7.35 in chips) 
Seat 2: Nordw1nd ($19.35 in chips) 
Seat 3: Alameda22 ($21.75 in chips) 
Seat 5: Snoof41 ($24.30 in chips) 
Seat 6: drohne84 ($24.65 in chips) 
Seat 7: Deschain22 ($19.30 in chips) 
Seat 8: Askare ($29.70 in chips) 
Seat 9: Dester20 ($5.60 in chips) 
Askare: posts small blind $0.10
Dester20: posts big blind $0.25
*** HOLE CARDS ***
Dealt to Alameda22 [8h 5c]
Eremkin: calls $0.25
Nordw1nd: folds 
Alameda22: folds 
Snoof41: folds 
drohne84: folds 
Deschain22: folds 
Askare: folds 
Dester20: checks 
*** FLOP *** [7s 5d 2h]
Dester20: checks 
Eremkin: bets $1
Dester20: folds 
Uncalled bet ($1) returned to Eremkin
Eremkin collected $0.60 from pot
Eremkin: shows [Kh Ks] (a pair of Kings)
*** SUMMARY ***
Total pot $0.60 | Rake $0 
Board [7s 5d 2h]
Seat 1: Eremkin collected ($0.60)
Seat 2: Nordw1nd folded before Flop (didn't bet)
Seat 3: Alameda22 folded before Flop (didn't bet)
Seat 5: Snoof41 folded before Flop (didn't bet)
Seat 6: drohne84 folded before Flop (didn't bet)
Seat 7: Deschain22 (button) folded before Flop (didn't bet)
Seat 8: Askare (small blind) folded before Flop
Seat 9: Dester20 (big blind) folded on the Flop



PokerStars Game #19971104656:  Hold'em No Limit ($0.10/$0.25) - 2008/08/28 - 17:14:08 (ET)
Table 'Ocllo II' 9-max Seat #8 is the button
Seat 1: Eremkin ($7.70 in chips) 
Seat 2: Nordw1nd ($19.35 in chips) 
Seat 3: Alameda22 ($21.75 in chips) 
Seat 5: Snoof41 ($24.30 in chips) 
Seat 6: drohne84 ($24.65 in chips) 
Seat 7: Deschain22 ($19.30 in chips) 
Seat 8: Askare ($29.60 in chips) 
Seat 9: Dester20 ($5.35 in chips) 
Dester20: posts small blind $0.10
Eremkin: posts big blind $0.25
*** HOLE CARDS ***
Dealt to Alameda22 [Jh 7h]
Nordw1nd: folds 
Alameda22: folds 
Snoof41: folds 
drohne84: folds 
Deschain22: folds 
Askare: raises $0.50 to $0.75
Dester20: folds 
Eremkin: folds 
Uncalled bet ($0.50) returned to Askare
Askare collected $0.60 from pot
Askare: doesn't show hand 
*** SUMMARY ***
Total pot $0.60 | Rake $0 
Seat 1: Eremkin (big blind) folded before Flop
Seat 2: Nordw1nd folded before Flop (didn't bet)
Seat 3: Alameda22 folded before Flop (didn't bet)
Seat 5: Snoof41 folded before Flop (didn't bet)
Seat 6: drohne84 folded before Flop (didn't bet)
Seat 7: Deschain22 folded before Flop (didn't bet)
Seat 8: Askare (button) collected ($0.60)
Seat 9: Dester20 (small blind) folded before Flop



PokerStars Game #19971125731:  Hold'em No Limit ($0.10/$0.25) - 2008/08/28 - 17:14:59 (ET)
Table 'Ocllo II' 9-max Seat #9 is the button
Seat 1: Eremkin ($7.45 in chips) 
Seat 2: Nordw1nd ($19.35 in chips) 
Seat 3: Alameda22 ($21.75 in chips) 
Seat 5: Snoof41 ($24.30 in chips) 
Seat 6: drohne84 ($24.65 in chips) 
Seat 7: Deschain22 ($19.30 in chips) 
Seat 8: Askare ($29.95 in chips) 
Seat 9: Dester20 ($5.25 in chips) 
Eremkin: posts small blind $0.10
Nordw1nd: posts big blind $0.25
*** HOLE CARDS ***
Dealt to Alameda22 [6s 4d]
Alameda22: folds 
Snoof41: calls $0.25
drohne84: folds 
Deschain22: calls $0.25
Askare: calls $0.25
Dester20: folds 
Eremkin: folds 
Nordw1nd: raises $0.75 to $1
Snoof41: calls $0.75
alfonsawberg was removed from the table for failing to post
Deschain22: folds 
Askare: calls $0.75
*** FLOP *** [8s Jd 4s]
Nordw1nd: checks 
Snoof41: checks 
Askare: checks 
*** TURN *** [8s Jd 4s] [9h]
Th3 ZodiAc joins the table at seat #4 
Nordw1nd: bets $2
Snoof41: folds 
Askare: raises $6 to $8
Nordw1nd: calls $6
*** RIVER *** [8s Jd 4s 9h] [8d]
Nordw1nd: checks 
Askare: bets $17.75
Nordw1nd: folds 
Uncalled bet ($17.75) returned to Askare
Askare collected $18.40 from pot
*** SUMMARY ***
Total pot $19.35 | Rake $0.95 
Board [8s Jd 4s 9h 8d]
Seat 1: Eremkin (small blind) folded before Flop
Seat 2: Nordw1nd (big blind) folded on the River
Seat 3: Alameda22 folded before Flop (didn't bet)
Seat 5: Snoof41 folded on the Turn
Seat 6: drohne84 folded before Flop (didn't bet)
Seat 7: Deschain22 folded before Flop
Seat 8: Askare collected ($18.40)
Seat 9: Dester20 (button) folded before Flop (didn't bet)



PokerStars Game #19971178886:  Hold'em No Limit ($0.10/$0.25) - 2008/08/28 - 17:17:09 (ET)
Table 'Ocllo II' 9-max Seat #1 is the button
Seat 1: Eremkin ($7.35 in chips) 
Seat 2: Nordw1nd ($10.35 in chips) 
Seat 3: Alameda22 ($21.75 in chips) 
Seat 5: Snoof41 ($23.30 in chips) 
Seat 6: drohne84 ($24.65 in chips) 
Seat 7: Deschain22 ($19.05 in chips) 
Seat 8: Askare ($39.35 in chips) 
Seat 9: Dester20 ($5.25 in chips) 
Nordw1nd: posts small blind $0.10
Alameda22: posts big blind $0.25
Th3 ZodiAc: sits out 
*** HOLE CARDS ***
Dealt to Alameda22 [2c 3c]
Snoof41: calls $0.25
drohne84: folds 
Deschain22: folds 
Askare: folds 
Dester20: folds 
Eremkin: calls $0.25
Nordw1nd: calls $0.15
Nordw1nd said, "89?"
Alameda22: checks 
*** FLOP *** [9h Tc Ac]
Askare said, "nuts"
Nordw1nd: bets $0.25
Alameda22: calls $0.25
Snoof41: raises $0.50 to $0.75
Eremkin: calls $0.75
Nordw1nd: folds 
Alameda22: calls $0.50
*** TURN *** [9h Tc Ac] [8h]
Alameda22: checks 
Nordw1nd said, "nut bluff"
Snoof41: bets $0.75
Eremkin: raises $2.75 to $3.50
Askare said, "whats a nut bluff?"
Alameda22: folds 
Nordw1nd said, "foldet QQ"
Snoof41: calls $2.75
*** RIVER *** [9h Tc Ac 8h] [9c]
Askare said, "well done"
Snoof41: bets $0.75
Eremkin: raises $2.10 to $2.85 and is all-in
Nordw1nd said, "you bluffed or you have 89"
Snoof41: calls $2.10
*** SHOW DOWN ***
Eremkin: shows [Js Qc] (a straight, Eight to Queen)
Snoof41: mucks hand 
Eremkin collected $15.45 from pot
Askare said, "no i had the nuts"
*** SUMMARY ***
Total pot $16.20 | Rake $0.75 
Board [9h Tc Ac 8h 9c]
Seat 1: Eremkin (button) showed [Js Qc] and won ($15.45) with a straight, Eight to Queen
Seat 2: Nordw1nd (small blind) folded on the Flop
Seat 3: Alameda22 (big blind) folded on the Turn
Seat 5: Snoof41 mucked [Th As]
Seat 6: drohne84 folded before Flop (didn't bet)
Seat 7: Deschain22 folded before Flop (didn't bet)
Seat 8: Askare folded before Flop (didn't bet)
Seat 9: Dester20 folded before Flop (didn't bet)



PokerStars Game #19971221873:  Hold'em No Limit ($0.10/$0.25) - 2008/08/28 - 17:18:54 (ET)
Table 'Ocllo II' 9-max Seat #2 is the button
Seat 1: Eremkin ($15.45 in chips) 
Seat 2: Nordw1nd ($19.85 in chips) 
Seat 3: Alameda22 ($20.75 in chips) 
Seat 4: Th3 ZodiAc ($25 in chips) 
Seat 5: Snoof41 ($15.95 in chips) 
Seat 6: drohne84 ($24.65 in chips) 
Seat 7: Deschain22 ($19.05 in chips) 
Seat 8: Askare ($39.35 in chips) 
Seat 9: Dester20 ($5.25 in chips) 
Alameda22: posts small blind $0.10
Th3 ZodiAc: posts big blind $0.25
*** HOLE CARDS ***
Dealt to Alameda22 [Ac 8h]
Nordw1nd said, "but no straight"
Snoof41: folds 
drohne84: folds 
Deschain22: folds 
Askare: folds 
Dester20: folds 
Eremkin: folds 
Eremkin is sitting out
Nordw1nd: raises $0.75 to $1
Alameda22: folds 
Th3 ZodiAc: calls $0.75
*** FLOP *** [2h 6d Qs]
Th3 ZodiAc: checks 
Askare said, "well, which hand was the nuts?"
Nordw1nd: bets $1.40
Th3 ZodiAc: folds 
Uncalled bet ($1.40) returned to Nordw1nd
Nordw1nd collected $2 from pot
Nordw1nd: doesn't show hand 
*** SUMMARY ***
Total pot $2.10 | Rake $0.10 
Board [2h 6d Qs]
Seat 1: Eremkin folded before Flop (didn't bet)
Seat 2: Nordw1nd (button) collected ($2)
Seat 3: Alameda22 (small blind) folded before Flop
Seat 4: Th3 ZodiAc (big blind) folded on the Flop
Seat 5: Snoof41 folded before Flop (didn't bet)
Seat 6: drohne84 folded before Flop (didn't bet)
Seat 7: Deschain22 folded before Flop (didn't bet)
Seat 8: Askare folded before Flop (didn't bet)
Seat 9: Dester20 folded before Flop (didn't bet)



PokerStars Game #19971243707:  Hold'em No Limit ($0.10/$0.25) - 2008/08/28 - 17:19:48 (ET)
Table 'Ocllo II' 9-max Seat #3 is the button
Seat 2: Nordw1nd ($20.85 in chips) 
Seat 3: Alameda22 ($20.65 in chips) 
Seat 4: Th3 ZodiAc ($24 in chips) 
Seat 5: Snoof41 ($15.95 in chips) 
Seat 6: drohne84 ($24.65 in chips) 
Seat 7: Deschain22 ($19.05 in chips) 
Seat 8: Askare ($39.35 in chips) 
Seat 9: Dester20 ($5.25 in chips) 
Th3 ZodiAc: posts small blind $0.10
Eremkin leaves the table
Nordw1nd said, "fh"
Snoof41: posts big blind $0.25
*** HOLE CARDS ***
Dealt to Alameda22 [5s Ks]
Askare said, "fh?"
Nordw1nd said, "89"
drohne84: folds 
Deschain22: folds 
Askare: folds 
Dester20: folds 
Nordw1nd: raises $0.75 to $1
AYWS joins the table at seat #1 
Alameda22: folds 
Askare said, "lol i had the nuts - but i had not 89"
Th3 ZodiAc: folds 
Snoof41: folds 
Uncalled bet ($0.75) returned to Nordw1nd
Nordw1nd collected $0.60 from pot
*** SUMMARY ***
Total pot $0.60 | Rake $0 
Seat 2: Nordw1nd collected ($0.60)
Seat 3: Alameda22 (button) folded before Flop (didn't bet)
Seat 4: Th3 ZodiAc (small blind) folded before Flop
Seat 5: Snoof41 (big blind) folded before Flop
Seat 6: drohne84 folded before Flop (didn't bet)
Seat 7: Deschain22 folded before Flop (didn't bet)
Seat 8: Askare folded before Flop (didn't bet)
Seat 9: Dester20 folded before Flop (didn't bet)



PokerStars Game #19971262361:  Hold'em No Limit ($0.10/$0.25) - 2008/08/28 - 17:20:34 (ET)
Table 'Ocllo II' 9-max Seat #4 is the button
Seat 1: AYWS ($15.95 in chips) 
Seat 2: Nordw1nd ($21.20 in chips) 
Seat 3: Alameda22 ($20.65 in chips) 
Seat 4: Th3 ZodiAc ($23.90 in chips) 
Seat 5: Snoof41 ($15.70 in chips) 
Seat 6: drohne84 ($24.65 in chips) 
Seat 7: Deschain22 ($19.05 in chips) 
Seat 8: Askare ($39.35 in chips) 
Seat 9: Dester20 ($5.25 in chips) 
Nordw1nd said, "full house would be the nuts"
Askare said, "full house was not the nuts, sir"
Snoof41: posts small blind $0.10
drohne84: posts big blind $0.25
AYWS: posts big blind $0.25
*** HOLE CARDS ***
Dealt to Alameda22 [6c 5c]
Deschain22: folds 
Askare: folds 
Deschain22 leaves the table
Dester20: folds 
AYWS: checks 
Nordw1nd: folds 
Alameda22: folds 
Th3 ZodiAc: folds 
Snoof41: calls $0.15
drohne84: checks 
*** FLOP *** [3s Td Jc]
Nordw1nd said, "oha, 88"
Snoof41: bets $0.50
drohne84: folds 
Askare said, "yes sir"
AYWS: calls $0.50
*** TURN *** [3s Td Jc] [3c]
Snoof41: bets $0.50
AYWS: raises $1 to $1.50
Snoof41: calls $1
*** RIVER *** [3s Td Jc 3c] [7d]
Snoof41: bets $0.50
AYWS: calls $0.50
*** SHOW DOWN ***
Snoof41: shows [Ac Js] (two pair, Jacks and Threes)
AYWS: shows [7h As] (two pair, Sevens and Threes)
Snoof41 collected $5.50 from pot
*** SUMMARY ***
Total pot $5.75 | Rake $0.25 
Board [3s Td Jc 3c 7d]
Seat 1: AYWS showed [7h As] and lost with two pair, Sevens and Threes
Seat 2: Nordw1nd folded before Flop (didn't bet)
Seat 3: Alameda22 folded before Flop (didn't bet)
Seat 4: Th3 ZodiAc (button) folded before Flop (didn't bet)
Seat 5: Snoof41 (small blind) showed [Ac Js] and won ($5.50) with two pair, Jacks and Threes
Seat 6: drohne84 (big blind) folded on the Flop
Seat 7: Deschain22 folded before Flop (didn't bet)
Seat 8: Askare folded before Flop (didn't bet)
Seat 9: Dester20 folded before Flop (didn't bet)



PokerStars Game #19971294564:  Hold'em No Limit ($0.10/$0.25) - 2008/08/28 - 17:21:53 (ET)
Table 'Ocllo II' 9-max Seat #5 is the button
Seat 1: AYWS ($13.20 in chips) 
Seat 2: Nordw1nd ($21.20 in chips) 
Seat 3: Alameda22 ($20.65 in chips) 
Seat 4: Th3 ZodiAc ($23.90 in chips) 
Seat 5: Snoof41 ($18.45 in chips) 
Seat 6: drohne84 ($24.40 in chips) 
Seat 8: Askare ($39.35 in chips) 
Seat 9: Dester20 ($5.25 in chips) 
drohne84: posts small blind $0.10
Askare: posts big blind $0.25
*** HOLE CARDS ***
Dealt to Alameda22 [9h 5h]
Nordw1nd said, "ok, super laydown ;-)"
Dester20: folds 
AYWS: folds 
AYWS leaves the table
Nordw1nd: folds 
Alameda22: folds 
Th3 ZodiAc: folds 
drohne84 said, "askare mr ps.de"
Snoof41: folds 
drohne84: folds 
Uncalled bet ($0.15) returned to Askare
Askare collected $0.20 from pot
*** SUMMARY ***
Total pot $0.20 | Rake $0 
Seat 1: AYWS folded before Flop (didn't bet)
Seat 2: Nordw1nd folded before Flop (didn't bet)
Seat 3: Alameda22 folded before Flop (didn't bet)
Seat 4: Th3 ZodiAc folded before Flop (didn't bet)
Seat 5: Snoof41 (button) folded before Flop (didn't bet)
Seat 6: drohne84 (small blind) folded before Flop
Seat 8: Askare (big blind) collected ($0.20)
Seat 9: Dester20 folded before Flop (didn't bet)



PokerStars Game #19971307041:  Hold'em No Limit ($0.10/$0.25) - 2008/08/28 - 17:22:24 (ET)
Table 'Ocllo II' 9-max Seat #6 is the button
Seat 2: Nordw1nd ($21.20 in chips) 
Seat 3: Alameda22 ($20.65 in chips) 
Seat 4: Th3 ZodiAc ($23.90 in chips) 
Seat 5: Snoof41 ($18.45 in chips) 
Seat 6: drohne84 ($24.90 in chips) 
Seat 8: Askare ($39.45 in chips) 
Seat 9: Dester20 ($5.25 in chips) 
Askare: posts small blind $0.10
m & m NJ joins the table at seat #7 
Askare said, "sorry?"
Dester20: posts big blind $0.25
*** HOLE CARDS ***
Dealt to Alameda22 [Qd 5c]
Nordw1nd: folds 
Alameda22: folds 
Th3 ZodiAc: folds 
Snoof41: folds 
drohne84 said, "ps.de member?"
drohne84: raises $0.75 to $1
Askare: folds 
drylakeman joins the table at seat #1 
Dester20: calls $0.75
*** FLOP *** [Ts 2h 2d]
Nordw1nd said, "das fragen staendig irgendwelche leute"
Nordw1nd said, "keine ahnung, was das sein soll"
Dester20: bets $1.50
drohne84: folds 
Uncalled bet ($1.50) returned to Dester20
Dester20 collected $2 from pot
Dester20: doesn't show hand 
*** SUMMARY ***
Total pot $2.10 | Rake $0.10 
Board [Ts 2h 2d]
Seat 2: Nordw1nd folded before Flop (didn't bet)
Seat 3: Alameda22 folded before Flop (didn't bet)
Seat 4: Th3 ZodiAc folded before Flop (didn't bet)
Seat 5: Snoof41 folded before Flop (didn't bet)
Seat 6: drohne84 (button) folded on the Flop
Seat 8: Askare (small blind) folded before Flop
Seat 9: Dester20 (big blind) collected ($2)



PokerStars Game #19971330557:  Hold'em No Limit ($0.10/$0.25) - 2008/08/28 - 17:23:23 (ET)
Table 'Ocllo II' 9-max Seat #8 is the button
Seat 1: drylakeman ($15.30 in chips) 
Seat 2: Nordw1nd ($21.20 in chips) 
Seat 3: Alameda22 ($20.65 in chips) 
Seat 4: Th3 ZodiAc ($23.90 in chips) 
Seat 5: Snoof41 ($18.45 in chips) 
Seat 6: drohne84 ($23.90 in chips) 
Seat 7: m & m NJ ($15 in chips) 
Seat 8: Askare ($39.35 in chips) 
Seat 9: Dester20 ($6.25 in chips) 
Dester20: posts small blind $0.10
drylakeman: posts big blind $0.25
m & m NJ: posts big blind $0.25
*** HOLE CARDS ***
Dealt to Alameda22 [Ks Qc]
Nordw1nd: folds 
Alameda22: folds 
Askare said, "i have never heard from ps.de"
Th3 ZodiAc: folds 
drohne84 said, "ich eben auch nich"
Snoof41: folds 
drohne84: folds 
Askare said, "what is it"
m & m NJ: checks 
Askare: folds 
Dester20: folds 
drylakeman: checks 
*** FLOP *** [7d 2h 9h]
drylakeman: checks 
m & m NJ: checks 
*** TURN *** [7d 2h 9h] [9d]
drylakeman: bets $0.25
m & m NJ: folds 
Uncalled bet ($0.25) returned to drylakeman
drylakeman collected $0.60 from pot
drylakeman: doesn't show hand 
*** SUMMARY ***
Total pot $0.60 | Rake $0 
Board [7d 2h 9h 9d]
Seat 1: drylakeman (big blind) collected ($0.60)
Seat 2: Nordw1nd folded before Flop (didn't bet)
Seat 3: Alameda22 folded before Flop (didn't bet)
Seat 4: Th3 ZodiAc folded before Flop (didn't bet)
Seat 5: Snoof41 folded before Flop (didn't bet)
Seat 6: drohne84 folded before Flop (didn't bet)
Seat 7: m & m NJ folded on the Turn
Seat 8: Askare (button) folded before Flop (didn't bet)
Seat 9: Dester20 (small blind) folded before Flop



PokerStars Game #19971348849:  Hold'em No Limit ($0.10/$0.25) - 2008/08/28 - 17:24:09 (ET)
Table 'Ocllo II' 9-max Seat #9 is the button
Seat 1: drylakeman ($15.65 in chips) 
Seat 2: Nordw1nd ($21.20 in chips) 
Seat 3: Alameda22 ($20.65 in chips) 
Seat 4: Th3 ZodiAc ($23.90 in chips) 
Seat 5: Snoof41 ($18.45 in chips) 
Seat 6: drohne84 ($25 in chips) 
Seat 7: m & m NJ ($14.75 in chips) 
Seat 8: Askare ($39.35 in chips) 
Seat 9: Dester20 ($6.15 in chips) 
drylakeman: posts small blind $0.10
Nordw1nd: posts big blind $0.25
*** HOLE CARDS ***
Dealt to Alameda22 [Qh 5s]
Alameda22: folds 
Th3 ZodiAc: folds 
Askare said, "drohne - what is a ps.de - member"
Snoof41: folds 
drohne84: raises $0.75 to $1
m & m NJ: folds 
Askare: folds 
Dester20: folds 
drylakeman: folds 
Nordw1nd: folds 
Uncalled bet ($0.75) returned to drohne84
drohne84 collected $0.60 from pot
drohne84: doesn't show hand 
drohne84 said, "dont know"
*** SUMMARY ***
Total pot $0.60 | Rake $0 
Seat 1: drylakeman (small blind) folded before Flop
Seat 2: Nordw1nd (big blind) folded before Flop
Seat 3: Alameda22 folded before Flop (didn't bet)
Seat 4: Th3 ZodiAc folded before Flop (didn't bet)
Seat 5: Snoof41 folded before Flop (didn't bet)
Seat 6: drohne84 collected ($0.60)
Seat 7: m & m NJ folded before Flop (didn't bet)
Seat 8: Askare folded before Flop (didn't bet)
Seat 9: Dester20 (button) folded before Flop (didn't bet)



PokerStars Game #19971363813:  Hold'em No Limit ($0.10/$0.25) - 2008/08/28 - 17:24:46 (ET)
Table 'Ocllo II' 9-max Seat #1 is the button
Seat 1: drylakeman ($15.55 in chips) 
Seat 2: Nordw1nd ($20.95 in chips) 
Seat 3: Alameda22 ($20.65 in chips) 
Seat 4: Th3 ZodiAc ($23.90 in chips) 
Seat 5: Snoof41 ($18.45 in chips) 
Seat 6: drohne84 ($25.35 in chips) 
Seat 7: m & m NJ ($14.75 in chips) 
Seat 8: Askare ($39.35 in chips) 
Seat 9: Dester20 ($6.15 in chips) 
Nordw1nd: posts small blind $0.10
Alameda22: posts big blind $0.25
*** HOLE CARDS ***
Dealt to Alameda22 [Th Js]
Th3 ZodiAc: folds 
Snoof41: folds 
Askare said, "lol"
drohne84: folds 
m & m NJ: folds 
Askare: calls $0.25
Dester20: folds 
drylakeman: folds 
Nordw1nd: calls $0.15
Alameda22: checks 
*** FLOP *** [2s 3c 7d]
Nordw1nd: checks 
Alameda22: checks 
Askare: bets $0.50
Nordw1nd: folds 
Alameda22: folds 
Uncalled bet ($0.50) returned to Askare
Askare collected $0.75 from pot
*** SUMMARY ***
Total pot $0.75 | Rake $0 
Board [2s 3c 7d]
Seat 1: drylakeman (button) folded before Flop (didn't bet)
Seat 2: Nordw1nd (small blind) folded on the Flop
Seat 3: Alameda22 (big blind) folded on the Flop
Seat 4: Th3 ZodiAc folded before Flop (didn't bet)
Seat 5: Snoof41 folded before Flop (didn't bet)
Seat 6: drohne84 folded before Flop (didn't bet)
Seat 7: m & m NJ folded before Flop (didn't bet)
Seat 8: Askare collected ($0.75)
Seat 9: Dester20 folded before Flop (didn't bet)



PokerStars Game #19971388556:  Hold'em No Limit ($0.10/$0.25) - 2008/08/28 - 17:25:47 (ET)
Table 'Ocllo II' 9-max Seat #2 is the button
Seat 1: drylakeman ($15.55 in chips) 
Seat 2: Nordw1nd ($20.70 in chips) 
Seat 3: Alameda22 ($20.40 in chips) 
Seat 4: Th3 ZodiAc ($23.90 in chips) 
Seat 5: Snoof41 ($18.45 in chips) 
Seat 6: drohne84 ($25.35 in chips) 
Seat 7: m & m NJ ($14.75 in chips) 
Seat 8: Askare ($39.85 in chips) 
Seat 9: Dester20 ($6.15 in chips) 
Alameda22: posts small blind $0.10
Th3 ZodiAc: posts big blind $0.25
*** HOLE CARDS ***
Dealt to Alameda22 [3s Jh]
Snoof41: folds 
drohne84: folds 
m & m NJ: folds 
m & m NJ leaves the table
Askare: folds 
Dester20: folds 
drylakeman: folds 
Nordw1nd: raises $0.75 to $1
Alameda22: folds 
Th3 ZodiAc: folds 
Uncalled bet ($0.75) returned to Nordw1nd
Nordw1nd collected $0.60 from pot
Nordw1nd: doesn't show hand 
*** SUMMARY ***
Total pot $0.60 | Rake $0 
Seat 1: drylakeman folded before Flop (didn't bet)
Seat 2: Nordw1nd (button) collected ($0.60)
Seat 3: Alameda22 (small blind) folded before Flop
Seat 4: Th3 ZodiAc (big blind) folded before Flop
Seat 5: Snoof41 folded before Flop (didn't bet)
Seat 6: drohne84 folded before Flop (didn't bet)
Seat 7: m & m NJ folded before Flop (didn't bet)
Seat 8: Askare folded before Flop (didn't bet)
Seat 9: Dester20 folded before Flop (didn't bet)



PokerStars Game #19971403939:  Hold'em No Limit ($0.10/$0.25) - 2008/08/28 - 17:26:26 (ET)
Table 'Ocllo II' 9-max Seat #3 is the button
Seat 1: drylakeman ($15.55 in chips) 
Seat 2: Nordw1nd ($21.05 in chips) 
Seat 3: Alameda22 ($20.30 in chips) 
Seat 4: Th3 ZodiAc ($23.65 in chips) 
Seat 5: Snoof41 ($18.45 in chips) 
Seat 6: drohne84 ($25.35 in chips) 
Seat 8: Askare ($39.85 in chips) 
Seat 9: Dester20 ($6.15 in chips) 
Th3 ZodiAc: posts small blind $0.10
Snoof41: posts big blind $0.25
*** HOLE CARDS ***
Dealt to Alameda22 [5d 4d]
drohne84: folds 
Askare: folds 
Dester20: folds 
drylakeman: folds 
Nordw1nd: raises $0.75 to $1
Alameda22: folds 
Th3 ZodiAc: folds 
Snoof41: folds 
Uncalled bet ($0.75) returned to Nordw1nd
Nordw1nd collected $0.60 from pot
Nordw1nd: doesn't show hand 
*** SUMMARY ***
Total pot $0.60 | Rake $0 
Seat 1: drylakeman folded before Flop (didn't bet)
Seat 2: Nordw1nd collected ($0.60)
Seat 3: Alameda22 (button) folded before Flop (didn't bet)
Seat 4: Th3 ZodiAc (small blind) folded before Flop
Seat 5: Snoof41 (big blind) folded before Flop
Seat 6: drohne84 folded before Flop (didn't bet)
Seat 8: Askare folded before Flop (didn't bet)
Seat 9: Dester20 folded before Flop (didn't bet)



PokerStars Game #19971416298:  Hold'em No Limit ($0.10/$0.25) - 2008/08/28 - 17:26:57 (ET)
Table 'Ocllo II' 9-max Seat #4 is the button
Seat 1: drylakeman ($15.55 in chips) 
Seat 2: Nordw1nd ($21.40 in chips) 
Seat 3: Alameda22 ($20.30 in chips) 
Seat 4: Th3 ZodiAc ($23.55 in chips) 
Seat 5: Snoof41 ($18.20 in chips) 
Seat 6: drohne84 ($25.35 in chips) 
Seat 8: Askare ($39.85 in chips) 
Seat 9: Dester20 ($6.15 in chips) 
Snoof41: posts small blind $0.10
drohne84: posts big blind $0.25
*** HOLE CARDS ***
Dealt to Alameda22 [Td 7d]
Askare: folds 
Dester20: folds 
drylakeman: folds 
Nordw1nd: raises $0.60 to $0.85
Alameda22: folds 
Th3 ZodiAc: folds 
Snoof41: calls $0.75
drohne84: folds 
*** FLOP *** [6c 9d Ah]
Snoof41: checks 
Nordw1nd: checks 
*** TURN *** [6c 9d Ah] [Tc]
Snoof41: bets $0.25
Nordw1nd: raises $0.35 to $0.60
Snoof41: calls $0.35
*** RIVER *** [6c 9d Ah Tc] [9h]
Snoof41: bets $0.25
Nordw1nd: calls $0.25
*** SHOW DOWN ***
Snoof41: shows [Kc Ks] (two pair, Kings and Nines)
Nordw1nd: shows [Jh As] (two pair, Aces and Nines)
Nordw1nd collected $3.50 from pot
*** SUMMARY ***
Total pot $3.65 | Rake $0.15 
Board [6c 9d Ah Tc 9h]
Seat 1: drylakeman folded before Flop (didn't bet)
Seat 2: Nordw1nd showed [Jh As] and won ($3.50) with two pair, Aces and Nines
Seat 3: Alameda22 folded before Flop (didn't bet)
Seat 4: Th3 ZodiAc (button) folded before Flop (didn't bet)
Seat 5: Snoof41 (small blind) showed [Kc Ks] and lost with two pair, Kings and Nines
Seat 6: drohne84 (big blind) folded before Flop
Seat 8: Askare folded before Flop (didn't bet)
Seat 9: Dester20 folded before Flop (didn't bet)



PokerStars Game #19971442841:  Hold'em No Limit ($0.10/$0.25) - 2008/08/28 - 17:28:03 (ET)
Table 'Ocllo II' 9-max Seat #5 is the button
Seat 1: drylakeman ($15.55 in chips) 
Seat 2: Nordw1nd ($23.20 in chips) 
Seat 3: Alameda22 ($20.30 in chips) 
Seat 4: Th3 ZodiAc ($23.55 in chips) 
Seat 5: Snoof41 ($16.50 in chips) 
Seat 6: drohne84 ($25.10 in chips) 
Seat 8: Askare ($39.85 in chips) 
Seat 9: Dester20 ($6.15 in chips) 
drohne84: posts small blind $0.10
Askare: posts big blind $0.25
*** HOLE CARDS ***
Dealt to Alameda22 [Qs Tc]
Dester20: folds 
drylakeman: calls $0.25
Nordw1nd: calls $0.25
Alameda22: folds 
Th3 ZodiAc: folds 
Snoof41: folds 
drohne84: folds 
Askare: checks 
*** FLOP *** [Ac Js 9s]
Askare: checks 
drylakeman: checks 
Nordw1nd: bets $0.45
Askare: folds 
mets2602 joins the table at seat #7 
drylakeman: calls $0.45
*** TURN *** [Ac Js 9s] [Td]
drylakeman: checks 
Nordw1nd: bets $1
drylakeman: calls $1
*** RIVER *** [Ac Js 9s Td] [6d]
drylakeman: checks 
Nordw1nd: bets $2.20
drylakeman: folds 
Uncalled bet ($2.20) returned to Nordw1nd
Nordw1nd collected $3.60 from pot
Nordw1nd: doesn't show hand 
*** SUMMARY ***
Total pot $3.75 | Rake $0.15 
Board [Ac Js 9s Td 6d]
Seat 1: drylakeman folded on the River
Seat 2: Nordw1nd collected ($3.60)
Seat 3: Alameda22 folded before Flop (didn't bet)
Seat 4: Th3 ZodiAc folded before Flop (didn't bet)
Seat 5: Snoof41 (button) folded before Flop (didn't bet)
Seat 6: drohne84 (small blind) folded before Flop
Seat 8: Askare (big blind) folded on the Flop
Seat 9: Dester20 folded before Flop (didn't bet)



PokerStars Game #19971472636:  Hold'em No Limit ($0.10/$0.25) - 2008/08/28 - 17:29:16 (ET)
Table 'Ocllo II' 9-max Seat #6 is the button
Seat 1: drylakeman ($13.85 in chips) 
Seat 2: Nordw1nd ($25.10 in chips) 
Seat 3: Alameda22 ($20.30 in chips) 
Seat 4: Th3 ZodiAc ($23.55 in chips) 
Seat 5: Snoof41 ($16.50 in chips) 
Seat 6: drohne84 ($25 in chips) 
Seat 8: Askare ($39.60 in chips) 
mets2602 will be allowed to play after the button
Askare: posts small blind $0.10
Dester20: is sitting out 
drylakeman: posts big blind $0.25
*** HOLE CARDS ***
Dealt to Alameda22 [3h 8c]
Dester20 leaves the table
Nordw1nd: folds 
Alameda22: folds 
Th3 ZodiAc: folds 
Snoof41: calls $0.25
drohne84: folds 
Askare: folds 
drylakeman: checks 
*** FLOP *** [Js 8s 9d]
drylakeman: bets $0.25
Snoof41: raises $0.25 to $0.50
drylakeman: calls $0.25
*** TURN *** [Js 8s 9d] [9c]
drylakeman: checks 
Snoof41: checks 
*** RIVER *** [Js 8s 9d 9c] [Jc]
drylakeman: bets $1.25
Snoof41: raises $14.50 to $15.75 and is all-in
drylakeman: calls $11.85 and is all-in
Uncalled bet ($2.65) returned to Snoof41
*** SHOW DOWN ***
Snoof41: shows [9s 9h] (four of a kind, Nines)
drylakeman: mucks hand 
Snoof41 collected $26.45 from pot
*** SUMMARY ***
Total pot $27.80 | Rake $1.35 
Board [Js 8s 9d 9c Jc]
Seat 1: drylakeman (big blind) mucked [Jd 7s]
Seat 2: Nordw1nd folded before Flop (didn't bet)
Seat 3: Alameda22 folded before Flop (didn't bet)
Seat 4: Th3 ZodiAc folded before Flop (didn't bet)
Seat 5: Snoof41 showed [9s 9h] and won ($26.45) with four of a kind, Nines
Seat 6: drohne84 (button) folded before Flop (didn't bet)
Seat 8: Askare (small blind) folded before Flop



PokerStars Game #19971510391:  Hold'em No Limit ($0.10/$0.25) - 2008/08/28 - 17:30:50 (ET)
Table 'Ocllo II' 9-max Seat #8 is the button
Seat 2: Nordw1nd ($25.10 in chips) 
Seat 3: Alameda22 ($20.30 in chips) 
Seat 4: Th3 ZodiAc ($23.55 in chips) 
Seat 5: Snoof41 ($29.10 in chips) 
Seat 6: drohne84 ($25 in chips) 
Seat 7: mets2602 ($15 in chips) 
Seat 8: Askare ($39.50 in chips) 
Nordw1nd: posts small blind $0.10
Alameda22: posts big blind $0.25
mets2602: posts big blind $0.25
*** HOLE CARDS ***
Dealt to Alameda22 [5s 4s]
Th3 ZodiAc: folds 
Snoof41: calls $0.25
drohne84: folds 
drylakeman leaves the table
mets2602: checks 
Askare: folds 
Nordw1nd: calls $0.15
Alameda22: checks 
*** FLOP *** [Js 3s Kd]
Nordw1nd: bets $0.25
Alameda22: calls $0.25
Snoof41: calls $0.25
mets2602: raises $1.05 to $1.30
Nordw1nd: folds 
Alameda22: calls $1.05
Snoof41: folds 
*** TURN *** [Js 3s Kd] [6h]
Alameda22: checks 
mets2602: bets $3
Alameda22: calls $3
*** RIVER *** [Js 3s Kd 6h] [8c]
Alameda22: checks 
mets2602: bets $5
Alameda22: folds 
Uncalled bet ($5) returned to mets2602
mets2602 collected $9.65 from pot
mets2602: doesn't show hand 
*** SUMMARY ***
Total pot $10.10 | Rake $0.45 
Board [Js 3s Kd 6h 8c]
Seat 2: Nordw1nd (small blind) folded on the Flop
Seat 3: Alameda22 (big blind) folded on the River
Seat 4: Th3 ZodiAc folded before Flop (didn't bet)
Seat 5: Snoof41 folded on the Flop
Seat 6: drohne84 folded before Flop (didn't bet)
Seat 7: mets2602 collected ($9.65)
Seat 8: Askare (button) folded before Flop (didn't bet)



PokerStars Game #19971552199:  Hold'em No Limit ($0.10/$0.25) - 2008/08/28 - 17:32:30 (ET)
Table 'Ocllo II' 9-max Seat #2 is the button
Seat 2: Nordw1nd ($24.60 in chips) 
Seat 3: Alameda22 ($15.75 in chips) 
Seat 4: Th3 ZodiAc ($23.55 in chips) 
Seat 5: Snoof41 ($28.60 in chips) 
Seat 6: drohne84 ($25 in chips) 
Seat 7: mets2602 ($20.10 in chips) 
Seat 8: Askare ($39.50 in chips) 
Alameda22: posts small blind $0.10
Th3 ZodiAc: posts big blind $0.25
*** HOLE CARDS ***
Dealt to Alameda22 [2d 9c]
Snoof41: folds 
drohne84: folds 
mets2602: folds 
Askare: folds 
Nordw1nd: raises $0.75 to $1
Alameda22: folds 
Th3 ZodiAc: folds 
Uncalled bet ($0.75) returned to Nordw1nd
Nordw1nd collected $0.60 from pot
Nordw1nd: doesn't show hand 
*** SUMMARY ***
Total pot $0.60 | Rake $0 
Seat 2: Nordw1nd (button) collected ($0.60)
Seat 3: Alameda22 (small blind) folded before Flop
Seat 4: Th3 ZodiAc (big blind) folded before Flop
Seat 5: Snoof41 folded before Flop (didn't bet)
Seat 6: drohne84 folded before Flop (didn't bet)
Seat 7: mets2602 folded before Flop (didn't bet)
Seat 8: Askare folded before Flop (didn't bet)



PokerStars Game #19971564722:  Hold'em No Limit ($0.10/$0.25) - 2008/08/28 - 17:33:01 (ET)
Table 'Ocllo II' 9-max Seat #3 is the button
Seat 2: Nordw1nd ($24.95 in chips) 
Seat 3: Alameda22 ($15.65 in chips) 
Seat 4: Th3 ZodiAc ($23.30 in chips) 
Seat 5: Snoof41 ($28.60 in chips) 
Seat 6: drohne84 ($25 in chips) 
Seat 7: mets2602 ($20.10 in chips) 
Seat 8: Askare ($39.50 in chips) 
Th3 ZodiAc: posts small blind $0.10
Snoof41: posts big blind $0.25
*** HOLE CARDS ***
Dealt to Alameda22 [6h Kc]
drohne84: folds 
mets2602: folds 
Askare: folds 
Nordw1nd: raises $0.75 to $1
Alameda22: folds 
Th3 ZodiAc: folds 
Snoof41: folds 
Uncalled bet ($0.75) returned to Nordw1nd
Nordw1nd collected $0.60 from pot
Nordw1nd: doesn't show hand 
*** SUMMARY ***
Total pot $0.60 | Rake $0 
Seat 2: Nordw1nd collected ($0.60)
Seat 3: Alameda22 (button) folded before Flop (didn't bet)
Seat 4: Th3 ZodiAc (small blind) folded before Flop
Seat 5: Snoof41 (big blind) folded before Flop
Seat 6: drohne84 folded before Flop (didn't bet)
Seat 7: mets2602 folded before Flop (didn't bet)
Seat 8: Askare folded before Flop (didn't bet)



PokerStars Game #19971583000:  Hold'em No Limit ($0.10/$0.25) - 2008/08/28 - 17:33:45 (ET)
Table 'Ocllo II' 9-max Seat #4 is the button
Seat 2: Nordw1nd ($25.30 in chips) 
Seat 3: Alameda22 ($15.65 in chips) 
Seat 4: Th3 ZodiAc ($23.20 in chips) 
Seat 5: Snoof41 ($28.35 in chips) 
Seat 6: drohne84 ($25 in chips) 
Seat 7: mets2602 ($20.10 in chips) 
Seat 8: Askare ($39.50 in chips) 
Snoof41: posts small blind $0.10
drohne84: posts big blind $0.25
*** HOLE CARDS ***
Dealt to Alameda22 [Qc 2h]
mets2602: folds 
Askare: folds 
Nordw1nd: folds 
Alameda22: folds 
Th3 ZodiAc: folds 
Snoof41: raises $0.50 to $0.75
drohne84: folds 
Uncalled bet ($0.50) returned to Snoof41
Snoof41 collected $0.50 from pot
Snoof41: doesn't show hand 
*** SUMMARY ***
Total pot $0.50 | Rake $0 
Seat 2: Nordw1nd folded before Flop (didn't bet)
Seat 3: Alameda22 folded before Flop (didn't bet)
Seat 4: Th3 ZodiAc (button) folded before Flop (didn't bet)
Seat 5: Snoof41 (small blind) collected ($0.50)
Seat 6: drohne84 (big blind) folded before Flop
Seat 7: mets2602 folded before Flop (didn't bet)
Seat 8: Askare folded before Flop (didn't bet)



PokerStars Game #19971592656:  Hold'em No Limit ($0.10/$0.25) - 2008/08/28 - 17:34:08 (ET)
Table 'Ocllo II' 9-max Seat #5 is the button
Seat 2: Nordw1nd ($25.30 in chips) 
Seat 3: Alameda22 ($15.65 in chips) 
Seat 4: Th3 ZodiAc ($23.20 in chips) 
Seat 5: Snoof41 ($28.60 in chips) 
Seat 6: drohne84 ($24.75 in chips) 
Seat 7: mets2602 ($20.10 in chips) 
Seat 8: Askare ($39.50 in chips) 
drohne84: posts small blind $0.10
mets2602: posts big blind $0.25
*** HOLE CARDS ***
Dealt to Alameda22 [5h 7c]
Askare: folds 
Nordw1nd: raises $0.60 to $0.85
Alameda22: folds 
Th3 ZodiAc: folds 
Snoof41: folds 
drohne84: folds 
mets2602: folds 
Uncalled bet ($0.60) returned to Nordw1nd
Nordw1nd collected $0.60 from pot
Nordw1nd: doesn't show hand 
*** SUMMARY ***
Total pot $0.60 | Rake $0 
Seat 2: Nordw1nd collected ($0.60)
Seat 3: Alameda22 folded before Flop (didn't bet)
Seat 4: Th3 ZodiAc folded before Flop (didn't bet)
Seat 5: Snoof41 (button) folded before Flop (didn't bet)
Seat 6: drohne84 (small blind) folded before Flop
Seat 7: mets2602 (big blind) folded before Flop
Seat 8: Askare folded before Flop (didn't bet)



PokerStars Game #19971607336:  Hold'em No Limit ($0.10/$0.25) - 2008/08/28 - 17:34:45 (ET)
Table 'Ocllo II' 9-max Seat #6 is the button
Seat 2: Nordw1nd ($25.65 in chips) 
Seat 3: Alameda22 ($25 in chips) 
Seat 4: Th3 ZodiAc ($23.20 in chips) 
Seat 5: Snoof41 ($28.60 in chips) 
Seat 6: drohne84 ($24.65 in chips) 
Seat 7: mets2602 ($19.85 in chips) 
Seat 8: Askare ($39.50 in chips) 
mets2602: posts small blind $0.10
Askare: posts big blind $0.25
*** HOLE CARDS ***
Dealt to Alameda22 [9c Qs]
Nordw1nd: folds 
Alameda22: folds 
Th3 ZodiAc: folds 
Snoof41: folds 
drohne84: folds 
mets2602: calls $0.15
Askare: checks 
*** FLOP *** [Ad 7s 2d]
mets2602: bets $0.25
Askare: folds 
Uncalled bet ($0.25) returned to mets2602
mets2602 collected $0.50 from pot
mets2602: doesn't show hand 
*** SUMMARY ***
Total pot $0.50 | Rake $0 
Board [Ad 7s 2d]
Seat 2: Nordw1nd folded before Flop (didn't bet)
Seat 3: Alameda22 folded before Flop (didn't bet)
Seat 4: Th3 ZodiAc folded before Flop (didn't bet)
Seat 5: Snoof41 folded before Flop (didn't bet)
Seat 6: drohne84 (button) folded before Flop (didn't bet)
Seat 7: mets2602 (small blind) collected ($0.50)
Seat 8: Askare (big blind) folded on the Flop



PokerStars Game #19971619701:  Hold'em No Limit ($0.10/$0.25) - 2008/08/28 - 17:35:15 (ET)
Table 'Ocllo II' 9-max Seat #7 is the button
Seat 2: Nordw1nd ($25.65 in chips) 
Seat 3: Alameda22 ($25 in chips) 
Seat 4: Th3 ZodiAc ($23.20 in chips) 
Seat 5: Snoof41 ($28.60 in chips) 
Seat 6: drohne84 ($24.65 in chips) 
Seat 7: mets2602 ($20.10 in chips) 
Seat 8: Askare ($39.25 in chips) 
Askare: posts small blind $0.10
Nordw1nd: posts big blind $0.25
*** HOLE CARDS ***
Dealt to Alameda22 [Ah 3s]
Alameda22: folds 
Th3 ZodiAc: raises $0.50 to $0.75
Snoof41: folds 
drohne84: folds 
mets2602: folds 
Askare: folds 
Nordw1nd: folds 
Uncalled bet ($0.50) returned to Th3 ZodiAc
Th3 ZodiAc collected $0.60 from pot
*** SUMMARY ***
Total pot $0.60 | Rake $0 
Seat 2: Nordw1nd (big blind) folded before Flop
Seat 3: Alameda22 folded before Flop (didn't bet)
Seat 4: Th3 ZodiAc collected ($0.60)
Seat 5: Snoof41 folded before Flop (didn't bet)
Seat 6: drohne84 folded before Flop (didn't bet)
Seat 7: mets2602 (button) folded before Flop (didn't bet)
Seat 8: Askare (small blind) folded before Flop



PokerStars Game #19971636650:  Hold'em No Limit ($0.10/$0.25) - 2008/08/28 - 17:35:56 (ET)
Table 'Ocllo II' 9-max Seat #8 is the button
Seat 2: Nordw1nd ($25.40 in chips) 
Seat 3: Alameda22 ($25 in chips) 
Seat 4: Th3 ZodiAc ($23.55 in chips) 
Seat 5: Snoof41 ($28.60 in chips) 
Seat 6: drohne84 ($24.65 in chips) 
Seat 7: mets2602 ($20.10 in chips) 
Seat 8: Askare ($39.15 in chips) 
Nordw1nd: posts small blind $0.10
Alameda22: posts big blind $0.25
*** HOLE CARDS ***
Dealt to Alameda22 [Td 5h]
Th3 ZodiAc: folds 
Snoof41: folds 
drohne84: folds 
mets2602: folds 
Askare: folds 
Nordw1nd: folds 
Uncalled bet ($0.15) returned to Alameda22
Alameda22 collected $0.20 from pot
Alameda22: doesn't show hand 
*** SUMMARY ***
Total pot $0.20 | Rake $0 
Seat 2: Nordw1nd (small blind) folded before Flop
Seat 3: Alameda22 (big blind) collected ($0.20)
Seat 4: Th3 ZodiAc folded before Flop (didn't bet)
Seat 5: Snoof41 folded before Flop (didn't bet)
Seat 6: drohne84 folded before Flop (didn't bet)
Seat 7: mets2602 folded before Flop (didn't bet)
Seat 8: Askare (button) folded before Flop (didn't bet)



PokerStars Game #19971644936:  Hold'em No Limit ($0.10/$0.25) - 2008/08/28 - 17:36:16 (ET)
Table 'Ocllo II' 9-max Seat #2 is the button
Seat 2: Nordw1nd ($25.30 in chips) 
Seat 3: Alameda22 ($25.10 in chips) 
Seat 4: Th3 ZodiAc ($23.55 in chips) 
Seat 5: Snoof41 ($28.60 in chips) 
Seat 6: drohne84 ($24.65 in chips) 
Seat 7: mets2602 ($20.10 in chips) 
Seat 8: Askare ($39.15 in chips) 
Alameda22: posts small blind $0.10
Th3 ZodiAc: posts big blind $0.25
*** HOLE CARDS ***
Dealt to Alameda22 [4c Jd]
Snoof41: folds 
drohne84: folds 
mets2602: folds 
Askare: folds 
Nordw1nd: raises $0.75 to $1
Alameda22: folds 
Th3 ZodiAc: folds 
Uncalled bet ($0.75) returned to Nordw1nd
Nordw1nd collected $0.60 from pot
Nordw1nd: doesn't show hand 
*** SUMMARY ***
Total pot $0.60 | Rake $0 
Seat 2: Nordw1nd (button) collected ($0.60)
Seat 3: Alameda22 (small blind) folded before Flop
Seat 4: Th3 ZodiAc (big blind) folded before Flop
Seat 5: Snoof41 folded before Flop (didn't bet)
Seat 6: drohne84 folded before Flop (didn't bet)
Seat 7: mets2602 folded before Flop (didn't bet)
Seat 8: Askare folded before Flop (didn't bet)



PokerStars Game #19971657439:  Hold'em No Limit ($0.10/$0.25) - 2008/08/28 - 17:36:47 (ET)
Table 'Ocllo II' 9-max Seat #3 is the button
Seat 2: Nordw1nd ($25.65 in chips) 
Seat 3: Alameda22 ($25 in chips) 
Seat 4: Th3 ZodiAc ($23.30 in chips) 
Seat 5: Snoof41 ($28.60 in chips) 
Seat 6: drohne84 ($24.65 in chips) 
Seat 7: mets2602 ($20.10 in chips) 
Seat 8: Askare ($39.15 in chips) 
Th3 ZodiAc: posts small blind $0.10
Snoof41: posts big blind $0.25
*** HOLE CARDS ***
Dealt to Alameda22 [Ts 9s]
drohne84: raises $0.75 to $1
mets2602: folds 
Askare: calls $1
Nordw1nd: folds 
Alameda22: calls $1
Th3 ZodiAc: folds 
Snoof41: folds 
*** FLOP *** [9d 9h 8c]
drohne84: bets $2.75
Askare: folds 
Alameda22: raises $4 to $6.75
drohne84: folds 
Uncalled bet ($4) returned to Alameda22
Alameda22 collected $8.45 from pot
Alameda22: doesn't show hand 
*** SUMMARY ***
Total pot $8.85 | Rake $0.40 
Board [9d 9h 8c]
Seat 2: Nordw1nd folded before Flop (didn't bet)
Seat 3: Alameda22 (button) collected ($8.45)
Seat 4: Th3 ZodiAc (small blind) folded before Flop
Seat 5: Snoof41 (big blind) folded before Flop
Seat 6: drohne84 folded on the Flop
Seat 7: mets2602 folded before Flop (didn't bet)
Seat 8: Askare folded on the Flop



PokerStars Game #19971687781:  Hold'em No Limit ($0.10/$0.25) - 2008/08/28 - 17:38:02 (ET)
Table 'Ocllo II' 9-max Seat #4 is the button
Seat 2: Nordw1nd ($25.65 in chips) 
Seat 3: Alameda22 ($29.70 in chips) 
Seat 4: Th3 ZodiAc ($23.20 in chips) 
Seat 5: Snoof41 ($28.35 in chips) 
Seat 6: drohne84 ($20.90 in chips) 
Seat 7: mets2602 ($20.10 in chips) 
Seat 8: Askare ($38.15 in chips) 
Snoof41: posts small blind $0.10
drohne84: posts big blind $0.25
*** HOLE CARDS ***
Dealt to Alameda22 [6c Tc]
mets2602: folds 
Askare: calls $0.25
Nordw1nd: folds 
Alameda22: folds 
Th3 ZodiAc: folds 
Snoof41: raises $0.75 to $1
drohne84: folds 
Askare: calls $0.75
*** FLOP *** [6h 3c 3h]
Snoof41: bets $0.50
Askare: raises $2 to $2.50
Snoof41: folds 
Uncalled bet ($2) returned to Askare
Askare collected $3.10 from pot
*** SUMMARY ***
Total pot $3.25 | Rake $0.15 
Board [6h 3c 3h]
Seat 2: Nordw1nd folded before Flop (didn't bet)
Seat 3: Alameda22 folded before Flop (didn't bet)
Seat 4: Th3 ZodiAc (button) folded before Flop (didn't bet)
Seat 5: Snoof41 (small blind) folded on the Flop
Seat 6: drohne84 (big blind) folded before Flop
Seat 7: mets2602 folded before Flop (didn't bet)
Seat 8: Askare collected ($3.10)



PokerStars Game #19971710425:  Hold'em No Limit ($0.10/$0.25) - 2008/08/28 - 17:38:57 (ET)
Table 'Ocllo II' 9-max Seat #5 is the button
Seat 2: Nordw1nd ($25.65 in chips) 
Seat 3: Alameda22 ($29.70 in chips) 
Seat 4: Th3 ZodiAc ($23.20 in chips) 
Seat 5: Snoof41 ($26.85 in chips) 
Seat 6: drohne84 ($24.75 in chips) 
Seat 7: mets2602 ($20.10 in chips) 
Seat 8: Askare ($39.75 in chips) 
drohne84: posts small blind $0.10
mets2602: posts big blind $0.25
*** HOLE CARDS ***
Dealt to Alameda22 [8h 3c]
Askare: folds 
Askare is sitting out
Askare leaves the table
Nordw1nd: folds 
Alameda22: folds 
Th3 ZodiAc: folds 
Snoof41: folds 
drohne84: folds 
Uncalled bet ($0.15) returned to mets2602
mets2602 collected $0.20 from pot
mets2602: doesn't show hand 
*** SUMMARY ***
Total pot $0.20 | Rake $0 
Seat 2: Nordw1nd folded before Flop (didn't bet)
Seat 3: Alameda22 folded before Flop (didn't bet)
Seat 4: Th3 ZodiAc folded before Flop (didn't bet)
Seat 5: Snoof41 (button) folded before Flop (didn't bet)
Seat 6: drohne84 (small blind) folded before Flop
Seat 7: mets2602 (big blind) collected ($0.20)
Seat 8: Askare folded before Flop (didn't bet)



PokerStars Game #19971722097:  Hold'em No Limit ($0.10/$0.25) - 2008/08/28 - 17:39:26 (ET)
Table 'Ocllo II' 9-max Seat #6 is the button
Seat 2: Nordw1nd ($25.65 in chips) 
Seat 3: Alameda22 ($29.70 in chips) 
Seat 4: Th3 ZodiAc ($23.20 in chips) 
Seat 5: Snoof41 ($26.85 in chips) 
Seat 6: drohne84 ($24.65 in chips) 
Seat 7: mets2602 ($20.20 in chips) 
mets2602: posts small blind $0.10
Nordw1nd: posts big blind $0.25
*** HOLE CARDS ***
Dealt to Alameda22 [3c 2c]
Alameda22: folds 
Th3 ZodiAc: folds 
Snoof41: folds 
drohne84: folds 
mets2602: folds 
Uncalled bet ($0.15) returned to Nordw1nd
Nordw1nd collected $0.20 from pot
Nordw1nd: doesn't show hand 
*** SUMMARY ***
Total pot $0.20 | Rake $0 
Seat 2: Nordw1nd (big blind) collected ($0.20)
Seat 3: Alameda22 folded before Flop (didn't bet)
Seat 4: Th3 ZodiAc folded before Flop (didn't bet)
Seat 5: Snoof41 folded before Flop (didn't bet)
Seat 6: drohne84 (button) folded before Flop (didn't bet)
Seat 7: mets2602 (small blind) folded before Flop



PokerStars Game #19971741838:  Hold'em No Limit ($0.10/$0.25) - 2008/08/28 - 17:40:14 (ET)
Table 'Ocllo II' 9-max Seat #7 is the button
Seat 2: Nordw1nd ($25.75 in chips) 
Seat 3: Alameda22 ($29.70 in chips) 
Seat 4: Th3 ZodiAc ($23.20 in chips) 
Seat 5: Snoof41 ($26.85 in chips) 
Seat 6: drohne84 ($24.65 in chips) 
Seat 7: mets2602 ($20.10 in chips) 
Nordw1nd: posts small blind $0.10
Alameda22: posts big blind $0.25
*** HOLE CARDS ***
Dealt to Alameda22 [9c 2h]
Th3 ZodiAc: folds 
Snoof41: folds 
drohne84: folds 
mets2602: folds 
Nordw1nd: folds 
Uncalled bet ($0.15) returned to Alameda22
Alameda22 collected $0.20 from pot
Alameda22: doesn't show hand 
*** SUMMARY ***
Total pot $0.20 | Rake $0 
Seat 2: Nordw1nd (small blind) folded before Flop
Seat 3: Alameda22 (big blind) collected ($0.20)
Seat 4: Th3 ZodiAc folded before Flop (didn't bet)
Seat 5: Snoof41 folded before Flop (didn't bet)
Seat 6: drohne84 folded before Flop (didn't bet)
Seat 7: mets2602 (button) folded before Flop (didn't bet)



PokerStars Game #19971758828:  Hold'em No Limit ($0.10/$0.25) - 2008/08/28 - 17:40:56 (ET)
Table 'Ocllo II' 9-max Seat #2 is the button
Seat 2: Nordw1nd ($25.65 in chips) 
Seat 3: Alameda22 ($29.80 in chips) 
Seat 4: Th3 ZodiAc ($23.20 in chips) 
Seat 5: Snoof41 ($26.85 in chips) 
Seat 6: drohne84 ($24.65 in chips) 
Seat 7: mets2602 ($20.10 in chips) 
Alameda22: posts small blind $0.10
Th3 ZodiAc: posts big blind $0.25
*** HOLE CARDS ***
Dealt to Alameda22 [3c 4s]
Snoof41: folds 
drohne84: calls $0.25
mets2602: raises $0.75 to $1
Nordw1nd: folds 
Alameda22: folds 
Th3 ZodiAc: folds 
drohne84: calls $0.75
*** FLOP *** [7d Tc Js]
drohne84: checks 
mets2602: bets $1.50
drohne84: folds 
Uncalled bet ($1.50) returned to mets2602
mets2602 collected $2.25 from pot
mets2602: doesn't show hand 
*** SUMMARY ***
Total pot $2.35 | Rake $0.10 
Board [7d Tc Js]
Seat 2: Nordw1nd (button) folded before Flop (didn't bet)
Seat 3: Alameda22 (small blind) folded before Flop
Seat 4: Th3 ZodiAc (big blind) folded before Flop
Seat 5: Snoof41 folded before Flop (didn't bet)
Seat 6: drohne84 folded on the Flop
Seat 7: mets2602 collected ($2.25)



PokerStars Game #19971790682:  Hold'em No Limit ($0.10/$0.25) - 2008/08/28 - 17:42:14 (ET)
Table 'Ocllo II' 9-max Seat #3 is the button
Seat 2: Nordw1nd ($25.65 in chips) 
Seat 3: Alameda22 ($29.70 in chips) 
Seat 4: Th3 ZodiAc ($22.95 in chips) 
Seat 5: Snoof41 ($26.85 in chips) 
Seat 6: drohne84 ($23.65 in chips) 
Seat 7: mets2602 ($21.35 in chips) 
Th3 ZodiAc: posts small blind $0.10
Snoof41: posts big blind $0.25
*** HOLE CARDS ***
Dealt to Alameda22 [5h 4h]
drohne84: folds 
mets2602: folds 
drohne84 leaves the table
Nordw1nd: raises $0.75 to $1
Alameda22: folds 
Th3 ZodiAc: folds 
Snoof41: folds 
Uncalled bet ($0.75) returned to Nordw1nd
Nordw1nd collected $0.60 from pot
Nordw1nd: doesn't show hand 
*** SUMMARY ***
Total pot $0.60 | Rake $0 
Seat 2: Nordw1nd collected ($0.60)
Seat 3: Alameda22 (button) folded before Flop (didn't bet)
Seat 4: Th3 ZodiAc (small blind) folded before Flop
Seat 5: Snoof41 (big blind) folded before Flop
Seat 6: drohne84 folded before Flop (didn't bet)
Seat 7: mets2602 folded before Flop (didn't bet)



PokerStars Game #19971805721:  Hold'em No Limit ($0.10/$0.25) - 2008/08/28 - 17:42:51 (ET)
Table 'Ocllo II' 9-max Seat #4 is the button
Seat 2: Nordw1nd ($26 in chips) 
Seat 3: Alameda22 ($29.70 in chips) 
Seat 4: Th3 ZodiAc ($22.85 in chips) 
Seat 5: Snoof41 ($26.60 in chips) 
Snoof41: posts small blind $0.10
mets2602: is sitting out 
Nordw1nd: posts big blind $0.25
*** HOLE CARDS ***
Dealt to Alameda22 [5d 8d]
mets2602 leaves the table
Alameda22: folds 
Th3 ZodiAc: folds 
Snoof41: folds 
Uncalled bet ($0.15) returned to Nordw1nd
Nordw1nd collected $0.20 from pot
*** SUMMARY ***
Total pot $0.20 | Rake $0 
Seat 2: Nordw1nd (big blind) collected ($0.20)
Seat 3: Alameda22 folded before Flop (didn't bet)
Seat 4: Th3 ZodiAc (button) folded before Flop (didn't bet)
Seat 5: Snoof41 (small blind) folded before Flop



