PokerStars Game #19903800211:  Hold'em No Limit ($0.10/$0.25) - 2008/08/26 - 00:00:13 (ET)
Table 'Panthoos III' 9-max Seat #7 is the button
Seat 2: RAB53 ($8 in chips) 
Seat 3: Alameda22 ($21.30 in chips) 
Seat 4: red jocker 1 ($5 in chips) 
Seat 5: Popeye Jones ($27.35 in chips) 
Seat 6: patorojas86 ($18.35 in chips) 
Seat 7: Joyceschoice ($17.65 in chips) 
Seat 8: LUCKYMONSTER ($28.15 in chips) 
Seat 9: weepeel ($50.75 in chips) 
LUCKYMONSTER: posts small blind $0.10
weepeel: posts big blind $0.25
red jocker 1: posts big blind $0.25
*** HOLE CARDS ***
Dealt to Alameda22 [6h Ac]
RAB53: folds 
Alameda22: folds 
red jocker 1: checks 
Popeye Jones: folds 
patorojas86: folds 
Joyceschoice: folds 
FARPCOL joins the table at seat #1 
LUCKYMONSTER: folds 
FARPCOL is sitting out
weepeel: checks 
*** FLOP *** [9h Qc 4c]
weepeel: checks 
red jocker 1: bets $0.25
weepeel: folds 
Uncalled bet ($0.25) returned to red jocker 1
red jocker 1 collected $0.60 from pot
red jocker 1: doesn't show hand 
*** SUMMARY ***
Total pot $0.60 | Rake $0 
Board [9h Qc 4c]
Seat 2: RAB53 folded before Flop (didn't bet)
Seat 3: Alameda22 folded before Flop (didn't bet)
Seat 4: red jocker 1 collected ($0.60)
Seat 5: Popeye Jones folded before Flop (didn't bet)
Seat 6: patorojas86 folded before Flop (didn't bet)
Seat 7: Joyceschoice (button) folded before Flop (didn't bet)
Seat 8: LUCKYMONSTER (small blind) folded before Flop
Seat 9: weepeel (big blind) folded on the Flop



PokerStars Game #19903815842:  Hold'em No Limit ($0.10/$0.25) - 2008/08/26 - 00:01:04 (ET)
Table 'Panthoos III' 9-max Seat #8 is the button
Seat 2: RAB53 ($8 in chips) 
Seat 3: Alameda22 ($21.30 in chips) 
Seat 4: red jocker 1 ($5.35 in chips) 
Seat 5: Popeye Jones ($27.35 in chips) 
Seat 6: patorojas86 ($18.35 in chips) 
Seat 7: Joyceschoice ($17.65 in chips) 
Seat 8: LUCKYMONSTER ($28.05 in chips) 
Seat 9: weepeel ($50.50 in chips) 
weepeel: posts small blind $0.10
RAB53: posts big blind $0.25
*** HOLE CARDS ***
Dealt to Alameda22 [2d 6c]
Alameda22: folds 
red jocker 1: folds 
Popeye Jones: folds 
patorojas86: folds 
Joyceschoice: folds 
LUCKYMONSTER: folds 
weepeel: folds 
Uncalled bet ($0.15) returned to RAB53
RAB53 collected $0.20 from pot
RAB53: doesn't show hand 
*** SUMMARY ***
Total pot $0.20 | Rake $0 
Seat 2: RAB53 (big blind) collected ($0.20)
Seat 3: Alameda22 folded before Flop (didn't bet)
Seat 4: red jocker 1 folded before Flop (didn't bet)
Seat 5: Popeye Jones folded before Flop (didn't bet)
Seat 6: patorojas86 folded before Flop (didn't bet)
Seat 7: Joyceschoice folded before Flop (didn't bet)
Seat 8: LUCKYMONSTER (button) folded before Flop (didn't bet)
Seat 9: weepeel (small blind) folded before Flop



PokerStars Game #19903823885:  Hold'em No Limit ($0.10/$0.25) - 2008/08/26 - 00:01:30 (ET)
Table 'Panthoos III' 9-max Seat #9 is the button
Seat 2: RAB53 ($8.10 in chips) 
Seat 3: Alameda22 ($21.30 in chips) 
Seat 4: red jocker 1 ($5.35 in chips) 
Seat 5: Popeye Jones ($27.35 in chips) 
Seat 6: patorojas86 ($18.35 in chips) 
Seat 7: Joyceschoice ($17.65 in chips) 
Seat 8: LUCKYMONSTER ($28.05 in chips) 
Seat 9: weepeel ($50.40 in chips) 
RAB53: posts small blind $0.10
Alameda22: posts big blind $0.25
*** HOLE CARDS ***
Dealt to Alameda22 [Kd Ac]
red jocker 1: folds 
Popeye Jones: folds 
patorojas86: folds 
Joyceschoice: folds 
LUCKYMONSTER: folds 
weepeel: folds 
RAB53: calls $0.15
Alameda22: raises $0.75 to $1
RAB53: folds 
Uncalled bet ($0.75) returned to Alameda22
Alameda22 collected $0.50 from pot
Alameda22: doesn't show hand 
*** SUMMARY ***
Total pot $0.50 | Rake $0 
Seat 2: RAB53 (small blind) folded before Flop
Seat 3: Alameda22 (big blind) collected ($0.50)
Seat 4: red jocker 1 folded before Flop (didn't bet)
Seat 5: Popeye Jones folded before Flop (didn't bet)
Seat 6: patorojas86 folded before Flop (didn't bet)
Seat 7: Joyceschoice folded before Flop (didn't bet)
Seat 8: LUCKYMONSTER folded before Flop (didn't bet)
Seat 9: weepeel (button) folded before Flop (didn't bet)



PokerStars Game #19903837399:  Hold'em No Limit ($0.10/$0.25) - 2008/08/26 - 00:02:14 (ET)
Table 'Panthoos III' 9-max Seat #2 is the button
Seat 2: RAB53 ($7.85 in chips) 
Seat 3: Alameda22 ($21.55 in chips) 
Seat 4: red jocker 1 ($5.35 in chips) 
Seat 5: Popeye Jones ($27.35 in chips) 
Seat 6: patorojas86 ($18.35 in chips) 
Seat 7: Joyceschoice ($17.65 in chips) 
Seat 8: LUCKYMONSTER ($28.05 in chips) 
Seat 9: weepeel ($50.40 in chips) 
Alameda22: posts small blind $0.10
red jocker 1: posts big blind $0.25
*** HOLE CARDS ***
Dealt to Alameda22 [Js Ad]
Popeye Jones: folds 
patorojas86: folds 
Joyceschoice: folds 
LUCKYMONSTER: raises $0.50 to $0.75
weepeel: folds 
RAB53: folds 
Alameda22: folds 
red jocker 1: folds 
Uncalled bet ($0.50) returned to LUCKYMONSTER
LUCKYMONSTER collected $0.60 from pot
LUCKYMONSTER: doesn't show hand 
FARPCOL has returned
*** SUMMARY ***
Total pot $0.60 | Rake $0 
Seat 2: RAB53 (button) folded before Flop (didn't bet)
Seat 3: Alameda22 (small blind) folded before Flop
Seat 4: red jocker 1 (big blind) folded before Flop
Seat 5: Popeye Jones folded before Flop (didn't bet)
Seat 6: patorojas86 folded before Flop (didn't bet)
Seat 7: Joyceschoice folded before Flop (didn't bet)
Seat 8: LUCKYMONSTER collected ($0.60)
Seat 9: weepeel folded before Flop (didn't bet)



PokerStars Game #19903854426:  Hold'em No Limit ($0.10/$0.25) - 2008/08/26 - 00:03:10 (ET)
Table 'Panthoos III' 9-max Seat #3 is the button
Seat 1: FARPCOL ($25 in chips) 
Seat 2: RAB53 ($7.85 in chips) 
Seat 3: Alameda22 ($21.45 in chips) 
Seat 4: red jocker 1 ($5.10 in chips) 
Seat 5: Popeye Jones ($27.35 in chips) 
Seat 6: patorojas86 ($18.35 in chips) 
Seat 7: Joyceschoice ($17.65 in chips) 
Seat 8: LUCKYMONSTER ($28.40 in chips) 
Seat 9: weepeel ($50.40 in chips) 
red jocker 1: posts small blind $0.10
Popeye Jones: posts big blind $0.25
FARPCOL: posts big blind $0.25
*** HOLE CARDS ***
Dealt to Alameda22 [9s 5d]
patorojas86: folds 
Joyceschoice: folds 
LUCKYMONSTER: folds 
weepeel: folds 
FARPCOL: checks 
RAB53: calls $0.25
Alameda22: folds 
red jocker 1: calls $0.15
Popeye Jones: checks 
*** FLOP *** [Ad 6h Jc]
red jocker 1: checks 
Popeye Jones: checks 
FARPCOL: checks 
RAB53: checks 
*** TURN *** [Ad 6h Jc] [9d]
red jocker 1: bets $0.50
Popeye Jones: folds 
FARPCOL: folds 
RAB53: folds 
Uncalled bet ($0.50) returned to red jocker 1
red jocker 1 collected $0.95 from pot
red jocker 1: doesn't show hand 
*** SUMMARY ***
Total pot $1 | Rake $0.05 
Board [Ad 6h Jc 9d]
Seat 1: FARPCOL folded on the Turn
Seat 2: RAB53 folded on the Turn
Seat 3: Alameda22 (button) folded before Flop (didn't bet)
Seat 4: red jocker 1 (small blind) collected ($0.95)
Seat 5: Popeye Jones (big blind) folded on the Turn
Seat 6: patorojas86 folded before Flop (didn't bet)
Seat 7: Joyceschoice folded before Flop (didn't bet)
Seat 8: LUCKYMONSTER folded before Flop (didn't bet)
Seat 9: weepeel folded before Flop (didn't bet)



PokerStars Game #19903876474:  Hold'em No Limit ($0.10/$0.25) - 2008/08/26 - 00:04:22 (ET)
Table 'Panthoos III' 9-max Seat #4 is the button
Seat 1: FARPCOL ($24.75 in chips) 
Seat 2: RAB53 ($7.60 in chips) 
Seat 3: Alameda22 ($21.45 in chips) 
Seat 4: red jocker 1 ($5.80 in chips) 
Seat 5: Popeye Jones ($27.10 in chips) 
Seat 6: patorojas86 ($18.35 in chips) 
Seat 7: Joyceschoice ($17.65 in chips) 
Seat 8: LUCKYMONSTER ($28.40 in chips) 
Seat 9: weepeel ($50.40 in chips) 
Popeye Jones: posts small blind $0.10
patorojas86: posts big blind $0.25
*** HOLE CARDS ***
Dealt to Alameda22 [5c 6s]
Joyceschoice: folds 
LUCKYMONSTER: folds 
weepeel: folds 
FARPCOL: folds 
RAB53: calls $0.25
Alameda22: folds 
red jocker 1: raises $0.50 to $0.75
Popeye Jones: folds 
patorojas86: folds 
RAB53: folds 
Uncalled bet ($0.50) returned to red jocker 1
red jocker 1 collected $0.85 from pot
red jocker 1: doesn't show hand 
*** SUMMARY ***
Total pot $0.85 | Rake $0 
Seat 1: FARPCOL folded before Flop (didn't bet)
Seat 2: RAB53 folded before Flop
Seat 3: Alameda22 folded before Flop (didn't bet)
Seat 4: red jocker 1 (button) collected ($0.85)
Seat 5: Popeye Jones (small blind) folded before Flop
Seat 6: patorojas86 (big blind) folded before Flop
Seat 7: Joyceschoice folded before Flop (didn't bet)
Seat 8: LUCKYMONSTER folded before Flop (didn't bet)
Seat 9: weepeel folded before Flop (didn't bet)



PokerStars Game #19903890823:  Hold'em No Limit ($0.10/$0.25) - 2008/08/26 - 00:05:09 (ET)
Table 'Panthoos III' 9-max Seat #5 is the button
Seat 1: FARPCOL ($24.75 in chips) 
Seat 2: RAB53 ($7.35 in chips) 
Seat 3: Alameda22 ($21.45 in chips) 
Seat 4: red jocker 1 ($6.40 in chips) 
Seat 5: Popeye Jones ($27 in chips) 
Seat 6: patorojas86 ($18.10 in chips) 
Seat 7: Joyceschoice ($17.65 in chips) 
Seat 8: LUCKYMONSTER ($28.40 in chips) 
Seat 9: weepeel ($50.40 in chips) 
patorojas86: posts small blind $0.10
Joyceschoice: posts big blind $0.25
*** HOLE CARDS ***
Dealt to Alameda22 [6d Qs]
LUCKYMONSTER: folds 
weepeel: folds 
FARPCOL: folds 
RAB53: folds 
Alameda22: folds 
red jocker 1: folds 
Popeye Jones: folds 
patorojas86: calls $0.15
Joyceschoice: checks 
*** FLOP *** [8h 6c As]
patorojas86: checks 
Joyceschoice: checks 
*** TURN *** [8h 6c As] [3h]
patorojas86: checks 
Joyceschoice: checks 
*** RIVER *** [8h 6c As 3h] [Ts]
patorojas86: checks 
Joyceschoice: checks 
*** SHOW DOWN ***
patorojas86: shows [8s 7h] (a pair of Eights)
Joyceschoice: mucks hand 
patorojas86 collected $0.50 from pot
*** SUMMARY ***
Total pot $0.50 | Rake $0 
Board [8h 6c As 3h Ts]
Seat 1: FARPCOL folded before Flop (didn't bet)
Seat 2: RAB53 folded before Flop (didn't bet)
Seat 3: Alameda22 folded before Flop (didn't bet)
Seat 4: red jocker 1 folded before Flop (didn't bet)
Seat 5: Popeye Jones (button) folded before Flop (didn't bet)
Seat 6: patorojas86 (small blind) showed [8s 7h] and won ($0.50) with a pair of Eights
Seat 7: Joyceschoice (big blind) mucked [6s 4h]
Seat 8: LUCKYMONSTER folded before Flop (didn't bet)
Seat 9: weepeel folded before Flop (didn't bet)



PokerStars Game #19903906435:  Hold'em No Limit ($0.10/$0.25) - 2008/08/26 - 00:06:01 (ET)
Table 'Panthoos III' 9-max Seat #6 is the button
Seat 1: FARPCOL ($24.75 in chips) 
Seat 2: RAB53 ($7.35 in chips) 
Seat 3: Alameda22 ($21.45 in chips) 
Seat 4: red jocker 1 ($6.40 in chips) 
Seat 5: Popeye Jones ($27 in chips) 
Seat 6: patorojas86 ($18.35 in chips) 
Seat 7: Joyceschoice ($17.40 in chips) 
Seat 8: LUCKYMONSTER ($28.40 in chips) 
Seat 9: weepeel ($50.40 in chips) 
Joyceschoice: posts small blind $0.10
LUCKYMONSTER: posts big blind $0.25
*** HOLE CARDS ***
Dealt to Alameda22 [9h Ad]
weepeel: folds 
FARPCOL: calls $0.25
RAB53: folds 
Alameda22: folds 
red jocker 1: raises $0.50 to $0.75
Popeye Jones: folds 
patorojas86: calls $0.75
Joyceschoice: folds 
LUCKYMONSTER: folds 
FARPCOL: calls $0.50
*** FLOP *** [6h As 2h]
FARPCOL: checks 
red jocker 1: bets $1.25
patorojas86: folds 
FARPCOL: folds 
Uncalled bet ($1.25) returned to red jocker 1
red jocker 1 collected $2.50 from pot
red jocker 1: doesn't show hand 
*** SUMMARY ***
Total pot $2.60 | Rake $0.10 
Board [6h As 2h]
Seat 1: FARPCOL folded on the Flop
Seat 2: RAB53 folded before Flop (didn't bet)
Seat 3: Alameda22 folded before Flop (didn't bet)
Seat 4: red jocker 1 collected ($2.50)
Seat 5: Popeye Jones folded before Flop (didn't bet)
Seat 6: patorojas86 (button) folded on the Flop
Seat 7: Joyceschoice (small blind) folded before Flop
Seat 8: LUCKYMONSTER (big blind) folded before Flop
Seat 9: weepeel folded before Flop (didn't bet)



PokerStars Game #19903922875:  Hold'em No Limit ($0.10/$0.25) - 2008/08/26 - 00:06:55 (ET)
Table 'Panthoos III' 9-max Seat #7 is the button
Seat 1: FARPCOL ($24 in chips) 
Seat 2: RAB53 ($7.35 in chips) 
Seat 3: Alameda22 ($21.45 in chips) 
Seat 4: red jocker 1 ($8.15 in chips) 
Seat 5: Popeye Jones ($27 in chips) 
Seat 6: patorojas86 ($17.60 in chips) 
Seat 7: Joyceschoice ($17.30 in chips) 
Seat 8: LUCKYMONSTER ($28.15 in chips) 
Seat 9: weepeel ($50.40 in chips) 
LUCKYMONSTER: posts small blind $0.10
weepeel: posts big blind $0.25
*** HOLE CARDS ***
Dealt to Alameda22 [8c 4s]
FARPCOL: folds 
RAB53: folds 
Alameda22: folds 
red jocker 1: folds 
Popeye Jones: folds 
patorojas86: folds 
Joyceschoice: raises $0.25 to $0.50
LUCKYMONSTER: folds 
weepeel: folds 
Uncalled bet ($0.25) returned to Joyceschoice
Joyceschoice collected $0.60 from pot
Joyceschoice: doesn't show hand 
*** SUMMARY ***
Total pot $0.60 | Rake $0 
Seat 1: FARPCOL folded before Flop (didn't bet)
Seat 2: RAB53 folded before Flop (didn't bet)
Seat 3: Alameda22 folded before Flop (didn't bet)
Seat 4: red jocker 1 folded before Flop (didn't bet)
Seat 5: Popeye Jones folded before Flop (didn't bet)
Seat 6: patorojas86 folded before Flop (didn't bet)
Seat 7: Joyceschoice (button) collected ($0.60)
Seat 8: LUCKYMONSTER (small blind) folded before Flop
Seat 9: weepeel (big blind) folded before Flop



PokerStars Game #19903936105:  Hold'em No Limit ($0.10/$0.25) - 2008/08/26 - 00:07:40 (ET)
Table 'Panthoos III' 9-max Seat #8 is the button
Seat 1: FARPCOL ($24 in chips) 
Seat 2: RAB53 ($7.35 in chips) 
Seat 3: Alameda22 ($21.45 in chips) 
Seat 4: red jocker 1 ($8.15 in chips) 
Seat 5: Popeye Jones ($27 in chips) 
Seat 6: patorojas86 ($17.60 in chips) 
Seat 7: Joyceschoice ($17.65 in chips) 
Seat 8: LUCKYMONSTER ($28.05 in chips) 
Seat 9: weepeel ($50.15 in chips) 
weepeel: posts small blind $0.10
FARPCOL: posts big blind $0.25
*** HOLE CARDS ***
Dealt to Alameda22 [Jc Ts]
RAB53: folds 
Alameda22: folds 
red jocker 1: folds 
Popeye Jones: folds 
patorojas86: folds 
Joyceschoice: folds 
LUCKYMONSTER: raises $0.75 to $1
weepeel: folds 
FARPCOL: folds 
Uncalled bet ($0.75) returned to LUCKYMONSTER
LUCKYMONSTER collected $0.60 from pot
LUCKYMONSTER: doesn't show hand 
*** SUMMARY ***
Total pot $0.60 | Rake $0 
Seat 1: FARPCOL (big blind) folded before Flop
Seat 2: RAB53 folded before Flop (didn't bet)
Seat 3: Alameda22 folded before Flop (didn't bet)
Seat 4: red jocker 1 folded before Flop (didn't bet)
Seat 5: Popeye Jones folded before Flop (didn't bet)
Seat 6: patorojas86 folded before Flop (didn't bet)
Seat 7: Joyceschoice folded before Flop (didn't bet)
Seat 8: LUCKYMONSTER (button) collected ($0.60)
Seat 9: weepeel (small blind) folded before Flop



PokerStars Game #19903949191:  Hold'em No Limit ($0.10/$0.25) - 2008/08/26 - 00:08:23 (ET)
Table 'Panthoos III' 9-max Seat #9 is the button
Seat 1: FARPCOL ($23.75 in chips) 
Seat 2: RAB53 ($7.35 in chips) 
Seat 3: Alameda22 ($21.45 in chips) 
Seat 4: red jocker 1 ($8.15 in chips) 
Seat 5: Popeye Jones ($27 in chips) 
Seat 6: patorojas86 ($17.60 in chips) 
Seat 7: Joyceschoice ($17.65 in chips) 
Seat 8: LUCKYMONSTER ($28.40 in chips) 
Seat 9: weepeel ($50.05 in chips) 
FARPCOL: posts small blind $0.10
RAB53: posts big blind $0.25
*** HOLE CARDS ***
Dealt to Alameda22 [Ad 7h]
Alameda22: folds 
red jocker 1: folds 
Popeye Jones: folds 
patorojas86: folds 
Joyceschoice: folds 
LUCKYMONSTER: folds 
weepeel: folds 
FARPCOL: calls $0.15
RAB53: checks 
*** FLOP *** [9c Ts 5d]
FARPCOL: checks 
RAB53: checks 
*** TURN *** [9c Ts 5d] [6d]
FARPCOL: checks 
RAB53: checks 
*** RIVER *** [9c Ts 5d 6d] [9d]
FARPCOL: checks 
RAB53: checks 
*** SHOW DOWN ***
FARPCOL: shows [4h 6h] (two pair, Nines and Sixes)
RAB53: mucks hand 
FARPCOL collected $0.50 from pot
*** SUMMARY ***
Total pot $0.50 | Rake $0 
Board [9c Ts 5d 6d 9d]
Seat 1: FARPCOL (small blind) showed [4h 6h] and won ($0.50) with two pair, Nines and Sixes
Seat 2: RAB53 (big blind) mucked [4d Js]
Seat 3: Alameda22 folded before Flop (didn't bet)
Seat 4: red jocker 1 folded before Flop (didn't bet)
Seat 5: Popeye Jones folded before Flop (didn't bet)
Seat 6: patorojas86 folded before Flop (didn't bet)
Seat 7: Joyceschoice folded before Flop (didn't bet)
Seat 8: LUCKYMONSTER folded before Flop (didn't bet)
Seat 9: weepeel (button) folded before Flop (didn't bet)



PokerStars Game #19903972493:  Hold'em No Limit ($0.10/$0.25) - 2008/08/26 - 00:09:41 (ET)
Table 'Panthoos III' 9-max Seat #1 is the button
Seat 1: FARPCOL ($24 in chips) 
Seat 2: RAB53 ($7.10 in chips) 
Seat 3: Alameda22 ($21.45 in chips) 
Seat 4: red jocker 1 ($8.15 in chips) 
Seat 5: Popeye Jones ($27 in chips) 
Seat 6: patorojas86 ($17.60 in chips) 
Seat 7: Joyceschoice ($17.65 in chips) 
Seat 8: LUCKYMONSTER ($28.40 in chips) 
Seat 9: weepeel ($50.05 in chips) 
RAB53: posts small blind $0.10
Alameda22: posts big blind $0.25
*** HOLE CARDS ***
Dealt to Alameda22 [9h Kd]
red jocker 1: folds 
Popeye Jones: folds 
patorojas86: folds 
Joyceschoice: folds 
LUCKYMONSTER: folds 
weepeel: raises $0.75 to $1
FARPCOL: folds 
RAB53: folds 
Alameda22: folds 
Uncalled bet ($0.75) returned to weepeel
weepeel collected $0.60 from pot
weepeel: doesn't show hand 
*** SUMMARY ***
Total pot $0.60 | Rake $0 
Seat 1: FARPCOL (button) folded before Flop (didn't bet)
Seat 2: RAB53 (small blind) folded before Flop
Seat 3: Alameda22 (big blind) folded before Flop
Seat 4: red jocker 1 folded before Flop (didn't bet)
Seat 5: Popeye Jones folded before Flop (didn't bet)
Seat 6: patorojas86 folded before Flop (didn't bet)
Seat 7: Joyceschoice folded before Flop (didn't bet)
Seat 8: LUCKYMONSTER folded before Flop (didn't bet)
Seat 9: weepeel collected ($0.60)



PokerStars Game #19903986231:  Hold'em No Limit ($0.10/$0.25) - 2008/08/26 - 00:10:27 (ET)
Table 'Panthoos III' 9-max Seat #2 is the button
Seat 1: FARPCOL ($24 in chips) 
Seat 2: RAB53 ($7 in chips) 
Seat 3: Alameda22 ($21.20 in chips) 
Seat 4: red jocker 1 ($8.15 in chips) 
Seat 5: Popeye Jones ($27 in chips) 
Seat 6: patorojas86 ($17.60 in chips) 
Seat 7: Joyceschoice ($17.65 in chips) 
Seat 8: LUCKYMONSTER ($28.40 in chips) 
Seat 9: weepeel ($50.40 in chips) 
Alameda22: posts small blind $0.10
red jocker 1: posts big blind $0.25
*** HOLE CARDS ***
Dealt to Alameda22 [9h 9s]
Popeye Jones: folds 
patorojas86: folds 
Joyceschoice: folds 
LUCKYMONSTER: calls $0.25
weepeel: folds 
FARPCOL: folds 
RAB53: folds 
Alameda22: raises $0.75 to $1
red jocker 1: folds 
LUCKYMONSTER: calls $0.75
*** FLOP *** [5h Ah 9c]
Alameda22: bets $1.50
LUCKYMONSTER: folds 
Uncalled bet ($1.50) returned to Alameda22
Alameda22 collected $2.15 from pot
Alameda22: doesn't show hand 
*** SUMMARY ***
Total pot $2.25 | Rake $0.10 
Board [5h Ah 9c]
Seat 1: FARPCOL folded before Flop (didn't bet)
Seat 2: RAB53 (button) folded before Flop (didn't bet)
Seat 3: Alameda22 (small blind) collected ($2.15)
Seat 4: red jocker 1 (big blind) folded before Flop
Seat 5: Popeye Jones folded before Flop (didn't bet)
Seat 6: patorojas86 folded before Flop (didn't bet)
Seat 7: Joyceschoice folded before Flop (didn't bet)
Seat 8: LUCKYMONSTER folded on the Flop
Seat 9: weepeel folded before Flop (didn't bet)



PokerStars Game #19904009556:  Hold'em No Limit ($0.10/$0.25) - 2008/08/26 - 00:11:45 (ET)
Table 'Panthoos III' 9-max Seat #3 is the button
Seat 1: FARPCOL ($24 in chips) 
Seat 2: RAB53 ($7 in chips) 
Seat 3: Alameda22 ($22.35 in chips) 
Seat 4: red jocker 1 ($7.90 in chips) 
Seat 5: Popeye Jones ($27 in chips) 
Seat 6: patorojas86 ($17.60 in chips) 
Seat 7: Joyceschoice ($17.65 in chips) 
Seat 8: LUCKYMONSTER ($27.40 in chips) 
Seat 9: weepeel ($50.40 in chips) 
red jocker 1: posts small blind $0.10
Popeye Jones: posts big blind $0.25
*** HOLE CARDS ***
Dealt to Alameda22 [Ks 8d]
patorojas86: calls $0.25
Joyceschoice: folds 
LUCKYMONSTER: folds 
weepeel: folds 
FARPCOL: folds 
RAB53: calls $0.25
Alameda22: folds 
red jocker 1: calls $0.15
Popeye Jones: checks 
*** FLOP *** [3c 6d 4d]
red jocker 1: checks 
Popeye Jones: bets $0.50
patorojas86: calls $0.50
RAB53: folds 
red jocker 1: folds 
*** TURN *** [3c 6d 4d] [2d]
Popeye Jones: bets $1
patorojas86: calls $1
*** RIVER *** [3c 6d 4d 2d] [As]
Popeye Jones: checks 
patorojas86: bets $2
Popeye Jones: calls $2
*** SHOW DOWN ***
patorojas86: shows [Jd Ad] (a flush, Ace high)
Popeye Jones: mucks hand 
patorojas86 collected $7.65 from pot
*** SUMMARY ***
Total pot $8 | Rake $0.35 
Board [3c 6d 4d 2d As]
Seat 1: FARPCOL folded before Flop (didn't bet)
Seat 2: RAB53 folded on the Flop
Seat 3: Alameda22 (button) folded before Flop (didn't bet)
Seat 4: red jocker 1 (small blind) folded on the Flop
Seat 5: Popeye Jones (big blind) mucked [7s 5s]
Seat 6: patorojas86 showed [Jd Ad] and won ($7.65) with a flush, Ace high
Seat 7: Joyceschoice folded before Flop (didn't bet)
Seat 8: LUCKYMONSTER folded before Flop (didn't bet)
Seat 9: weepeel folded before Flop (didn't bet)



PokerStars Game #19904034472:  Hold'em No Limit ($0.10/$0.25) - 2008/08/26 - 00:13:09 (ET)
Table 'Panthoos III' 9-max Seat #4 is the button
Seat 1: FARPCOL ($24 in chips) 
Seat 2: RAB53 ($6.75 in chips) 
Seat 3: Alameda22 ($22.35 in chips) 
Seat 4: red jocker 1 ($7.65 in chips) 
Seat 5: Popeye Jones ($25 in chips) 
Seat 7: Joyceschoice ($17.65 in chips) 
Seat 8: LUCKYMONSTER ($27.40 in chips) 
Seat 9: weepeel ($50.40 in chips) 
Popeye Jones: posts small blind $0.10
patorojas86: is sitting out 
patorojas86 leaves the table
Joyceschoice: posts big blind $0.25
*** HOLE CARDS ***
Dealt to Alameda22 [2d Ac]
LUCKYMONSTER: folds 
LUCKYMONSTER leaves the table
weepeel: raises $0.75 to $1
FARPCOL: folds 
RAB53: folds 
Alameda22: folds 
red jocker 1: folds 
Popeye Jones: folds 
Joyceschoice: calls $0.75
*** FLOP *** [Kh 7s 6d]
Joyceschoice: bets $1
danTXman joins the table at seat #8 
weepeel: calls $1
*** TURN *** [Kh 7s 6d] [Th]
Joyceschoice: bets $1
weepeel: calls $1
*** RIVER *** [Kh 7s 6d Th] [Qc]
Joyceschoice: bets $5
weepeel: raises $42.40 to $47.40 and is all-in
Joyceschoice: calls $9.65 and is all-in
Uncalled bet ($32.75) returned to weepeel
*** SHOW DOWN ***
weepeel: shows [Qh Qd] (three of a kind, Queens)
Joyceschoice: mucks hand 
weepeel collected $33.65 from pot
*** SUMMARY ***
Total pot $35.40 | Rake $1.75 
Board [Kh 7s 6d Th Qc]
Seat 1: FARPCOL folded before Flop (didn't bet)
Seat 2: RAB53 folded before Flop (didn't bet)
Seat 3: Alameda22 folded before Flop (didn't bet)
Seat 4: red jocker 1 (button) folded before Flop (didn't bet)
Seat 5: Popeye Jones (small blind) folded before Flop
Seat 7: Joyceschoice (big blind) mucked [Kd Qs]
Seat 8: LUCKYMONSTER folded before Flop (didn't bet)
Seat 9: weepeel showed [Qh Qd] and won ($33.65) with three of a kind, Queens



PokerStars Game #19904057400:  Hold'em No Limit ($0.10/$0.25) - 2008/08/26 - 00:14:26 (ET)
Table 'Panthoos III' 9-max Seat #5 is the button
Seat 1: FARPCOL ($24 in chips) 
Seat 2: RAB53 ($6.75 in chips) 
Seat 3: Alameda22 ($22.35 in chips) 
Seat 4: red jocker 1 ($7.65 in chips) 
Seat 5: Popeye Jones ($24.90 in chips) 
Seat 9: weepeel ($66.40 in chips) 
danTXman will be allowed to play after the button
weepeel: posts small blind $0.10
FARPCOL: posts big blind $0.25
*** HOLE CARDS ***
Dealt to Alameda22 [Tc 7d]
Joyceschoice leaves the table
RAB53: folds 
Alameda22: folds 
red jocker 1: calls $0.25
Popeye Jones: folds 
weepeel: folds 
FARPCOL: checks 
*** FLOP *** [2d 3h Qs]
FARPCOL: checks 
red jocker 1: checks 
*** TURN *** [2d 3h Qs] [5h]
FARPCOL: checks 
red jocker 1: checks 
*** RIVER *** [2d 3h Qs 5h] [Ah]
FARPCOL: checks 
red jocker 1: bets $0.25
FARPCOL: folds 
Uncalled bet ($0.25) returned to red jocker 1
red jocker 1 collected $0.60 from pot
red jocker 1: doesn't show hand 
*** SUMMARY ***
Total pot $0.60 | Rake $0 
Board [2d 3h Qs 5h Ah]
Seat 1: FARPCOL (big blind) folded on the River
Seat 2: RAB53 folded before Flop (didn't bet)
Seat 3: Alameda22 folded before Flop (didn't bet)
Seat 4: red jocker 1 collected ($0.60)
Seat 5: Popeye Jones (button) folded before Flop (didn't bet)
Seat 9: weepeel (small blind) folded before Flop



PokerStars Game #19904075705:  Hold'em No Limit ($0.10/$0.25) - 2008/08/26 - 00:15:29 (ET)
Table 'Panthoos III' 9-max Seat #9 is the button
Seat 1: FARPCOL ($23.75 in chips) 
Seat 2: RAB53 ($6.75 in chips) 
Seat 3: Alameda22 ($22.35 in chips) 
Seat 4: red jocker 1 ($8 in chips) 
Seat 5: Popeye Jones ($24.90 in chips) 
Seat 8: danTXman ($25 in chips) 
Seat 9: weepeel ($66.30 in chips) 
FARPCOL: posts small blind $0.10
RAB53: posts big blind $0.25
danTXman: posts big blind $0.25
*** HOLE CARDS ***
Dealt to Alameda22 [7h 3d]
Alameda22: folds 
red jocker 1: calls $0.25
Popeye Jones: folds 
danTXman: raises $0.50 to $0.75
weepeel: folds 
FARPCOL: raises $2 to $2.75
RAB53: folds 
red jocker 1: folds 
red jocker 1 is sitting out
danTXman: calls $2
*** FLOP *** [Kd 9h 7s]
FARPCOL: checks 
danTXman: checks 
*** TURN *** [Kd 9h 7s] [3h]
FARPCOL: bets $3.50
danTXman: calls $3.50
*** RIVER *** [Kd 9h 7s 3h] [8h]
FARPCOL: bets $4.50
danTXman: calls $4.50
*** SHOW DOWN ***
FARPCOL: shows [As Ad] (a pair of Aces)
danTXman: mucks hand 
FARPCOL collected $20.95 from pot
*** SUMMARY ***
Total pot $22 | Rake $1.05 
Board [Kd 9h 7s 3h 8h]
Seat 1: FARPCOL (small blind) showed [As Ad] and won ($20.95) with a pair of Aces
Seat 2: RAB53 (big blind) folded before Flop
Seat 3: Alameda22 folded before Flop (didn't bet)
Seat 4: red jocker 1 folded before Flop
Seat 5: Popeye Jones folded before Flop (didn't bet)
Seat 8: danTXman mucked [Jh Jc]
Seat 9: weepeel (button) folded before Flop (didn't bet)



PokerStars Game #19904097878:  Hold'em No Limit ($0.10/$0.25) - 2008/08/26 - 00:16:45 (ET)
Table 'Panthoos III' 9-max Seat #1 is the button
Seat 1: FARPCOL ($33.95 in chips) 
Seat 2: RAB53 ($6.50 in chips) 
Seat 3: Alameda22 ($22.35 in chips) 
Seat 5: Popeye Jones ($24.90 in chips) 
Seat 8: danTXman ($14.25 in chips) 
Seat 9: weepeel ($66.30 in chips) 
RAB53: posts small blind $0.10
Alameda22: posts big blind $0.25
*** HOLE CARDS ***
Dealt to Alameda22 [Kh 7s]
Popeye Jones: folds 
danTXman: raises $0.75 to $1
weepeel: calls $1
FARPCOL: folds 
RAB53: folds 
Alameda22: folds 
*** FLOP *** [4s 9h 9d]
danTXman: bets $2
weepeel: folds 
Uncalled bet ($2) returned to danTXman
danTXman collected $2.25 from pot
danTXman: doesn't show hand 
*** SUMMARY ***
Total pot $2.35 | Rake $0.10 
Board [4s 9h 9d]
Seat 1: FARPCOL (button) folded before Flop (didn't bet)
Seat 2: RAB53 (small blind) folded before Flop
Seat 3: Alameda22 (big blind) folded before Flop
Seat 5: Popeye Jones folded before Flop (didn't bet)
Seat 8: danTXman collected ($2.25)
Seat 9: weepeel folded on the Flop



PokerStars Game #19904111001:  Hold'em No Limit ($0.10/$0.25) - 2008/08/26 - 00:17:31 (ET)
Table 'Panthoos III' 9-max Seat #2 is the button
Seat 1: FARPCOL ($33.95 in chips) 
Seat 2: RAB53 ($6.40 in chips) 
Seat 3: Alameda22 ($22.10 in chips) 
Seat 5: Popeye Jones ($24.90 in chips) 
Seat 8: danTXman ($15.50 in chips) 
Seat 9: weepeel ($65.30 in chips) 
Alameda22: posts small blind $0.10
Popeye Jones: posts big blind $0.25
*** HOLE CARDS ***
Dealt to Alameda22 [Ah 2s]
danTXman: folds 
weepeel: folds 
FARPCOL: folds 
RAB53: folds 
Alameda22: folds 
Uncalled bet ($0.15) returned to Popeye Jones
Popeye Jones collected $0.20 from pot
Popeye Jones: doesn't show hand 
*** SUMMARY ***
Total pot $0.20 | Rake $0 
Seat 1: FARPCOL folded before Flop (didn't bet)
Seat 2: RAB53 (button) folded before Flop (didn't bet)
Seat 3: Alameda22 (small blind) folded before Flop
Seat 5: Popeye Jones (big blind) collected ($0.20)
Seat 8: danTXman folded before Flop (didn't bet)
Seat 9: weepeel folded before Flop (didn't bet)



PokerStars Game #19904117491:  Hold'em No Limit ($0.10/$0.25) - 2008/08/26 - 00:17:53 (ET)
Table 'Panthoos III' 9-max Seat #3 is the button
Seat 1: FARPCOL ($33.95 in chips) 
Seat 2: RAB53 ($6.40 in chips) 
Seat 3: Alameda22 ($22 in chips) 
Seat 5: Popeye Jones ($25 in chips) 
Seat 8: danTXman ($15.50 in chips) 
Seat 9: weepeel ($65.30 in chips) 
Popeye Jones: posts small blind $0.10
danTXman: posts big blind $0.25
*** HOLE CARDS ***
Dealt to Alameda22 [3h Td]
weepeel: folds 
FARPCOL: folds 
RAB53: folds 
Alameda22: folds 
Popeye Jones: calls $0.15
danTXman: checks 
*** FLOP *** [Kd 6s 5c]
Popeye Jones: checks 
danTXman: checks 
*** TURN *** [Kd 6s 5c] [6c]
Popeye Jones: checks 
danTXman: checks 
*** RIVER *** [Kd 6s 5c 6c] [4s]
Popeye Jones: bets $1
danTXman: folds 
Uncalled bet ($1) returned to Popeye Jones
Popeye Jones collected $0.50 from pot
Popeye Jones: doesn't show hand 
*** SUMMARY ***
Total pot $0.50 | Rake $0 
Board [Kd 6s 5c 6c 4s]
Seat 1: FARPCOL folded before Flop (didn't bet)
Seat 2: RAB53 folded before Flop (didn't bet)
Seat 3: Alameda22 (button) folded before Flop (didn't bet)
Seat 5: Popeye Jones (small blind) collected ($0.50)
Seat 8: danTXman (big blind) folded on the River
Seat 9: weepeel folded before Flop (didn't bet)



PokerStars Game #19904128536:  Hold'em No Limit ($0.10/$0.25) - 2008/08/26 - 00:18:31 (ET)
Table 'Panthoos III' 9-max Seat #5 is the button
Seat 1: FARPCOL ($33.95 in chips) 
Seat 2: RAB53 ($6.40 in chips) 
Seat 3: Alameda22 ($22 in chips) 
Seat 5: Popeye Jones ($25.25 in chips) 
Seat 8: danTXman ($15.25 in chips) 
Seat 9: weepeel ($65.30 in chips) 
danTXman: posts small blind $0.10
weepeel: posts big blind $0.25
*** HOLE CARDS ***
Dealt to Alameda22 [9d 4s]
FARPCOL: calls $0.25
RAB53: folds 
Alameda22: folds 
Popeye Jones: folds 
danTXman: calls $0.15
weepeel: checks 
*** FLOP *** [Qd 4d 9s]
danTXman: checks 
weepeel: checks 
FARPCOL: checks 
*** TURN *** [Qd 4d 9s] [2s]
danTXman: checks 
weepeel: checks 
FARPCOL: checks 
*** RIVER *** [Qd 4d 9s 2s] [4h]
danTXman: checks 
weepeel: checks 
FARPCOL: checks 
*** SHOW DOWN ***
danTXman: shows [Kc 7c] (a pair of Fours)
weepeel: mucks hand 
FARPCOL: shows [6c 6d] (two pair, Sixes and Fours)
FARPCOL collected $0.75 from pot
*** SUMMARY ***
Total pot $0.75 | Rake $0 
Board [Qd 4d 9s 2s 4h]
Seat 1: FARPCOL showed [6c 6d] and won ($0.75) with two pair, Sixes and Fours
Seat 2: RAB53 folded before Flop (didn't bet)
Seat 3: Alameda22 folded before Flop (didn't bet)
Seat 5: Popeye Jones (button) folded before Flop (didn't bet)
Seat 8: danTXman (small blind) showed [Kc 7c] and lost with a pair of Fours
Seat 9: weepeel (big blind) mucked [5d Ts]



PokerStars Game #19904146136:  Hold'em No Limit ($0.10/$0.25) - 2008/08/26 - 00:19:33 (ET)
Table 'Panthoos III' 9-max Seat #8 is the button
Seat 1: FARPCOL ($34.45 in chips) 
Seat 2: RAB53 ($6.40 in chips) 
Seat 3: Alameda22 ($22 in chips) 
Seat 5: Popeye Jones ($25.25 in chips) 
Seat 8: danTXman ($15 in chips) 
Seat 9: weepeel ($65.05 in chips) 
weepeel: posts small blind $0.10
FARPCOL: posts big blind $0.25
*** HOLE CARDS ***
Dealt to Alameda22 [Qd 7s]
RAB53: folds 
Alameda22: folds 
Popeye Jones: folds 
danTXman: folds 
weepeel: folds 
Uncalled bet ($0.15) returned to FARPCOL
FARPCOL collected $0.20 from pot
FARPCOL: doesn't show hand 
*** SUMMARY ***
Total pot $0.20 | Rake $0 
Seat 1: FARPCOL (big blind) collected ($0.20)
Seat 2: RAB53 folded before Flop (didn't bet)
Seat 3: Alameda22 folded before Flop (didn't bet)
Seat 5: Popeye Jones folded before Flop (didn't bet)
Seat 8: danTXman (button) folded before Flop (didn't bet)
Seat 9: weepeel (small blind) folded before Flop



PokerStars Game #19904152146:  Hold'em No Limit ($0.10/$0.25) - 2008/08/26 - 00:19:54 (ET)
Table 'Panthoos III' 9-max Seat #9 is the button
Seat 1: FARPCOL ($34.55 in chips) 
Seat 2: RAB53 ($6.40 in chips) 
Seat 3: Alameda22 ($22 in chips) 
Seat 5: Popeye Jones ($25.25 in chips) 
Seat 8: danTXman ($15 in chips) 
Seat 9: weepeel ($64.95 in chips) 
FARPCOL: posts small blind $0.10
RAB53: posts big blind $0.25
*** HOLE CARDS ***
Dealt to Alameda22 [7s Qd]
Alameda22: folds 
Popeye Jones: folds 
danTXman: folds 
weepeel: raises $0.75 to $1
FARPCOL: calls $0.90
RAB53: folds 
*** FLOP *** [3s 2s Ks]
FARPCOL: checks 
weepeel: bets $1.75
FARPCOL: folds 
Uncalled bet ($1.75) returned to weepeel
weepeel collected $2.15 from pot
weepeel: doesn't show hand 
*** SUMMARY ***
Total pot $2.25 | Rake $0.10 
Board [3s 2s Ks]
Seat 1: FARPCOL (small blind) folded on the Flop
Seat 2: RAB53 (big blind) folded before Flop
Seat 3: Alameda22 folded before Flop (didn't bet)
Seat 5: Popeye Jones folded before Flop (didn't bet)
Seat 8: danTXman folded before Flop (didn't bet)
Seat 9: weepeel (button) collected ($2.15)



PokerStars Game #19904162863:  Hold'em No Limit ($0.10/$0.25) - 2008/08/26 - 00:20:31 (ET)
Table 'Panthoos III' 9-max Seat #1 is the button
Seat 1: FARPCOL ($33.55 in chips) 
Seat 2: RAB53 ($6.15 in chips) 
Seat 3: Alameda22 ($22 in chips) 
Seat 5: Popeye Jones ($25.25 in chips) 
Seat 8: danTXman ($15 in chips) 
Seat 9: weepeel ($66.10 in chips) 
RAB53: posts small blind $0.10
Alameda22: posts big blind $0.25
*** HOLE CARDS ***
Dealt to Alameda22 [4d 7d]
Popeye Jones: folds 
danTXman: folds 
weepeel: raises $0.50 to $0.75
FARPCOL: folds 
RAB53: calls $0.65
Alameda22: folds 
*** FLOP *** [5d 6d 5c]
RAB53: checks 
weepeel: checks 
*** TURN *** [5d 6d 5c] [Kc]
RAB53: bets $0.75
weepeel: folds 
Uncalled bet ($0.75) returned to RAB53
RAB53 collected $1.70 from pot
RAB53: doesn't show hand 
*** SUMMARY ***
Total pot $1.75 | Rake $0.05 
Board [5d 6d 5c Kc]
Seat 1: FARPCOL (button) folded before Flop (didn't bet)
Seat 2: RAB53 (small blind) collected ($1.70)
Seat 3: Alameda22 (big blind) folded before Flop
Seat 5: Popeye Jones folded before Flop (didn't bet)
Seat 8: danTXman folded before Flop (didn't bet)
Seat 9: weepeel folded on the Turn



PokerStars Game #19904185386:  Hold'em No Limit ($0.10/$0.25) - 2008/08/26 - 00:21:50 (ET)
Table 'Panthoos III' 9-max Seat #2 is the button
Seat 1: FARPCOL ($33.55 in chips) 
Seat 2: RAB53 ($7.10 in chips) 
Seat 3: Alameda22 ($21.75 in chips) 
Seat 5: Popeye Jones ($25.25 in chips) 
Seat 8: danTXman ($15 in chips) 
Seat 9: weepeel ($65.35 in chips) 
Alameda22: posts small blind $0.10
Popeye Jones: posts big blind $0.25
*** HOLE CARDS ***
Dealt to Alameda22 [3d 7s]
danTXman: raises $0.50 to $0.75
weepeel: folds 
FARPCOL: calls $0.75
RAB53: folds 
Alameda22: folds 
Popeye Jones: folds 
*** FLOP *** [Jh 5d 5h]
danTXman: checks 
FARPCOL: checks 
*** TURN *** [Jh 5d 5h] [Ah]
danTXman: bets $0.75
FARPCOL: calls $0.75
*** RIVER *** [Jh 5d 5h Ah] [Qh]
danTXman: checks 
FARPCOL: checks 
*** SHOW DOWN ***
danTXman: shows [As 8s] (two pair, Aces and Fives)
FARPCOL: shows [7d Ad] (two pair, Aces and Fives)
danTXman collected $1.60 from pot
FARPCOL collected $1.60 from pot
*** SUMMARY ***
Total pot $3.35 | Rake $0.15 
Board [Jh 5d 5h Ah Qh]
Seat 1: FARPCOL showed [7d Ad] and won ($1.60) with two pair, Aces and Fives
Seat 2: RAB53 (button) folded before Flop (didn't bet)
Seat 3: Alameda22 (small blind) folded before Flop
Seat 5: Popeye Jones (big blind) folded before Flop
Seat 8: danTXman showed [As 8s] and won ($1.60) with two pair, Aces and Fives
Seat 9: weepeel folded before Flop (didn't bet)



PokerStars Game #19904202219:  Hold'em No Limit ($0.10/$0.25) - 2008/08/26 - 00:22:50 (ET)
Table 'Panthoos III' 9-max Seat #3 is the button
Seat 1: FARPCOL ($33.65 in chips) 
Seat 2: RAB53 ($7.10 in chips) 
Seat 3: Alameda22 ($21.65 in chips) 
Seat 5: Popeye Jones ($25 in chips) 
Seat 8: danTXman ($15.10 in chips) 
Seat 9: weepeel ($65.35 in chips) 
Popeye Jones: posts small blind $0.10
danTXman: posts big blind $0.25
*** HOLE CARDS ***
Dealt to Alameda22 [Ad 9d]
red jocker 1 has returned
weepeel: raises $0.50 to $0.75
FARPCOL: folds 
RAB53: folds 
Alameda22: folds 
Popeye Jones: calls $0.65
danTXman: calls $0.50
*** FLOP *** [8h 6d 4c]
Popeye Jones: checks 
danTXman: checks 
weepeel: bets $1.25
Popeye Jones: folds 
danTXman: calls $1.25
*** TURN *** [8h 6d 4c] [Js]
danTXman: checks 
weepeel: bets $2.75
danTXman: folds 
Uncalled bet ($2.75) returned to weepeel
weepeel collected $4.55 from pot
weepeel: doesn't show hand 
*** SUMMARY ***
Total pot $4.75 | Rake $0.20 
Board [8h 6d 4c Js]
Seat 1: FARPCOL folded before Flop (didn't bet)
Seat 2: RAB53 folded before Flop (didn't bet)
Seat 3: Alameda22 (button) folded before Flop (didn't bet)
Seat 5: Popeye Jones (small blind) folded on the Flop
Seat 8: danTXman (big blind) folded on the Turn
Seat 9: weepeel collected ($4.55)



PokerStars Game #19904218896:  Hold'em No Limit ($0.10/$0.25) - 2008/08/26 - 00:23:49 (ET)
Table 'Panthoos III' 9-max Seat #5 is the button
Seat 1: FARPCOL ($33.65 in chips) 
Seat 2: RAB53 ($7.10 in chips) 
Seat 3: Alameda22 ($21.65 in chips) 
Seat 4: red jocker 1 ($7.75 in chips) 
Seat 5: Popeye Jones ($25 in chips) 
Seat 8: danTXman ($13.10 in chips) 
Seat 9: weepeel ($67.90 in chips) 
danTXman: posts small blind $0.10
weepeel: posts big blind $0.25
red jocker 1: posts small & big blinds $0.35
*** HOLE CARDS ***
Dealt to Alameda22 [3d 7d]
FARPCOL: folds 
RAB53: folds 
Alameda22: folds 
red jocker 1: checks 
Popeye Jones: folds 
danTXman: calls $0.15
weepeel: checks 
*** FLOP *** [8s 8h Qd]
danTXman: checks 
weepeel: checks 
red jocker 1: bets $0.50
danTXman: folds 
weepeel: folds 
Uncalled bet ($0.50) returned to red jocker 1
red jocker 1 collected $0.85 from pot
red jocker 1: doesn't show hand 
*** SUMMARY ***
Total pot $0.85 | Rake $0 
Board [8s 8h Qd]
Seat 1: FARPCOL folded before Flop (didn't bet)
Seat 2: RAB53 folded before Flop (didn't bet)
Seat 3: Alameda22 folded before Flop (didn't bet)
Seat 4: red jocker 1 collected ($0.85)
Seat 5: Popeye Jones (button) folded before Flop (didn't bet)
Seat 8: danTXman (small blind) folded on the Flop
Seat 9: weepeel (big blind) folded on the Flop



PokerStars Game #19904232915:  Hold'em No Limit ($0.10/$0.25) - 2008/08/26 - 00:24:39 (ET)
Table 'Panthoos III' 9-max Seat #8 is the button
Seat 1: FARPCOL ($33.65 in chips) 
Seat 2: RAB53 ($7.10 in chips) 
Seat 3: Alameda22 ($21.65 in chips) 
Seat 4: red jocker 1 ($8.25 in chips) 
Seat 5: Popeye Jones ($25 in chips) 
Seat 8: danTXman ($12.85 in chips) 
Seat 9: weepeel ($67.65 in chips) 
weepeel: posts small blind $0.10
FARPCOL: posts big blind $0.25
*** HOLE CARDS ***
Dealt to Alameda22 [Jd Qd]
RAB53: folds 
Alameda22: folds 
red jocker 1: calls $0.25
Popeye Jones: folds 
danTXman: calls $0.25
weepeel: calls $0.15
FARPCOL: checks 
*** FLOP *** [4d 3s Jc]
weepeel: bets $0.75
FARPCOL: folds 
JoeMoFoSkin joins the table at seat #6 
red jocker 1: calls $0.75
danTXman: calls $0.75
*** TURN *** [4d 3s Jc] [Tc]
weepeel: checks 
AcesG13 joins the table at seat #7 
red jocker 1: bets $0.50
danTXman: raises $1.50 to $2
weepeel: folds 
red jocker 1: calls $1.50
*** RIVER *** [4d 3s Jc Tc] [2c]
red jocker 1: bets $0.75
danTXman: calls $0.75
*** SHOW DOWN ***
red jocker 1: shows [3c Kc] (a flush, King high)
danTXman: shows [4h 4s] (three of a kind, Fours)
red jocker 1 collected $8.35 from pot
*** SUMMARY ***
Total pot $8.75 | Rake $0.40 
Board [4d 3s Jc Tc 2c]
Seat 1: FARPCOL (big blind) folded on the Flop
Seat 2: RAB53 folded before Flop (didn't bet)
Seat 3: Alameda22 folded before Flop (didn't bet)
Seat 4: red jocker 1 showed [3c Kc] and won ($8.35) with a flush, King high
Seat 5: Popeye Jones folded before Flop (didn't bet)
Seat 8: danTXman (button) showed [4h 4s] and lost with three of a kind, Fours
Seat 9: weepeel (small blind) folded on the Turn



PokerStars Game #19904262325:  Hold'em No Limit ($0.10/$0.25) - 2008/08/26 - 00:26:24 (ET)
Table 'Panthoos III' 9-max Seat #9 is the button
Seat 1: FARPCOL ($33.40 in chips) 
Seat 2: RAB53 ($7.10 in chips) 
Seat 3: Alameda22 ($21.65 in chips) 
Seat 4: red jocker 1 ($12.85 in chips) 
Seat 5: Popeye Jones ($25 in chips) 
Seat 6: JoeMoFoSkin ($15 in chips) 
Seat 7: AcesG13 ($13 in chips) 
Seat 8: danTXman ($9.10 in chips) 
Seat 9: weepeel ($66.65 in chips) 
FARPCOL: posts small blind $0.10
RAB53: posts big blind $0.25
JoeMoFoSkin: posts big blind $0.25
AcesG13: posts big blind $0.25
*** HOLE CARDS ***
Dealt to Alameda22 [5s Tc]
Alameda22: folds 
red jocker 1: calls $0.25
Popeye Jones: folds 
JoeMoFoSkin: checks 
AcesG13: checks 
danTXman: calls $0.25
weepeel: folds 
FARPCOL: calls $0.15
RAB53: checks 
*** FLOP *** [9c 3d 6s]
FARPCOL: checks 
RAB53: checks 
red jocker 1: bets $2.50
JoeMoFoSkin: folds 
AcesG13: folds 
danTXman: folds 
FARPCOL: folds 
RAB53: folds 
Uncalled bet ($2.50) returned to red jocker 1
red jocker 1 collected $1.45 from pot
red jocker 1: doesn't show hand 
*** SUMMARY ***
Total pot $1.50 | Rake $0.05 
Board [9c 3d 6s]
Seat 1: FARPCOL (small blind) folded on the Flop
Seat 2: RAB53 (big blind) folded on the Flop
Seat 3: Alameda22 folded before Flop (didn't bet)
Seat 4: red jocker 1 collected ($1.45)
Seat 5: Popeye Jones folded before Flop (didn't bet)
Seat 6: JoeMoFoSkin folded on the Flop
Seat 7: AcesG13 folded on the Flop
Seat 8: danTXman folded on the Flop
Seat 9: weepeel (button) folded before Flop (didn't bet)



PokerStars Game #19904279886:  Hold'em No Limit ($0.10/$0.25) - 2008/08/26 - 00:27:28 (ET)
Table 'Panthoos III' 9-max Seat #1 is the button
Seat 1: FARPCOL ($33.15 in chips) 
Seat 2: RAB53 ($6.85 in chips) 
Seat 3: Alameda22 ($21.65 in chips) 
Seat 4: red jocker 1 ($14.05 in chips) 
Seat 5: Popeye Jones ($25 in chips) 
Seat 6: JoeMoFoSkin ($14.75 in chips) 
Seat 7: AcesG13 ($12.75 in chips) 
Seat 8: danTXman ($8.85 in chips) 
Seat 9: weepeel ($66.65 in chips) 
RAB53: posts small blind $0.10
Alameda22: posts big blind $0.25
*** HOLE CARDS ***
Dealt to Alameda22 [Js 2h]
red jocker 1: raises $0.50 to $0.75
Popeye Jones: folds 
JoeMoFoSkin: folds 
AcesG13: calls $0.75
danTXman: calls $0.75
weepeel: folds 
FARPCOL: folds 
RAB53: folds 
Alameda22: folds 
*** FLOP *** [9s Qh 2c]
red jocker 1: bets $3.25
AcesG13: folds 
danTXman: folds 
Uncalled bet ($3.25) returned to red jocker 1
red jocker 1 collected $2.50 from pot
red jocker 1: shows [Qs Jd] (a pair of Queens)
*** SUMMARY ***
Total pot $2.60 | Rake $0.10 
Board [9s Qh 2c]
Seat 1: FARPCOL (button) folded before Flop (didn't bet)
Seat 2: RAB53 (small blind) folded before Flop
Seat 3: Alameda22 (big blind) folded before Flop
Seat 4: red jocker 1 collected ($2.50)
Seat 5: Popeye Jones folded before Flop (didn't bet)
Seat 6: JoeMoFoSkin folded before Flop (didn't bet)
Seat 7: AcesG13 folded on the Flop
Seat 8: danTXman folded on the Flop
Seat 9: weepeel folded before Flop (didn't bet)



PokerStars Game #19904302326:  Hold'em No Limit ($0.10/$0.25) - 2008/08/26 - 00:28:49 (ET)
Table 'Panthoos III' 9-max Seat #2 is the button
Seat 1: FARPCOL ($33.15 in chips) 
Seat 2: RAB53 ($6.75 in chips) 
Seat 3: Alameda22 ($21.40 in chips) 
Seat 4: red jocker 1 ($15.80 in chips) 
Seat 5: Popeye Jones ($25 in chips) 
Seat 6: JoeMoFoSkin ($14.75 in chips) 
Seat 7: AcesG13 ($12 in chips) 
Seat 8: danTXman ($8.10 in chips) 
Seat 9: weepeel ($66.65 in chips) 
Alameda22: posts small blind $0.10
red jocker 1: posts big blind $0.25
*** HOLE CARDS ***
Dealt to Alameda22 [Jd 3c]
Popeye Jones: folds 
JoeMoFoSkin: folds 
AcesG13: folds 
danTXman: folds 
weepeel: folds 
FARPCOL: folds 
RAB53: folds 
Alameda22: folds 
Uncalled bet ($0.15) returned to red jocker 1
red jocker 1 collected $0.20 from pot
red jocker 1: doesn't show hand 
*** SUMMARY ***
Total pot $0.20 | Rake $0 
Seat 1: FARPCOL folded before Flop (didn't bet)
Seat 2: RAB53 (button) folded before Flop (didn't bet)
Seat 3: Alameda22 (small blind) folded before Flop
Seat 4: red jocker 1 (big blind) collected ($0.20)
Seat 5: Popeye Jones folded before Flop (didn't bet)
Seat 6: JoeMoFoSkin folded before Flop (didn't bet)
Seat 7: AcesG13 folded before Flop (didn't bet)
Seat 8: danTXman folded before Flop (didn't bet)
Seat 9: weepeel folded before Flop (didn't bet)



PokerStars Game #19904319564:  Hold'em No Limit ($0.10/$0.25) - 2008/08/26 - 00:29:53 (ET)
Table 'Panthoos III' 9-max Seat #3 is the button
Seat 1: FARPCOL ($33.15 in chips) 
Seat 2: RAB53 ($6.75 in chips) 
Seat 3: Alameda22 ($21.30 in chips) 
Seat 4: red jocker 1 ($15.90 in chips) 
Seat 5: Popeye Jones ($25 in chips) 
Seat 6: JoeMoFoSkin ($14.75 in chips) 
Seat 7: AcesG13 ($12 in chips) 
Seat 8: danTXman ($8.10 in chips) 
Seat 9: weepeel ($66.65 in chips) 
red jocker 1: posts small blind $0.10
Popeye Jones: posts big blind $0.25
*** HOLE CARDS ***
Dealt to Alameda22 [Qc 4h]
JoeMoFoSkin: folds 
AcesG13: folds 
danTXman: calls $0.25
weepeel: folds 
FARPCOL: folds 
RAB53: folds 
Alameda22: folds 
red jocker 1: raises $0.25 to $0.50
Popeye Jones: folds 
danTXman: calls $0.25
*** FLOP *** [8c 4s Ks]
red jocker 1: bets $0.50
danTXman: folds 
Uncalled bet ($0.50) returned to red jocker 1
red jocker 1 collected $1.20 from pot
red jocker 1: doesn't show hand 
*** SUMMARY ***
Total pot $1.25 | Rake $0.05 
Board [8c 4s Ks]
Seat 1: FARPCOL folded before Flop (didn't bet)
Seat 2: RAB53 folded before Flop (didn't bet)
Seat 3: Alameda22 (button) folded before Flop (didn't bet)
Seat 4: red jocker 1 (small blind) collected ($1.20)
Seat 5: Popeye Jones (big blind) folded before Flop
Seat 6: JoeMoFoSkin folded before Flop (didn't bet)
Seat 7: AcesG13 folded before Flop (didn't bet)
Seat 8: danTXman folded on the Flop
Seat 9: weepeel folded before Flop (didn't bet)



PokerStars Game #19904335420:  Hold'em No Limit ($0.10/$0.25) - 2008/08/26 - 00:30:50 (ET)
Table 'Panthoos III' 9-max Seat #4 is the button
Seat 1: FARPCOL ($33.15 in chips) 
Seat 2: RAB53 ($6.75 in chips) 
Seat 3: Alameda22 ($21.30 in chips) 
Seat 4: red jocker 1 ($16.60 in chips) 
Seat 5: Popeye Jones ($24.75 in chips) 
Seat 6: JoeMoFoSkin ($14.75 in chips) 
Seat 7: AcesG13 ($12 in chips) 
Seat 8: danTXman ($7.60 in chips) 
Seat 9: weepeel ($66.65 in chips) 
Popeye Jones: posts small blind $0.10
JoeMoFoSkin: posts big blind $0.25
*** HOLE CARDS ***
Dealt to Alameda22 [2h 9h]
AcesG13: folds 
danTXman: calls $0.25
weepeel: folds 
FARPCOL: folds 
RAB53: calls $0.25
Alameda22: folds 
red jocker 1: calls $0.25
Popeye Jones: folds 
JoeMoFoSkin: checks 
*** FLOP *** [4s 3c 5s]
JoeMoFoSkin: checks 
danTXman: checks 
RAB53: checks 
red jocker 1: checks 
*** TURN *** [4s 3c 5s] [5h]
JoeMoFoSkin: checks 
danTXman: checks 
RAB53: checks 
red jocker 1: checks 
*** RIVER *** [4s 3c 5s 5h] [3h]
JoeMoFoSkin: bets $0.50
danTXman: folds 
RAB53: folds 
red jocker 1: folds 
Uncalled bet ($0.50) returned to JoeMoFoSkin
JoeMoFoSkin collected $1.05 from pot
JoeMoFoSkin: doesn't show hand 
*** SUMMARY ***
Total pot $1.10 | Rake $0.05 
Board [4s 3c 5s 5h 3h]
Seat 1: FARPCOL folded before Flop (didn't bet)
Seat 2: RAB53 folded on the River
Seat 3: Alameda22 folded before Flop (didn't bet)
Seat 4: red jocker 1 (button) folded on the River
Seat 5: Popeye Jones (small blind) folded before Flop
Seat 6: JoeMoFoSkin (big blind) collected ($1.05)
Seat 7: AcesG13 folded before Flop (didn't bet)
Seat 8: danTXman folded on the River
Seat 9: weepeel folded before Flop (didn't bet)



PokerStars Game #19904355569:  Hold'em No Limit ($0.10/$0.25) - 2008/08/26 - 00:32:00 (ET)
Table 'Panthoos III' 9-max Seat #5 is the button
Seat 1: FARPCOL ($33.15 in chips) 
Seat 2: RAB53 ($6.50 in chips) 
Seat 3: Alameda22 ($21.30 in chips) 
Seat 4: red jocker 1 ($16.35 in chips) 
Seat 5: Popeye Jones ($25 in chips) 
Seat 6: JoeMoFoSkin ($15.55 in chips) 
Seat 7: AcesG13 ($12 in chips) 
Seat 8: danTXman ($7.35 in chips) 
Seat 9: weepeel ($66.65 in chips) 
JoeMoFoSkin: posts small blind $0.10
AcesG13: posts big blind $0.25
*** HOLE CARDS ***
Dealt to Alameda22 [Ad 9c]
danTXman: folds 
weepeel: raises $0.50 to $0.75
FARPCOL: folds 
RAB53: folds 
Alameda22: folds 
red jocker 1: folds 
Popeye Jones: folds 
JoeMoFoSkin: folds 
AcesG13: calls $0.50
*** FLOP *** [9s 3c Js]
AcesG13: bets $0.70
weepeel: folds 
Uncalled bet ($0.70) returned to AcesG13
AcesG13 collected $1.55 from pot
AcesG13: doesn't show hand 
*** SUMMARY ***
Total pot $1.60 | Rake $0.05 
Board [9s 3c Js]
Seat 1: FARPCOL folded before Flop (didn't bet)
Seat 2: RAB53 folded before Flop (didn't bet)
Seat 3: Alameda22 folded before Flop (didn't bet)
Seat 4: red jocker 1 folded before Flop (didn't bet)
Seat 5: Popeye Jones (button) folded before Flop (didn't bet)
Seat 6: JoeMoFoSkin (small blind) folded before Flop
Seat 7: AcesG13 (big blind) collected ($1.55)
Seat 8: danTXman folded before Flop (didn't bet)
Seat 9: weepeel folded on the Flop



PokerStars Game #19904370441:  Hold'em No Limit ($0.10/$0.25) - 2008/08/26 - 00:32:51 (ET)
Table 'Panthoos III' 9-max Seat #6 is the button
Seat 1: FARPCOL ($33.15 in chips) 
Seat 2: RAB53 ($6.50 in chips) 
Seat 3: Alameda22 ($21.30 in chips) 
Seat 4: red jocker 1 ($16.35 in chips) 
Seat 5: Popeye Jones ($25 in chips) 
Seat 6: JoeMoFoSkin ($15.45 in chips) 
Seat 7: AcesG13 ($12.80 in chips) 
Seat 8: danTXman ($7.35 in chips) 
Seat 9: weepeel ($65.90 in chips) 
AcesG13: posts small blind $0.10
danTXman: posts big blind $0.25
*** HOLE CARDS ***
Dealt to Alameda22 [3d Ac]
weepeel: raises $0.75 to $1
FARPCOL: folds 
RAB53: folds 
Alameda22: folds 
red jocker 1: folds 
Popeye Jones: folds 
JoeMoFoSkin: folds 
AcesG13: folds 
danTXman: folds 
Uncalled bet ($0.75) returned to weepeel
weepeel collected $0.60 from pot
weepeel: doesn't show hand 
*** SUMMARY ***
Total pot $0.60 | Rake $0 
Seat 1: FARPCOL folded before Flop (didn't bet)
Seat 2: RAB53 folded before Flop (didn't bet)
Seat 3: Alameda22 folded before Flop (didn't bet)
Seat 4: red jocker 1 folded before Flop (didn't bet)
Seat 5: Popeye Jones folded before Flop (didn't bet)
Seat 6: JoeMoFoSkin (button) folded before Flop (didn't bet)
Seat 7: AcesG13 (small blind) folded before Flop
Seat 8: danTXman (big blind) folded before Flop
Seat 9: weepeel collected ($0.60)



PokerStars Game #19904382895:  Hold'em No Limit ($0.10/$0.25) - 2008/08/26 - 00:33:35 (ET)
Table 'Panthoos III' 9-max Seat #7 is the button
Seat 1: FARPCOL ($33.15 in chips) 
Seat 2: RAB53 ($6.50 in chips) 
Seat 3: Alameda22 ($21.30 in chips) 
Seat 4: red jocker 1 ($16.35 in chips) 
Seat 5: Popeye Jones ($25 in chips) 
Seat 6: JoeMoFoSkin ($15.45 in chips) 
Seat 7: AcesG13 ($12.70 in chips) 
Seat 8: danTXman ($7.10 in chips) 
Seat 9: weepeel ($66.25 in chips) 
danTXman: posts small blind $0.10
weepeel: posts big blind $0.25
*** HOLE CARDS ***
Dealt to Alameda22 [9d 7s]
FARPCOL: folds 
RAB53: folds 
Alameda22: folds 
red jocker 1: folds 
Popeye Jones: folds 
JoeMoFoSkin: folds 
AcesG13: folds 
danTXman: raises $0.50 to $0.75
weepeel: calls $0.50
*** FLOP *** [2s 3s Js]
danTXman: bets $1
weepeel: folds 
Uncalled bet ($1) returned to danTXman
danTXman collected $1.45 from pot
danTXman: doesn't show hand 
*** SUMMARY ***
Total pot $1.50 | Rake $0.05 
Board [2s 3s Js]
Seat 1: FARPCOL folded before Flop (didn't bet)
Seat 2: RAB53 folded before Flop (didn't bet)
Seat 3: Alameda22 folded before Flop (didn't bet)
Seat 4: red jocker 1 folded before Flop (didn't bet)
Seat 5: Popeye Jones folded before Flop (didn't bet)
Seat 6: JoeMoFoSkin folded before Flop (didn't bet)
Seat 7: AcesG13 (button) folded before Flop (didn't bet)
Seat 8: danTXman (small blind) collected ($1.45)
Seat 9: weepeel (big blind) folded on the Flop



PokerStars Game #19904393796:  Hold'em No Limit ($0.10/$0.25) - 2008/08/26 - 00:34:13 (ET)
Table 'Panthoos III' 9-max Seat #8 is the button
Seat 1: FARPCOL ($33.15 in chips) 
Seat 2: RAB53 ($6.50 in chips) 
Seat 3: Alameda22 ($21.30 in chips) 
Seat 4: red jocker 1 ($16.35 in chips) 
Seat 5: Popeye Jones ($25 in chips) 
Seat 6: JoeMoFoSkin ($15.45 in chips) 
Seat 7: AcesG13 ($12.70 in chips) 
Seat 8: danTXman ($7.80 in chips) 
Seat 9: weepeel ($65.50 in chips) 
weepeel: posts small blind $0.10
FARPCOL: posts big blind $0.25
*** HOLE CARDS ***
Dealt to Alameda22 [Jh Js]
RAB53: folds 
Alameda22: raises $0.50 to $0.75
red jocker 1: folds 
Popeye Jones: folds 
JoeMoFoSkin: folds 
AcesG13: folds 
danTXman: folds 
weepeel: folds 
FARPCOL: folds 
Uncalled bet ($0.50) returned to Alameda22
Alameda22 collected $0.60 from pot
Alameda22: doesn't show hand 
*** SUMMARY ***
Total pot $0.60 | Rake $0 
Seat 1: FARPCOL (big blind) folded before Flop
Seat 2: RAB53 folded before Flop (didn't bet)
Seat 3: Alameda22 collected ($0.60)
Seat 4: red jocker 1 folded before Flop (didn't bet)
Seat 5: Popeye Jones folded before Flop (didn't bet)
Seat 6: JoeMoFoSkin folded before Flop (didn't bet)
Seat 7: AcesG13 folded before Flop (didn't bet)
Seat 8: danTXman (button) folded before Flop (didn't bet)
Seat 9: weepeel (small blind) folded before Flop



PokerStars Game #19904403228:  Hold'em No Limit ($0.10/$0.25) - 2008/08/26 - 00:34:46 (ET)
Table 'Panthoos III' 9-max Seat #9 is the button
Seat 1: FARPCOL ($32.90 in chips) 
Seat 2: RAB53 ($6.50 in chips) 
Seat 3: Alameda22 ($21.65 in chips) 
Seat 4: red jocker 1 ($16.35 in chips) 
Seat 5: Popeye Jones ($25 in chips) 
Seat 6: JoeMoFoSkin ($15.45 in chips) 
Seat 7: AcesG13 ($12.70 in chips) 
Seat 8: danTXman ($7.80 in chips) 
Seat 9: weepeel ($65.40 in chips) 
FARPCOL: posts small blind $0.10
RAB53: posts big blind $0.25
*** HOLE CARDS ***
Dealt to Alameda22 [6c 3d]
Alameda22: folds 
red jocker 1: folds 
Popeye Jones: folds 
JoeMoFoSkin: folds 
AcesG13: raises $0.75 to $1
danTXman: folds 
weepeel: folds 
FARPCOL: folds 
RAB53: calls $0.75
*** FLOP *** [7h 4h 4c]
RAB53: checks 
AcesG13: bets $1.10
RAB53: folds 
Uncalled bet ($1.10) returned to AcesG13
AcesG13 collected $2 from pot
AcesG13: doesn't show hand 
*** SUMMARY ***
Total pot $2.10 | Rake $0.10 
Board [7h 4h 4c]
Seat 1: FARPCOL (small blind) folded before Flop
Seat 2: RAB53 (big blind) folded on the Flop
Seat 3: Alameda22 folded before Flop (didn't bet)
Seat 4: red jocker 1 folded before Flop (didn't bet)
Seat 5: Popeye Jones folded before Flop (didn't bet)
Seat 6: JoeMoFoSkin folded before Flop (didn't bet)
Seat 7: AcesG13 collected ($2)
Seat 8: danTXman folded before Flop (didn't bet)
Seat 9: weepeel (button) folded before Flop (didn't bet)



PokerStars Game #19904417938:  Hold'em No Limit ($0.10/$0.25) - 2008/08/26 - 00:35:37 (ET)
Table 'Panthoos III' 9-max Seat #1 is the button
Seat 1: FARPCOL ($32.80 in chips) 
Seat 2: RAB53 ($5.50 in chips) 
Seat 3: Alameda22 ($21.65 in chips) 
Seat 4: red jocker 1 ($16.35 in chips) 
Seat 5: Popeye Jones ($25 in chips) 
Seat 6: JoeMoFoSkin ($15.45 in chips) 
Seat 7: AcesG13 ($13.70 in chips) 
Seat 8: danTXman ($7.80 in chips) 
Seat 9: weepeel ($65.40 in chips) 
RAB53: posts small blind $0.10
Alameda22: posts big blind $0.25
*** HOLE CARDS ***
Dealt to Alameda22 [4c Ts]
red jocker 1: raises $0.25 to $0.50
Popeye Jones: folds 
JoeMoFoSkin: calls $0.50
AcesG13: folds 
danTXman: folds 
weepeel: folds 
FARPCOL: folds 
RAB53: calls $0.40
Alameda22: calls $0.25
*** FLOP *** [8d 7c 4h]
RAB53: checks 
Alameda22: checks 
red jocker 1: bets $2.25
JoeMoFoSkin: folds 
RAB53: folds 
Alameda22: folds 
Uncalled bet ($2.25) returned to red jocker 1
red jocker 1 collected $1.90 from pot
red jocker 1: doesn't show hand 
*** SUMMARY ***
Total pot $2 | Rake $0.10 
Board [8d 7c 4h]
Seat 1: FARPCOL (button) folded before Flop (didn't bet)
Seat 2: RAB53 (small blind) folded on the Flop
Seat 3: Alameda22 (big blind) folded on the Flop
Seat 4: red jocker 1 collected ($1.90)
Seat 5: Popeye Jones folded before Flop (didn't bet)
Seat 6: JoeMoFoSkin folded on the Flop
Seat 7: AcesG13 folded before Flop (didn't bet)
Seat 8: danTXman folded before Flop (didn't bet)
Seat 9: weepeel folded before Flop (didn't bet)



PokerStars Game #19904440792:  Hold'em No Limit ($0.10/$0.25) - 2008/08/26 - 00:36:58 (ET)
Table 'Panthoos III' 9-max Seat #2 is the button
Seat 1: FARPCOL ($32.80 in chips) 
Seat 2: RAB53 ($5 in chips) 
Seat 3: Alameda22 ($21.15 in chips) 
Seat 4: red jocker 1 ($17.75 in chips) 
Seat 5: Popeye Jones ($25 in chips) 
Seat 6: JoeMoFoSkin ($14.95 in chips) 
Seat 7: AcesG13 ($13.70 in chips) 
Seat 8: danTXman ($7.80 in chips) 
Seat 9: weepeel ($65.40 in chips) 
Alameda22: posts small blind $0.10
red jocker 1: posts big blind $0.25
*** HOLE CARDS ***
Dealt to Alameda22 [2s 4c]
Popeye Jones: folds 
JoeMoFoSkin: calls $0.25
AcesG13: folds 
danTXman: folds 
weepeel: folds 
FARPCOL: folds 
RAB53: folds 
Alameda22: folds 
red jocker 1: checks 
*** FLOP *** [4d As 2c]
red jocker 1: bets $0.50
JoeMoFoSkin: calls $0.50
*** TURN *** [4d As 2c] [6c]
red jocker 1: bets $1.25
JoeMoFoSkin: calls $1.25
*** RIVER *** [4d As 2c 6c] [Ad]
red jocker 1: checks 
JoeMoFoSkin: bets $2
red jocker 1: folds 
Uncalled bet ($2) returned to JoeMoFoSkin
JoeMoFoSkin collected $3.90 from pot
JoeMoFoSkin: doesn't show hand 
*** SUMMARY ***
Total pot $4.10 | Rake $0.20 
Board [4d As 2c 6c Ad]
Seat 1: FARPCOL folded before Flop (didn't bet)
Seat 2: RAB53 (button) folded before Flop (didn't bet)
Seat 3: Alameda22 (small blind) folded before Flop
Seat 4: red jocker 1 (big blind) folded on the River
Seat 5: Popeye Jones folded before Flop (didn't bet)
Seat 6: JoeMoFoSkin collected ($3.90)
Seat 7: AcesG13 folded before Flop (didn't bet)
Seat 8: danTXman folded before Flop (didn't bet)
Seat 9: weepeel folded before Flop (didn't bet)



PokerStars Game #19904467696:  Hold'em No Limit ($0.10/$0.25) - 2008/08/26 - 00:38:34 (ET)
Table 'Panthoos III' 9-max Seat #3 is the button
Seat 1: FARPCOL ($32.80 in chips) 
Seat 2: RAB53 ($5 in chips) 
Seat 3: Alameda22 ($21.05 in chips) 
Seat 4: red jocker 1 ($15.75 in chips) 
Seat 5: Popeye Jones ($25 in chips) 
Seat 6: JoeMoFoSkin ($16.85 in chips) 
Seat 7: AcesG13 ($13.70 in chips) 
Seat 8: danTXman ($7.80 in chips) 
Seat 9: weepeel ($65.40 in chips) 
red jocker 1: posts small blind $0.10
Popeye Jones: posts big blind $0.25
*** HOLE CARDS ***
Dealt to Alameda22 [9c 6d]
JoeMoFoSkin: folds 
AcesG13: raises $0.75 to $1
danTXman: folds 
weepeel: folds 
FARPCOL: folds 
RAB53: folds 
Alameda22: folds 
red jocker 1: folds 
Popeye Jones: folds 
Uncalled bet ($0.75) returned to AcesG13
AcesG13 collected $0.60 from pot
AcesG13: doesn't show hand 
*** SUMMARY ***
Total pot $0.60 | Rake $0 
Seat 1: FARPCOL folded before Flop (didn't bet)
Seat 2: RAB53 folded before Flop (didn't bet)
Seat 3: Alameda22 (button) folded before Flop (didn't bet)
Seat 4: red jocker 1 (small blind) folded before Flop
Seat 5: Popeye Jones (big blind) folded before Flop
Seat 6: JoeMoFoSkin folded before Flop (didn't bet)
Seat 7: AcesG13 collected ($0.60)
Seat 8: danTXman folded before Flop (didn't bet)
Seat 9: weepeel folded before Flop (didn't bet)



PokerStars Game #19904477900:  Hold'em No Limit ($0.10/$0.25) - 2008/08/26 - 00:39:10 (ET)
Table 'Panthoos III' 9-max Seat #4 is the button
Seat 1: FARPCOL ($32.80 in chips) 
Seat 2: RAB53 ($5 in chips) 
Seat 3: Alameda22 ($21.05 in chips) 
Seat 4: red jocker 1 ($15.65 in chips) 
Seat 5: Popeye Jones ($24.75 in chips) 
Seat 6: JoeMoFoSkin ($16.85 in chips) 
Seat 7: AcesG13 ($14.05 in chips) 
Seat 8: danTXman ($7.80 in chips) 
Seat 9: weepeel ($65.40 in chips) 
Popeye Jones: posts small blind $0.10
JoeMoFoSkin: posts big blind $0.25
*** HOLE CARDS ***
Dealt to Alameda22 [8c 3d]
AcesG13: calls $0.25
danTXman: calls $0.25
weepeel: folds 
FARPCOL: folds 
RAB53: folds 
Alameda22: folds 
red jocker 1: calls $0.25
Popeye Jones: calls $0.15
JoeMoFoSkin: checks 
*** FLOP *** [7c Js 4d]
Popeye Jones: checks 
JoeMoFoSkin: bets $0.50
AcesG13: calls $0.50
danTXman: folds 
red jocker 1: folds 
Popeye Jones: folds 
*** TURN *** [7c Js 4d] [7s]
JoeMoFoSkin: bets $1
AcesG13: folds 
Uncalled bet ($1) returned to JoeMoFoSkin
JoeMoFoSkin collected $2.15 from pot
JoeMoFoSkin: doesn't show hand 
*** SUMMARY ***
Total pot $2.25 | Rake $0.10 
Board [7c Js 4d 7s]
Seat 1: FARPCOL folded before Flop (didn't bet)
Seat 2: RAB53 folded before Flop (didn't bet)
Seat 3: Alameda22 folded before Flop (didn't bet)
Seat 4: red jocker 1 (button) folded on the Flop
Seat 5: Popeye Jones (small blind) folded on the Flop
Seat 6: JoeMoFoSkin (big blind) collected ($2.15)
Seat 7: AcesG13 folded on the Turn
Seat 8: danTXman folded on the Flop
Seat 9: weepeel folded before Flop (didn't bet)



PokerStars Game #19904501460:  Hold'em No Limit ($0.10/$0.25) - 2008/08/26 - 00:40:35 (ET)
Table 'Panthoos III' 9-max Seat #5 is the button
Seat 1: FARPCOL ($32.80 in chips) 
Seat 2: RAB53 ($5 in chips) 
Seat 3: Alameda22 ($21.05 in chips) 
Seat 4: red jocker 1 ($15.40 in chips) 
Seat 5: Popeye Jones ($25 in chips) 
Seat 6: JoeMoFoSkin ($18.25 in chips) 
Seat 7: AcesG13 ($13.30 in chips) 
Seat 8: danTXman ($7.55 in chips) 
Seat 9: weepeel ($65.40 in chips) 
JoeMoFoSkin: posts small blind $0.10
AcesG13: posts big blind $0.25
*** HOLE CARDS ***
Dealt to Alameda22 [Ac 2c]
danTXman: folds 
weepeel: raises $0.50 to $0.75
FARPCOL: folds 
RAB53: folds 
Alameda22: folds 
red jocker 1: folds 
Popeye Jones: folds 
JoeMoFoSkin: calls $0.65
AcesG13: folds 
*** FLOP *** [4d 3c Ad]
JoeMoFoSkin: bets $1
weepeel: folds 
Uncalled bet ($1) returned to JoeMoFoSkin
JoeMoFoSkin collected $1.70 from pot
JoeMoFoSkin: doesn't show hand 
*** SUMMARY ***
Total pot $1.75 | Rake $0.05 
Board [4d 3c Ad]
Seat 1: FARPCOL folded before Flop (didn't bet)
Seat 2: RAB53 folded before Flop (didn't bet)
Seat 3: Alameda22 folded before Flop (didn't bet)
Seat 4: red jocker 1 folded before Flop (didn't bet)
Seat 5: Popeye Jones (button) folded before Flop (didn't bet)
Seat 6: JoeMoFoSkin (small blind) collected ($1.70)
Seat 7: AcesG13 (big blind) folded before Flop
Seat 8: danTXman folded before Flop (didn't bet)
Seat 9: weepeel folded on the Flop



PokerStars Game #19904513003:  Hold'em No Limit ($0.10/$0.25) - 2008/08/26 - 00:41:17 (ET)
Table 'Panthoos III' 9-max Seat #6 is the button
Seat 1: FARPCOL ($32.80 in chips) 
Seat 2: RAB53 ($5 in chips) 
Seat 3: Alameda22 ($21.05 in chips) 
Seat 4: red jocker 1 ($15.40 in chips) 
Seat 5: Popeye Jones ($25 in chips) 
Seat 6: JoeMoFoSkin ($19.20 in chips) 
Seat 7: AcesG13 ($13.05 in chips) 
Seat 8: danTXman ($7.55 in chips) 
Seat 9: weepeel ($64.65 in chips) 
AcesG13: posts small blind $0.10
danTXman: posts big blind $0.25
*** HOLE CARDS ***
Dealt to Alameda22 [9c 3c]
weepeel: folds 
FARPCOL: folds 
RAB53: folds 
Alameda22: folds 
red jocker 1: folds 
Popeye Jones: folds 
JoeMoFoSkin: folds 
AcesG13: calls $0.15
danTXman: checks 
*** FLOP *** [5d 4h 2h]
AcesG13: checks 
danTXman: checks 
*** TURN *** [5d 4h 2h] [As]
AcesG13: bets $0.30
danTXman: calls $0.30
*** RIVER *** [5d 4h 2h As] [5s]
AcesG13: bets $0.50
danTXman: folds 
Uncalled bet ($0.50) returned to AcesG13
AcesG13 collected $1.05 from pot
AcesG13: doesn't show hand 
*** SUMMARY ***
Total pot $1.10 | Rake $0.05 
Board [5d 4h 2h As 5s]
Seat 1: FARPCOL folded before Flop (didn't bet)
Seat 2: RAB53 folded before Flop (didn't bet)
Seat 3: Alameda22 folded before Flop (didn't bet)
Seat 4: red jocker 1 folded before Flop (didn't bet)
Seat 5: Popeye Jones folded before Flop (didn't bet)
Seat 6: JoeMoFoSkin (button) folded before Flop (didn't bet)
Seat 7: AcesG13 (small blind) collected ($1.05)
Seat 8: danTXman (big blind) folded on the River
Seat 9: weepeel folded before Flop (didn't bet)



PokerStars Game #19904531589:  Hold'em No Limit ($0.10/$0.25) - 2008/08/26 - 00:42:24 (ET)
Table 'Panthoos III' 9-max Seat #7 is the button
Seat 1: FARPCOL ($32.80 in chips) 
Seat 2: RAB53 ($5 in chips) 
Seat 3: Alameda22 ($21.05 in chips) 
Seat 4: red jocker 1 ($15.40 in chips) 
Seat 5: Popeye Jones ($25 in chips) 
Seat 6: JoeMoFoSkin ($19.20 in chips) 
Seat 7: AcesG13 ($13.55 in chips) 
Seat 8: danTXman ($7 in chips) 
Seat 9: weepeel ($64.65 in chips) 
danTXman: posts small blind $0.10
weepeel: posts big blind $0.25
*** HOLE CARDS ***
Dealt to Alameda22 [Kh Th]
FARPCOL: folds 
RAB53: folds 
Alameda22: folds 
red jocker 1: raises $0.25 to $0.50
Popeye Jones: folds 
JoeMoFoSkin: folds 
AcesG13: folds 
danTXman: folds 
weepeel: calls $0.25
*** FLOP *** [3c Td Qd]
weepeel: checks 
red jocker 1: bets $0.75
weepeel: folds 
Uncalled bet ($0.75) returned to red jocker 1
red jocker 1 collected $1.05 from pot
red jocker 1: doesn't show hand 
*** SUMMARY ***
Total pot $1.10 | Rake $0.05 
Board [3c Td Qd]
Seat 1: FARPCOL folded before Flop (didn't bet)
Seat 2: RAB53 folded before Flop (didn't bet)
Seat 3: Alameda22 folded before Flop (didn't bet)
Seat 4: red jocker 1 collected ($1.05)
Seat 5: Popeye Jones folded before Flop (didn't bet)
Seat 6: JoeMoFoSkin folded before Flop (didn't bet)
Seat 7: AcesG13 (button) folded before Flop (didn't bet)
Seat 8: danTXman (small blind) folded before Flop
Seat 9: weepeel (big blind) folded on the Flop



PokerStars Game #19904544156:  Hold'em No Limit ($0.10/$0.25) - 2008/08/26 - 00:43:10 (ET)
Table 'Panthoos III' 9-max Seat #8 is the button
Seat 1: FARPCOL ($32.80 in chips) 
Seat 2: RAB53 ($5 in chips) 
Seat 3: Alameda22 ($21.05 in chips) 
Seat 4: red jocker 1 ($15.95 in chips) 
Seat 5: Popeye Jones ($25 in chips) 
Seat 6: JoeMoFoSkin ($19.20 in chips) 
Seat 7: AcesG13 ($13.55 in chips) 
Seat 8: danTXman ($6.90 in chips) 
Seat 9: weepeel ($64.15 in chips) 
weepeel: posts small blind $0.10
FARPCOL: posts big blind $0.25
*** HOLE CARDS ***
Dealt to Alameda22 [8d 2d]
RAB53: folds 
Alameda22: folds 
red jocker 1: folds 
Popeye Jones: folds 
JoeMoFoSkin: raises $0.50 to $0.75
AcesG13: folds 
danTXman: folds 
weepeel: folds 
FARPCOL: folds 
Uncalled bet ($0.50) returned to JoeMoFoSkin
JoeMoFoSkin collected $0.60 from pot
JoeMoFoSkin: doesn't show hand 
*** SUMMARY ***
Total pot $0.60 | Rake $0 
Seat 1: FARPCOL (big blind) folded before Flop
Seat 2: RAB53 folded before Flop (didn't bet)
Seat 3: Alameda22 folded before Flop (didn't bet)
Seat 4: red jocker 1 folded before Flop (didn't bet)
Seat 5: Popeye Jones folded before Flop (didn't bet)
Seat 6: JoeMoFoSkin collected ($0.60)
Seat 7: AcesG13 folded before Flop (didn't bet)
Seat 8: danTXman (button) folded before Flop (didn't bet)
Seat 9: weepeel (small blind) folded before Flop



PokerStars Game #19904556371:  Hold'em No Limit ($0.10/$0.25) - 2008/08/26 - 00:43:54 (ET)
Table 'Panthoos III' 9-max Seat #9 is the button
Seat 1: FARPCOL ($32.55 in chips) 
Seat 3: Alameda22 ($21.05 in chips) 
Seat 4: red jocker 1 ($15.95 in chips) 
Seat 5: Popeye Jones ($25 in chips) 
Seat 6: JoeMoFoSkin ($19.55 in chips) 
Seat 7: AcesG13 ($13.55 in chips) 
Seat 8: danTXman ($6.90 in chips) 
Seat 9: weepeel ($64.05 in chips) 
FARPCOL: posts small blind $0.10
RAB53: is sitting out 
Alameda22: posts big blind $0.25
*** HOLE CARDS ***
Dealt to Alameda22 [Ts Ad]
red jocker 1: raises $0.50 to $0.75
Popeye Jones: folds 
JoeMoFoSkin: raises $0.75 to $1.50
AcesG13: folds 
danTXman: folds 
weepeel: folds 
FARPCOL: folds 
Alameda22: folds 
red jocker 1: raises $0.75 to $2.25
JoeMoFoSkin: raises $17.30 to $19.55 and is all-in
red jocker 1: calls $13.70 and is all-in
Uncalled bet ($3.60) returned to JoeMoFoSkin
*** FLOP *** [9h 3s 4h]
*** TURN *** [9h 3s 4h] [3h]
*** RIVER *** [9h 3s 4h 3h] [9c]
*** SHOW DOWN ***
red jocker 1: shows [Jh Jd] (two pair, Jacks and Nines)
JoeMoFoSkin: shows [Qs Qd] (two pair, Queens and Nines)
JoeMoFoSkin collected $30.65 from pot
*** SUMMARY ***
Total pot $32.25 | Rake $1.60 
Board [9h 3s 4h 3h 9c]
Seat 1: FARPCOL (small blind) folded before Flop
Seat 3: Alameda22 (big blind) folded before Flop
Seat 4: red jocker 1 showed [Jh Jd] and lost with two pair, Jacks and Nines
Seat 5: Popeye Jones folded before Flop (didn't bet)
Seat 6: JoeMoFoSkin showed [Qs Qd] and won ($30.65) with two pair, Queens and Nines
Seat 7: AcesG13 folded before Flop (didn't bet)
Seat 8: danTXman folded before Flop (didn't bet)
Seat 9: weepeel (button) folded before Flop (didn't bet)



PokerStars Game #19904579241:  Hold'em No Limit ($0.10/$0.25) - 2008/08/26 - 00:45:19 (ET)
Table 'Panthoos III' 9-max Seat #1 is the button
Seat 1: FARPCOL ($32.45 in chips) 
Seat 3: Alameda22 ($20.80 in chips) 
Seat 5: Popeye Jones ($25 in chips) 
Seat 6: JoeMoFoSkin ($34.25 in chips) 
Seat 7: AcesG13 ($13.55 in chips) 
Seat 8: danTXman ($6.90 in chips) 
Seat 9: weepeel ($64.05 in chips) 
Alameda22: posts small blind $0.10
Popeye Jones: posts big blind $0.25
*** HOLE CARDS ***
Dealt to Alameda22 [Jc 3c]
red jocker 1 has returned
JoeMoFoSkin: folds 
AcesG13: calls $0.25
danTXman: folds 
weepeel: folds 
FARPCOL: folds 
RAB53 leaves the table
Alameda22: folds 
Popeye Jones: checks 
*** FLOP *** [5h 7c 5c]
Popeye Jones: bets $0.25
AcesG13: calls $0.25
*** TURN *** [5h 7c 5c] [2s]
Popeye Jones: bets $0.50
AcesG13: raises $1 to $1.50
Popeye Jones: raises $2.75 to $4.25
AcesG13: calls $2.75
*** RIVER *** [5h 7c 5c 2s] [8s]
Popeye Jones: bets $6
AcesG13: calls $6
*** SHOW DOWN ***
Popeye Jones: shows [Th 5s] (three of a kind, Fives)
AcesG13: shows [2c 2d] (a full house, Deuces full of Fives)
AcesG13 collected $20.55 from pot
*** SUMMARY ***
Total pot $21.60 | Rake $1.05 
Board [5h 7c 5c 2s 8s]
Seat 1: FARPCOL (button) folded before Flop (didn't bet)
Seat 3: Alameda22 (small blind) folded before Flop
Seat 5: Popeye Jones (big blind) showed [Th 5s] and lost with three of a kind, Fives
Seat 6: JoeMoFoSkin folded before Flop (didn't bet)
Seat 7: AcesG13 showed [2c 2d] and won ($20.55) with a full house, Deuces full of Fives
Seat 8: danTXman folded before Flop (didn't bet)
Seat 9: weepeel folded before Flop (didn't bet)



PokerStars Game #19904600556:  Hold'em No Limit ($0.10/$0.25) - 2008/08/26 - 00:46:39 (ET)
Table 'Panthoos III' 9-max Seat #3 is the button
Seat 1: FARPCOL ($32.45 in chips) 
Seat 3: Alameda22 ($20.70 in chips) 
Seat 5: Popeye Jones ($25 in chips) 
Seat 6: JoeMoFoSkin ($34.25 in chips) 
Seat 7: AcesG13 ($23.35 in chips) 
Seat 8: danTXman ($6.90 in chips) 
Seat 9: weepeel ($64.05 in chips) 
red jocker 1 will be allowed to play after the button
Popeye Jones: posts small blind $0.10
JoeMoFoSkin: posts big blind $0.25
*** HOLE CARDS ***
Dealt to Alameda22 [Kh 6c]
AcesG13: folds 
danTXman: raises $0.50 to $0.75
weepeel: folds 
royman0785 joins the table at seat #2 
FARPCOL: folds 
Alameda22: folds 
Popeye Jones: folds 
JoeMoFoSkin: folds 
Uncalled bet ($0.50) returned to danTXman
danTXman collected $0.60 from pot
danTXman: doesn't show hand 
FARPCOL leaves the table
*** SUMMARY ***
Total pot $0.60 | Rake $0 
Seat 1: FARPCOL folded before Flop (didn't bet)
Seat 3: Alameda22 (button) folded before Flop (didn't bet)
Seat 5: Popeye Jones (small blind) folded before Flop
Seat 6: JoeMoFoSkin (big blind) folded before Flop
Seat 7: AcesG13 folded before Flop (didn't bet)
Seat 8: danTXman collected ($0.60)
Seat 9: weepeel folded before Flop (didn't bet)



PokerStars Game #19904607035:  Hold'em No Limit ($0.10/$0.25) - 2008/08/26 - 00:47:04 (ET)
Table 'Panthoos III' 9-max Seat #5 is the button
Seat 3: Alameda22 ($20.70 in chips) 
Seat 4: red jocker 1 ($5 in chips) 
Seat 5: Popeye Jones ($24.90 in chips) 
Seat 6: JoeMoFoSkin ($34 in chips) 
Seat 7: AcesG13 ($23.35 in chips) 
Seat 8: danTXman ($7.25 in chips) 
Seat 9: weepeel ($64.05 in chips) 
JoeMoFoSkin: posts small blind $0.10
AcesG13: posts big blind $0.25
royman0785: sits out 
red jocker 1: posts small & big blinds $0.35
*** HOLE CARDS ***
Dealt to Alameda22 [Kh Ac]
danTXman: calls $0.25
weepeel: folds 
Alameda22: raises $1 to $1.25
red jocker 1: folds 
Popeye Jones: folds 
JoeMoFoSkin: folds 
AcesG13: folds 
danTXman: calls $1
*** FLOP *** [Kd 8h 7c]
danTXman: checks 
Alameda22: bets $2
danTXman: raises $2 to $4
Alameda22: raises $2 to $6
danTXman: calls $2 and is all-in
*** TURN *** [Kd 8h 7c] [9h]
*** RIVER *** [Kd 8h 7c 9h] [4h]
*** SHOW DOWN ***
danTXman: shows [Ts Ks] (a pair of Kings)
Alameda22: shows [Kh Ac] (a pair of Kings - Ace kicker)
Alameda22 collected $14.45 from pot
danTXman leaves the table
*** SUMMARY ***
Total pot $15.20 | Rake $0.75 
Board [Kd 8h 7c 9h 4h]
Seat 3: Alameda22 showed [Kh Ac] and won ($14.45) with a pair of Kings
Seat 4: red jocker 1 folded before Flop
Seat 5: Popeye Jones (button) folded before Flop (didn't bet)
Seat 6: JoeMoFoSkin (small blind) folded before Flop
Seat 7: AcesG13 (big blind) folded before Flop
Seat 8: danTXman showed [Ts Ks] and lost with a pair of Kings
Seat 9: weepeel folded before Flop (didn't bet)



PokerStars Game #19904626943:  Hold'em No Limit ($0.10/$0.25) - 2008/08/26 - 00:48:19 (ET)
Table 'Panthoos III' 9-max Seat #6 is the button
Seat 3: Alameda22 ($27.90 in chips) 
Seat 4: red jocker 1 ($4.65 in chips) 
Seat 5: Popeye Jones ($24.90 in chips) 
Seat 6: JoeMoFoSkin ($33.90 in chips) 
Seat 7: AcesG13 ($23.10 in chips) 
Seat 9: weepeel ($64.05 in chips) 
AcesG13: posts small blind $0.10
weepeel: posts big blind $0.25
royman0785: sits out 
*** HOLE CARDS ***
Dealt to Alameda22 [8d Kd]
Alameda22: folds 
red jocker 1: calls $0.25
Popeye Jones: folds 
JoeMoFoSkin: folds 
AcesG13: folds 
weepeel: checks 
*** FLOP *** [3h Jh Qc]
weepeel: checks 
red jocker 1: bets $0.50
weepeel: folds 
Uncalled bet ($0.50) returned to red jocker 1
red jocker 1 collected $0.60 from pot
red jocker 1: doesn't show hand 
*** SUMMARY ***
Total pot $0.60 | Rake $0 
Board [3h Jh Qc]
Seat 3: Alameda22 folded before Flop (didn't bet)
Seat 4: red jocker 1 collected ($0.60)
Seat 5: Popeye Jones folded before Flop (didn't bet)
Seat 6: JoeMoFoSkin (button) folded before Flop (didn't bet)
Seat 7: AcesG13 (small blind) folded before Flop
Seat 9: weepeel (big blind) folded on the Flop



PokerStars Game #19904639355:  Hold'em No Limit ($0.10/$0.25) - 2008/08/26 - 00:49:05 (ET)
Table 'Panthoos III' 9-max Seat #7 is the button
Seat 2: royman0785 ($25 in chips) 
Seat 3: Alameda22 ($27.90 in chips) 
Seat 4: red jocker 1 ($5 in chips) 
Seat 5: Popeye Jones ($24.90 in chips) 
Seat 6: JoeMoFoSkin ($33.90 in chips) 
Seat 7: AcesG13 ($23 in chips) 
Seat 9: weepeel ($63.80 in chips) 
weepeel: posts small blind $0.10
royman0785: posts big blind $0.25
*** HOLE CARDS ***
Dealt to Alameda22 [4s Td]
Alameda22: folds 
red jocker 1: folds 
Popeye Jones: folds 
JoeMoFoSkin: raises $0.75 to $1
AcesG13: folds 
weepeel: folds 
royman0785: folds 
Uncalled bet ($0.75) returned to JoeMoFoSkin
JoeMoFoSkin collected $0.60 from pot
JoeMoFoSkin: doesn't show hand 
*** SUMMARY ***
Total pot $0.60 | Rake $0 
Seat 2: royman0785 (big blind) folded before Flop
Seat 3: Alameda22 folded before Flop (didn't bet)
Seat 4: red jocker 1 folded before Flop (didn't bet)
Seat 5: Popeye Jones folded before Flop (didn't bet)
Seat 6: JoeMoFoSkin collected ($0.60)
Seat 7: AcesG13 (button) folded before Flop (didn't bet)
Seat 9: weepeel (small blind) folded before Flop



PokerStars Game #19904650239:  Hold'em No Limit ($0.10/$0.25) - 2008/08/26 - 00:49:46 (ET)
Table 'Panthoos III' 9-max Seat #9 is the button
Seat 2: royman0785 ($24.75 in chips) 
Seat 3: Alameda22 ($27.90 in chips) 
Seat 4: red jocker 1 ($5 in chips) 
Seat 5: Popeye Jones ($24.90 in chips) 
Seat 6: JoeMoFoSkin ($34.25 in chips) 
Seat 7: AcesG13 ($23 in chips) 
Seat 9: weepeel ($63.70 in chips) 
royman0785: posts small blind $0.10
Alameda22: posts big blind $0.25
*** HOLE CARDS ***
Dealt to Alameda22 [Kd Td]
red jocker 1: folds 
Popeye Jones: folds 
JoeMoFoSkin: calls $0.25
AcesG13: folds 
weepeel: folds 
royman0785: folds 
Alameda22: checks 
*** FLOP *** [Ts 8d Jd]
Alameda22: bets $0.25
JoeMoFoSkin: calls $0.25
*** TURN *** [Ts 8d Jd] [Tc]
Alameda22: bets $0.75
JoeMoFoSkin: folds 
Uncalled bet ($0.75) returned to Alameda22
Alameda22 collected $1.05 from pot
Alameda22: doesn't show hand 
*** SUMMARY ***
Total pot $1.10 | Rake $0.05 
Board [Ts 8d Jd Tc]
Seat 2: royman0785 (small blind) folded before Flop
Seat 3: Alameda22 (big blind) collected ($1.05)
Seat 4: red jocker 1 folded before Flop (didn't bet)
Seat 5: Popeye Jones folded before Flop (didn't bet)
Seat 6: JoeMoFoSkin folded on the Turn
Seat 7: AcesG13 folded before Flop (didn't bet)
Seat 9: weepeel (button) folded before Flop (didn't bet)



PokerStars Game #19904660463:  Hold'em No Limit ($0.10/$0.25) - 2008/08/26 - 00:50:24 (ET)
Table 'Panthoos III' 9-max Seat #2 is the button
Seat 2: royman0785 ($24.65 in chips) 
Seat 3: Alameda22 ($28.45 in chips) 
Seat 4: red jocker 1 ($5 in chips) 
Seat 5: Popeye Jones ($24.90 in chips) 
Seat 6: JoeMoFoSkin ($33.75 in chips) 
Seat 7: AcesG13 ($23 in chips) 
Seat 9: weepeel ($63.70 in chips) 
Alameda22: posts small blind $0.10
red jocker 1: posts big blind $0.25
*** HOLE CARDS ***
Dealt to Alameda22 [8s 2d]
Popeye Jones: folds 
JoeMoFoSkin: calls $0.25
AcesG13: folds 
weepeel: folds 
royman0785: folds 
Alameda22: folds 
red jocker 1: checks 
*** FLOP *** [Qs As Td]
red jocker 1: checks 
JoeMoFoSkin: bets $0.50
red jocker 1: folds 
Uncalled bet ($0.50) returned to JoeMoFoSkin
JoeMoFoSkin collected $0.60 from pot
JoeMoFoSkin: doesn't show hand 
*** SUMMARY ***
Total pot $0.60 | Rake $0 
Board [Qs As Td]
Seat 2: royman0785 (button) folded before Flop (didn't bet)
Seat 3: Alameda22 (small blind) folded before Flop
Seat 4: red jocker 1 (big blind) folded on the Flop
Seat 5: Popeye Jones folded before Flop (didn't bet)
Seat 6: JoeMoFoSkin collected ($0.60)
Seat 7: AcesG13 folded before Flop (didn't bet)
Seat 9: weepeel folded before Flop (didn't bet)



PokerStars Game #19904670514:  Hold'em No Limit ($0.10/$0.25) - 2008/08/26 - 00:51:03 (ET)
Table 'Panthoos III' 9-max Seat #3 is the button
Seat 2: royman0785 ($24.65 in chips) 
Seat 3: Alameda22 ($28.35 in chips) 
Seat 4: red jocker 1 ($4.75 in chips) 
Seat 5: Popeye Jones ($24.90 in chips) 
Seat 6: JoeMoFoSkin ($34.10 in chips) 
Seat 7: AcesG13 ($23 in chips) 
Seat 9: weepeel ($63.70 in chips) 
red jocker 1: posts small blind $0.10
Popeye Jones: posts big blind $0.25
*** HOLE CARDS ***
Dealt to Alameda22 [Kc 3c]
JoeMoFoSkin: raises $0.75 to $1
AcesG13: folds 
weepeel: calls $1
royman0785: folds 
Alameda22: folds 
red jocker 1: folds 
Popeye Jones: folds 
*** FLOP *** [As Qd Ks]
JoeMoFoSkin: bets $1
weepeel: calls $1
*** TURN *** [As Qd Ks] [3d]
JoeMoFoSkin: checks 
weepeel: checks 
*** RIVER *** [As Qd Ks 3d] [5h]
JoeMoFoSkin: checks 
weepeel: checks 
*** SHOW DOWN ***
JoeMoFoSkin: shows [7d 7h] (a pair of Sevens)
weepeel: shows [Tc Th] (a pair of Tens)
weepeel collected $4.15 from pot
JoeMoFoSkin said, "nh'"
*** SUMMARY ***
Total pot $4.35 | Rake $0.20 
Board [As Qd Ks 3d 5h]
Seat 2: royman0785 folded before Flop (didn't bet)
Seat 3: Alameda22 (button) folded before Flop (didn't bet)
Seat 4: red jocker 1 (small blind) folded before Flop
Seat 5: Popeye Jones (big blind) folded before Flop
Seat 6: JoeMoFoSkin showed [7d 7h] and lost with a pair of Sevens
Seat 7: AcesG13 folded before Flop (didn't bet)
Seat 9: weepeel showed [Tc Th] and won ($4.15) with a pair of Tens



PokerStars Game #19904684444:  Hold'em No Limit ($0.10/$0.25) - 2008/08/26 - 00:51:56 (ET)
Table 'Panthoos III' 9-max Seat #4 is the button
Seat 2: royman0785 ($24.65 in chips) 
Seat 3: Alameda22 ($28.35 in chips) 
Seat 4: red jocker 1 ($4.65 in chips) 
Seat 5: Popeye Jones ($25 in chips) 
Seat 6: JoeMoFoSkin ($32.10 in chips) 
Seat 7: AcesG13 ($23 in chips) 
Seat 9: weepeel ($65.85 in chips) 
Popeye Jones: posts small blind $0.10
JoeMoFoSkin: posts big blind $0.25
*** HOLE CARDS ***
Dealt to Alameda22 [2h Kc]
AcesG13: raises $0.75 to $1
weepeel: calls $1
royman0785: folds 
Alameda22: folds 
red jocker 1: folds 
Popeye Jones: folds 
JoeMoFoSkin: folds 
*** FLOP *** [7d 7s 8h]
AcesG13: bets $1.10
weepeel: calls $1.10
*** TURN *** [7d 7s 8h] [Qs]
AcesG13: bets $1.30
weepeel: calls $1.30
*** RIVER *** [7d 7s 8h Qs] [3d]
AcesG13: bets $1.90
weepeel: calls $1.90
*** SHOW DOWN ***
AcesG13: shows [9d 9c] (two pair, Nines and Sevens)
weepeel: shows [Jh Jd] (two pair, Jacks and Sevens)
weepeel collected $10.45 from pot
*** SUMMARY ***
Total pot $10.95 | Rake $0.50 
Board [7d 7s 8h Qs 3d]
Seat 2: royman0785 folded before Flop (didn't bet)
Seat 3: Alameda22 folded before Flop (didn't bet)
Seat 4: red jocker 1 (button) folded before Flop (didn't bet)
Seat 5: Popeye Jones (small blind) folded before Flop
Seat 6: JoeMoFoSkin (big blind) folded before Flop
Seat 7: AcesG13 showed [9d 9c] and lost with two pair, Nines and Sevens
Seat 9: weepeel showed [Jh Jd] and won ($10.45) with two pair, Jacks and Sevens



PokerStars Game #19904699413:  Hold'em No Limit ($0.10/$0.25) - 2008/08/26 - 00:52:53 (ET)
Table 'Panthoos III' 9-max Seat #5 is the button
Seat 2: royman0785 ($24.65 in chips) 
Seat 3: Alameda22 ($28.35 in chips) 
Seat 4: red jocker 1 ($4.65 in chips) 
Seat 5: Popeye Jones ($24.90 in chips) 
Seat 6: JoeMoFoSkin ($31.85 in chips) 
Seat 9: weepeel ($71 in chips) 
JoeMoFoSkin: posts small blind $0.10
AcesG13: is sitting out 
weepeel: posts big blind $0.25
*** HOLE CARDS ***
Dealt to Alameda22 [9d 8c]
AcesG13 leaves the table
royman0785: raises $0.75 to $1
Alameda22: folds 
red jocker 1: folds 
red jocker 1 is sitting out
Popeye Jones: folds 
JoeMoFoSkin: folds 
weepeel: calls $0.75
*** FLOP *** [Td 8h 7h]
weepeel: checks 
royman0785: bets $1.25
weepeel: calls $1.25
*** TURN *** [Td 8h 7h] [Qc]
weepeel: checks 
royman0785: bets $2
weepeel: calls $2
*** RIVER *** [Td 8h 7h Qc] [8d]
weepeel: checks 
royman0785: checks 
*** SHOW DOWN ***
weepeel: shows [Tc Jc] (two pair, Tens and Eights)
royman0785: shows [Qd Ac] (two pair, Queens and Eights)
weepeel is sitting out
royman0785 collected $8.20 from pot
*** SUMMARY ***
Total pot $8.60 | Rake $0.40 
Board [Td 8h 7h Qc 8d]
Seat 2: royman0785 showed [Qd Ac] and won ($8.20) with two pair, Queens and Eights
Seat 3: Alameda22 folded before Flop (didn't bet)
Seat 4: red jocker 1 folded before Flop (didn't bet)
Seat 5: Popeye Jones (button) folded before Flop (didn't bet)
Seat 6: JoeMoFoSkin (small blind) folded before Flop
Seat 9: weepeel (big blind) showed [Tc Jc] and lost with two pair, Tens and Eights



PokerStars Game #19904717605:  Hold'em No Limit ($0.10/$0.25) - 2008/08/26 - 00:54:03 (ET)
Table 'Panthoos III' 9-max Seat #6 is the button
Seat 2: royman0785 ($28.60 in chips) 
Seat 3: Alameda22 ($28.35 in chips) 
Seat 5: Popeye Jones ($24.90 in chips) 
Seat 6: JoeMoFoSkin ($31.75 in chips) 
royman0785: posts small blind $0.10
Alameda22: posts big blind $0.25
*** HOLE CARDS ***
Dealt to Alameda22 [Ts Ah]
weepeel leaves the table
Popeye Jones: raises $0.50 to $0.75
JoeMoFoSkin: folds 
royman0785: folds 
Alameda22: folds 
Uncalled bet ($0.50) returned to Popeye Jones
Popeye Jones collected $0.60 from pot
Popeye Jones: doesn't show hand 
*** SUMMARY ***
Total pot $0.60 | Rake $0 
Seat 2: royman0785 (small blind) folded before Flop
Seat 3: Alameda22 (big blind) folded before Flop
Seat 5: Popeye Jones collected ($0.60)
Seat 6: JoeMoFoSkin (button) folded before Flop (didn't bet)



PokerStars Game #19904726436:  Hold'em No Limit ($0.10/$0.25) - 2008/08/26 - 00:54:37 (ET)
Table 'Panthoos III' 9-max Seat #2 is the button
Seat 2: royman0785 ($28.50 in chips) 
Seat 3: Alameda22 ($28.10 in chips) 
Seat 5: Popeye Jones ($25.25 in chips) 
Seat 6: JoeMoFoSkin ($31.75 in chips) 
Alameda22: posts small blind $0.10
Popeye Jones: posts big blind $0.25
*** HOLE CARDS ***
Dealt to Alameda22 [9d 4c]
JoeMoFoSkin: folds 
royman0785: folds 
Alameda22: folds 
Uncalled bet ($0.15) returned to Popeye Jones
Popeye Jones collected $0.20 from pot
Popeye Jones: doesn't show hand 
*** SUMMARY ***
Total pot $0.20 | Rake $0 
Seat 2: royman0785 (button) folded before Flop (didn't bet)
Seat 3: Alameda22 (small blind) folded before Flop
Seat 5: Popeye Jones (big blind) collected ($0.20)
Seat 6: JoeMoFoSkin folded before Flop (didn't bet)



PokerStars Game #19904731494:  Hold'em No Limit ($0.10/$0.25) - 2008/08/26 - 00:54:56 (ET)
Table 'Panthoos III' 9-max Seat #3 is the button
Seat 2: royman0785 ($28.50 in chips) 
Seat 3: Alameda22 ($28 in chips) 
Seat 5: Popeye Jones ($25.35 in chips) 
Seat 6: JoeMoFoSkin ($31.75 in chips) 
Popeye Jones: posts small blind $0.10
JoeMoFoSkin: posts big blind $0.25
*** HOLE CARDS ***
Dealt to Alameda22 [7s Ah]
royman0785: folds 
Alameda22: folds 
Popeye Jones: calls $0.15
JoeMoFoSkin: checks 
*** FLOP *** [3h Tc 4s]
5niper joins the table at seat #9 
Popeye Jones: checks 
JoeMoFoSkin: checks 
*** TURN *** [3h Tc 4s] [As]
red jocker 1 has returned
Popeye Jones: checks 
JoeMoFoSkin: bets $0.75
Popeye Jones: folds 
Uncalled bet ($0.75) returned to JoeMoFoSkin
JoeMoFoSkin collected $0.50 from pot
JoeMoFoSkin: doesn't show hand 
*** SUMMARY ***
Total pot $0.50 | Rake $0 
Board [3h Tc 4s As]
Seat 2: royman0785 folded before Flop (didn't bet)
Seat 3: Alameda22 (button) folded before Flop (didn't bet)
Seat 5: Popeye Jones (small blind) folded on the Turn
Seat 6: JoeMoFoSkin (big blind) collected ($0.50)



PokerStars Game #19904740211:  Hold'em No Limit ($0.10/$0.25) - 2008/08/26 - 00:55:30 (ET)
Table 'Panthoos III' 9-max Seat #5 is the button
Seat 2: royman0785 ($28.50 in chips) 
Seat 3: Alameda22 ($28 in chips) 
Seat 4: red jocker 1 ($4.65 in chips) 
Seat 5: Popeye Jones ($25.10 in chips) 
Seat 6: JoeMoFoSkin ($32 in chips) 
Seat 9: 5niper ($5.50 in chips) 
JoeMoFoSkin: posts small blind $0.10
5niper: posts big blind $0.25
red jocker 1: posts small & big blinds $0.35
*** HOLE CARDS ***
Dealt to Alameda22 [As Th]
royman0785: folds 
Alameda22: folds 
red jocker 1: raises $0.25 to $0.50
Popeye Jones: folds 
JoeMoFoSkin: calls $0.40
5niper: calls $0.25
*** FLOP *** [7s 7h 3s]
JoeMoFoSkin: checks 
5niper: checks 
red jocker 1: bets $4.05 and is all-in
JoeMoFoSkin: folds 
5niper: folds 
Uncalled bet ($4.05) returned to red jocker 1
red jocker 1 collected $1.55 from pot
red jocker 1: doesn't show hand 
*** SUMMARY ***
Total pot $1.60 | Rake $0.05 
Board [7s 7h 3s]
Seat 2: royman0785 folded before Flop (didn't bet)
Seat 3: Alameda22 folded before Flop (didn't bet)
Seat 4: red jocker 1 collected ($1.55)
Seat 5: Popeye Jones (button) folded before Flop (didn't bet)
Seat 6: JoeMoFoSkin (small blind) folded on the Flop
Seat 9: 5niper (big blind) folded on the Flop



PokerStars Game #19904755353:  Hold'em No Limit ($0.10/$0.25) - 2008/08/26 - 00:56:29 (ET)
Table 'Panthoos III' 9-max Seat #6 is the button
Seat 2: royman0785 ($28.50 in chips) 
Seat 3: Alameda22 ($28 in chips) 
Seat 4: red jocker 1 ($5.60 in chips) 
Seat 5: Popeye Jones ($25.10 in chips) 
Seat 6: JoeMoFoSkin ($31.50 in chips) 
Seat 9: 5niper ($5 in chips) 
5niper: posts small blind $0.10
royman0785: posts big blind $0.25
*** HOLE CARDS ***
Dealt to Alameda22 [7h 3c]
Alameda22: folds 
red jocker 1: calls $0.25
Popeye Jones: folds 
JoeMoFoSkin: folds 
5niper: calls $0.15
royman0785: checks 
*** FLOP *** [Ad 5c Ts]
5niper: checks 
royman0785: checks 
red jocker 1: checks 
*** TURN *** [Ad 5c Ts] [Kd]
5niper: checks 
royman0785: checks 
red jocker 1: checks 
*** RIVER *** [Ad 5c Ts Kd] [Th]
5niper: checks 
royman0785: checks 
red jocker 1: bets $0.50
5niper: folds 
royman0785: folds 
Uncalled bet ($0.50) returned to red jocker 1
red jocker 1 collected $0.75 from pot
red jocker 1: doesn't show hand 
*** SUMMARY ***
Total pot $0.75 | Rake $0 
Board [Ad 5c Ts Kd Th]
Seat 2: royman0785 (big blind) folded on the River
Seat 3: Alameda22 folded before Flop (didn't bet)
Seat 4: red jocker 1 collected ($0.75)
Seat 5: Popeye Jones folded before Flop (didn't bet)
Seat 6: JoeMoFoSkin (button) folded before Flop (didn't bet)
Seat 9: 5niper (small blind) folded on the River



