PokerStars Game #19971934548:  Hold'em No Limit ($0.10/$0.25) - 2008/08/28 - 17:48:09 (ET)
Table 'Cline' 9-max Seat #3 is the button
Seat 1: zokki123 ($23.65 in chips) 
Seat 2: buzgt2008 ($14.40 in chips) 
Seat 3: Autist18 ($24.65 in chips) 
Seat 4: greg wymenga ($17.25 in chips) 
Seat 5: Alameda22 ($25 in chips) 
Seat 6: ctmarco ($29.45 in chips) 
Seat 7: pwheats ($57.95 in chips) 
Seat 8: tip783 ($9.75 in chips) 
Seat 9: soleada ($4.65 in chips) 
greg wymenga: posts small blind $0.10
Alameda22: posts big blind $0.25
*** HOLE CARDS ***
Dealt to Alameda22 [3d 6s]
ctmarco: folds 
pwheats: raises $0.25 to $0.50
ctmarco leaves the table
tip783: folds 
McBoltersen joins the table at seat #6 
soleada: folds 
zokki123: folds 
buzgt2008: folds 
Autist18: folds 
greg wymenga: folds 
Alameda22: folds 
Uncalled bet ($0.25) returned to pwheats
pwheats collected $0.60 from pot
*** SUMMARY ***
Total pot $0.60 | Rake $0 
Seat 1: zokki123 folded before Flop (didn't bet)
Seat 2: buzgt2008 folded before Flop (didn't bet)
Seat 3: Autist18 (button) folded before Flop (didn't bet)
Seat 4: greg wymenga (small blind) folded before Flop
Seat 5: Alameda22 (big blind) folded before Flop
Seat 6: ctmarco folded before Flop (didn't bet)
Seat 7: pwheats collected ($0.60)
Seat 8: tip783 folded before Flop (didn't bet)
Seat 9: soleada folded before Flop (didn't bet)



PokerStars Game #19971959130:  Hold'em No Limit ($0.10/$0.25) - 2008/08/28 - 17:49:09 (ET)
Table 'Cline' 9-max Seat #4 is the button
Seat 1: zokki123 ($23.65 in chips) 
Seat 2: buzgt2008 ($14.40 in chips) 
Seat 3: Autist18 ($24.65 in chips) 
Seat 4: greg wymenga ($17.15 in chips) 
Seat 5: Alameda22 ($24.75 in chips) 
Seat 6: McBoltersen ($25 in chips) 
Seat 7: pwheats ($58.30 in chips) 
Seat 8: tip783 ($9.75 in chips) 
Seat 9: soleada ($4.65 in chips) 
Alameda22: posts small blind $0.10
McBoltersen: posts big blind $0.25
*** HOLE CARDS ***
Dealt to Alameda22 [9c Js]
pwheats: raises $0.25 to $0.50
tip783: folds 
soleada: folds 
zokki123: folds 
buzgt2008: folds 
Autist18: folds 
greg wymenga: folds 
Alameda22: folds 
McBoltersen: folds 
Uncalled bet ($0.25) returned to pwheats
pwheats collected $0.60 from pot
*** SUMMARY ***
Total pot $0.60 | Rake $0 
Seat 1: zokki123 folded before Flop (didn't bet)
Seat 2: buzgt2008 folded before Flop (didn't bet)
Seat 3: Autist18 folded before Flop (didn't bet)
Seat 4: greg wymenga (button) folded before Flop (didn't bet)
Seat 5: Alameda22 (small blind) folded before Flop
Seat 6: McBoltersen (big blind) folded before Flop
Seat 7: pwheats collected ($0.60)
Seat 8: tip783 folded before Flop (didn't bet)
Seat 9: soleada folded before Flop (didn't bet)



PokerStars Game #19971976695:  Hold'em No Limit ($0.10/$0.25) - 2008/08/28 - 17:49:52 (ET)
Table 'Cline' 9-max Seat #5 is the button
Seat 1: zokki123 ($23.65 in chips) 
Seat 2: buzgt2008 ($14.40 in chips) 
Seat 3: Autist18 ($24.65 in chips) 
Seat 4: greg wymenga ($17.15 in chips) 
Seat 5: Alameda22 ($24.65 in chips) 
Seat 6: McBoltersen ($24.75 in chips) 
Seat 7: pwheats ($58.65 in chips) 
Seat 8: tip783 ($9.75 in chips) 
Seat 9: soleada ($4.65 in chips) 
McBoltersen: posts small blind $0.10
pwheats: posts big blind $0.25
*** HOLE CARDS ***
Dealt to Alameda22 [4s 6h]
tip783: folds 
soleada: folds 
zokki123: folds 
buzgt2008: calls $0.25
Autist18: folds 
greg wymenga: folds 
Alameda22: folds 
McBoltersen: calls $0.15
pwheats: checks 
*** FLOP *** [9c 4c Qd]
McBoltersen: bets $0.50
pwheats: folds 
buzgt2008: raises $0.50 to $1
McBoltersen: folds 
Uncalled bet ($0.50) returned to buzgt2008
buzgt2008 collected $1.70 from pot
buzgt2008: doesn't show hand 
*** SUMMARY ***
Total pot $1.75 | Rake $0.05 
Board [9c 4c Qd]
Seat 1: zokki123 folded before Flop (didn't bet)
Seat 2: buzgt2008 collected ($1.70)
Seat 3: Autist18 folded before Flop (didn't bet)
Seat 4: greg wymenga folded before Flop (didn't bet)
Seat 5: Alameda22 (button) folded before Flop (didn't bet)
Seat 6: McBoltersen (small blind) folded on the Flop
Seat 7: pwheats (big blind) folded on the Flop
Seat 8: tip783 folded before Flop (didn't bet)
Seat 9: soleada folded before Flop (didn't bet)



PokerStars Game #19971999511:  Hold'em No Limit ($0.10/$0.25) - 2008/08/28 - 17:50:49 (ET)
Table 'Cline' 9-max Seat #6 is the button
Seat 1: zokki123 ($23.65 in chips) 
Seat 2: buzgt2008 ($15.35 in chips) 
Seat 3: Autist18 ($24.65 in chips) 
Seat 4: greg wymenga ($17.15 in chips) 
Seat 5: Alameda22 ($24.65 in chips) 
Seat 6: McBoltersen ($24 in chips) 
Seat 7: pwheats ($58.40 in chips) 
Seat 8: tip783 ($9.75 in chips) 
Seat 9: soleada ($4.65 in chips) 
pwheats: posts small blind $0.10
tip783: posts big blind $0.25
*** HOLE CARDS ***
Dealt to Alameda22 [4s 7s]
soleada: raises $0.50 to $0.75
zokki123: folds 
buzgt2008: folds 
Autist18: folds 
greg wymenga: folds 
Alameda22: folds 
McBoltersen: folds 
pwheats: calls $0.65
tip783: calls $0.50
*** FLOP *** [5h 8s 8h]
pwheats: checks 
tip783: checks 
soleada: checks 
*** TURN *** [5h 8s 8h] [9h]
pwheats: checks 
tip783: bets $0.25
soleada: folds 
pwheats: calls $0.25
*** RIVER *** [5h 8s 8h 9h] [3s]
pwheats: checks 
tip783: bets $2.25
pwheats: folds 
Uncalled bet ($2.25) returned to tip783
tip783 collected $2.65 from pot
tip783: doesn't show hand 
*** SUMMARY ***
Total pot $2.75 | Rake $0.10 
Board [5h 8s 8h 9h 3s]
Seat 1: zokki123 folded before Flop (didn't bet)
Seat 2: buzgt2008 folded before Flop (didn't bet)
Seat 3: Autist18 folded before Flop (didn't bet)
Seat 4: greg wymenga folded before Flop (didn't bet)
Seat 5: Alameda22 folded before Flop (didn't bet)
Seat 6: McBoltersen (button) folded before Flop (didn't bet)
Seat 7: pwheats (small blind) folded on the River
Seat 8: tip783 (big blind) collected ($2.65)
Seat 9: soleada folded on the Turn



PokerStars Game #19972034669:  Hold'em No Limit ($0.10/$0.25) - 2008/08/28 - 17:52:16 (ET)
Table 'Cline' 9-max Seat #7 is the button
Seat 1: zokki123 ($23.65 in chips) 
Seat 2: buzgt2008 ($15.35 in chips) 
Seat 3: Autist18 ($24.65 in chips) 
Seat 4: greg wymenga ($17.15 in chips) 
Seat 5: Alameda22 ($24.65 in chips) 
Seat 6: McBoltersen ($24 in chips) 
Seat 7: pwheats ($57.40 in chips) 
Seat 8: tip783 ($11.40 in chips) 
Seat 9: soleada ($3.90 in chips) 
tip783: posts small blind $0.10
soleada: posts big blind $0.25
*** HOLE CARDS ***
Dealt to Alameda22 [6s Th]
zokki123: folds 
buzgt2008: folds 
Autist18: folds 
greg wymenga: folds 
Alameda22: folds 
McBoltersen: raises $0.50 to $0.75
pwheats: calls $0.75
tip783: calls $0.65
soleada: folds 
*** FLOP *** [7c 2h 6c]
tip783: checks 
McBoltersen: checks 
pwheats: bets $0.25
tip783: folds 
McBoltersen: calls $0.25
*** TURN *** [7c 2h 6c] [5d]
McBoltersen: checks 
pwheats: bets $1
McBoltersen: calls $1
*** RIVER *** [7c 2h 6c 5d] [4h]
McBoltersen: checks 
pwheats: checks 
*** SHOW DOWN ***
McBoltersen: shows [9c 9d] (a pair of Nines)
pwheats: shows [6d 6h] (three of a kind, Sixes)
pwheats collected $4.80 from pot
*** SUMMARY ***
Total pot $5 | Rake $0.20 
Board [7c 2h 6c 5d 4h]
Seat 1: zokki123 folded before Flop (didn't bet)
Seat 2: buzgt2008 folded before Flop (didn't bet)
Seat 3: Autist18 folded before Flop (didn't bet)
Seat 4: greg wymenga folded before Flop (didn't bet)
Seat 5: Alameda22 folded before Flop (didn't bet)
Seat 6: McBoltersen showed [9c 9d] and lost with a pair of Nines
Seat 7: pwheats (button) showed [6d 6h] and won ($4.80) with three of a kind, Sixes
Seat 8: tip783 (small blind) folded on the Flop
Seat 9: soleada (big blind) folded before Flop



PokerStars Game #19972069462:  Hold'em No Limit ($0.10/$0.25) - 2008/08/28 - 17:53:42 (ET)
Table 'Cline' 9-max Seat #8 is the button
Seat 1: zokki123 ($23.65 in chips) 
Seat 2: buzgt2008 ($15.35 in chips) 
Seat 3: Autist18 ($24.65 in chips) 
Seat 4: greg wymenga ($17.15 in chips) 
Seat 5: Alameda22 ($24.65 in chips) 
Seat 6: McBoltersen ($22 in chips) 
Seat 7: pwheats ($60.20 in chips) 
Seat 8: tip783 ($10.65 in chips) 
Seat 9: soleada ($3.65 in chips) 
soleada: posts small blind $0.10
zokki123: posts big blind $0.25
*** HOLE CARDS ***
Dealt to Alameda22 [Kc Qs]
buzgt2008: calls $0.25
Autist18: folds 
greg wymenga: folds 
Alameda22: folds 
McBoltersen: folds 
pwheats: folds 
tip783: folds 
soleada: calls $0.15
zokki123: checks 
*** FLOP *** [Js 5h 9c]
soleada: checks 
zokki123: checks 
buzgt2008: bets $0.50
soleada: folds 
zokki123: folds 
Uncalled bet ($0.50) returned to buzgt2008
buzgt2008 collected $0.75 from pot
buzgt2008: doesn't show hand 
*** SUMMARY ***
Total pot $0.75 | Rake $0 
Board [Js 5h 9c]
Seat 1: zokki123 (big blind) folded on the Flop
Seat 2: buzgt2008 collected ($0.75)
Seat 3: Autist18 folded before Flop (didn't bet)
Seat 4: greg wymenga folded before Flop (didn't bet)
Seat 5: Alameda22 folded before Flop (didn't bet)
Seat 6: McBoltersen folded before Flop (didn't bet)
Seat 7: pwheats folded before Flop (didn't bet)
Seat 8: tip783 (button) folded before Flop (didn't bet)
Seat 9: soleada (small blind) folded on the Flop



PokerStars Game #19972095025:  Hold'em No Limit ($0.10/$0.25) - 2008/08/28 - 17:54:46 (ET)
Table 'Cline' 9-max Seat #9 is the button
Seat 1: zokki123 ($23.40 in chips) 
Seat 2: buzgt2008 ($15.85 in chips) 
Seat 3: Autist18 ($24.65 in chips) 
Seat 4: greg wymenga ($17.15 in chips) 
Seat 5: Alameda22 ($24.65 in chips) 
Seat 6: McBoltersen ($22 in chips) 
Seat 7: pwheats ($60.20 in chips) 
Seat 8: tip783 ($10.65 in chips) 
Seat 9: soleada ($3.40 in chips) 
zokki123: posts small blind $0.10
buzgt2008: posts big blind $0.25
*** HOLE CARDS ***
Dealt to Alameda22 [2c 4s]
Autist18: folds 
greg wymenga: calls $0.25
Alameda22: folds 
McBoltersen: folds 
pwheats: folds 
tip783: folds 
soleada: folds 
zokki123: folds 
buzgt2008: checks 
*** FLOP *** [9d As Jh]
buzgt2008: checks 
greg wymenga: checks 
*** TURN *** [9d As Jh] [5s]
buzgt2008: checks 
greg wymenga: bets $0.50
buzgt2008: folds 
Uncalled bet ($0.50) returned to greg wymenga
greg wymenga collected $0.60 from pot
*** SUMMARY ***
Total pot $0.60 | Rake $0 
Board [9d As Jh 5s]
Seat 1: zokki123 (small blind) folded before Flop
Seat 2: buzgt2008 (big blind) folded on the Turn
Seat 3: Autist18 folded before Flop (didn't bet)
Seat 4: greg wymenga collected ($0.60)
Seat 5: Alameda22 folded before Flop (didn't bet)
Seat 6: McBoltersen folded before Flop (didn't bet)
Seat 7: pwheats folded before Flop (didn't bet)
Seat 8: tip783 folded before Flop (didn't bet)
Seat 9: soleada (button) folded before Flop (didn't bet)



PokerStars Game #19972119576:  Hold'em No Limit ($0.10/$0.25) - 2008/08/28 - 17:55:47 (ET)
Table 'Cline' 9-max Seat #1 is the button
Seat 1: zokki123 ($23.30 in chips) 
Seat 2: buzgt2008 ($15.60 in chips) 
Seat 3: Autist18 ($24.65 in chips) 
Seat 4: greg wymenga ($17.50 in chips) 
Seat 5: Alameda22 ($24.65 in chips) 
Seat 6: McBoltersen ($22 in chips) 
Seat 7: pwheats ($60.20 in chips) 
Seat 8: tip783 ($10.65 in chips) 
Seat 9: soleada ($3.40 in chips) 
buzgt2008: posts small blind $0.10
Autist18: posts big blind $0.25
*** HOLE CARDS ***
Dealt to Alameda22 [4s Ac]
greg wymenga: folds 
Alameda22: folds 
McBoltersen: folds 
pwheats: raises $0.25 to $0.50
tip783: folds 
soleada: folds 
zokki123: folds 
buzgt2008: folds 
Autist18: calls $0.25
*** FLOP *** [Td Jh 8c]
Autist18: checks 
pwheats: bets $0.75
Autist18: calls $0.75
*** TURN *** [Td Jh 8c] [7d]
Autist18: checks 
pwheats: checks 
*** RIVER *** [Td Jh 8c 7d] [Js]
Autist18: checks 
pwheats: checks 
*** SHOW DOWN ***
Autist18: shows [Qh Ah] (a pair of Jacks)
pwheats: shows [Qc As] (a pair of Jacks)
Autist18 collected $1.25 from pot
pwheats collected $1.25 from pot
*** SUMMARY ***
Total pot $2.60 | Rake $0.10 
Board [Td Jh 8c 7d Js]
Seat 1: zokki123 (button) folded before Flop (didn't bet)
Seat 2: buzgt2008 (small blind) folded before Flop
Seat 3: Autist18 (big blind) showed [Qh Ah] and won ($1.25) with a pair of Jacks
Seat 4: greg wymenga folded before Flop (didn't bet)
Seat 5: Alameda22 folded before Flop (didn't bet)
Seat 6: McBoltersen folded before Flop (didn't bet)
Seat 7: pwheats showed [Qc As] and won ($1.25) with a pair of Jacks
Seat 8: tip783 folded before Flop (didn't bet)
Seat 9: soleada folded before Flop (didn't bet)



PokerStars Game #19972143029:  Hold'em No Limit ($0.10/$0.25) - 2008/08/28 - 17:56:46 (ET)
Table 'Cline' 9-max Seat #2 is the button
Seat 1: zokki123 ($23.30 in chips) 
Seat 2: buzgt2008 ($15.50 in chips) 
Seat 3: Autist18 ($25 in chips) 
Seat 4: greg wymenga ($17.50 in chips) 
Seat 5: Alameda22 ($24.65 in chips) 
Seat 6: McBoltersen ($22 in chips) 
Seat 7: pwheats ($60.20 in chips) 
Seat 8: tip783 ($10.65 in chips) 
Seat 9: soleada ($3.40 in chips) 
Autist18: posts small blind $0.10
greg wymenga: posts big blind $0.25
*** HOLE CARDS ***
Dealt to Alameda22 [Kh 8h]
Alameda22: folds 
McBoltersen: folds 
pwheats: raises $0.25 to $0.50
tip783: folds 
soleada: folds 
zokki123: folds 
buzgt2008: folds 
Autist18: folds 
greg wymenga: calls $0.25
*** FLOP *** [9c Jd 2h]
greg wymenga: checks 
pwheats: bets $0.75
greg wymenga: calls $0.75
*** TURN *** [9c Jd 2h] [Ks]
greg wymenga: checks 
pwheats: bets $1.25
greg wymenga: folds 
Uncalled bet ($1.25) returned to pwheats
pwheats collected $2.50 from pot
*** SUMMARY ***
Total pot $2.60 | Rake $0.10 
Board [9c Jd 2h Ks]
Seat 1: zokki123 folded before Flop (didn't bet)
Seat 2: buzgt2008 (button) folded before Flop (didn't bet)
Seat 3: Autist18 (small blind) folded before Flop
Seat 4: greg wymenga (big blind) folded on the Turn
Seat 5: Alameda22 folded before Flop (didn't bet)
Seat 6: McBoltersen folded before Flop (didn't bet)
Seat 7: pwheats collected ($2.50)
Seat 8: tip783 folded before Flop (didn't bet)
Seat 9: soleada folded before Flop (didn't bet)



PokerStars Game #19972163282:  Hold'em No Limit ($0.10/$0.25) - 2008/08/28 - 17:57:36 (ET)
Table 'Cline' 9-max Seat #3 is the button
Seat 1: zokki123 ($23.30 in chips) 
Seat 2: buzgt2008 ($15.50 in chips) 
Seat 3: Autist18 ($24.90 in chips) 
Seat 4: greg wymenga ($16.25 in chips) 
Seat 5: Alameda22 ($24.65 in chips) 
Seat 6: McBoltersen ($22 in chips) 
Seat 7: pwheats ($61.45 in chips) 
Seat 8: tip783 ($10.65 in chips) 
Seat 9: soleada ($3.40 in chips) 
greg wymenga: posts small blind $0.10
Alameda22: posts big blind $0.25
*** HOLE CARDS ***
Dealt to Alameda22 [8s 2d]
McBoltersen: folds 
pwheats: raises $0.25 to $0.50
tip783 is disconnected 
tip783 is connected 
tip783: raises $0.25 to $0.75
soleada: folds 
zokki123: calls $0.75
buzgt2008: folds 
Autist18: folds 
greg wymenga: folds 
Alameda22: folds 
pwheats: calls $0.25
*** FLOP *** [Qc 5c 6d]
pwheats: bets $1
tip783: calls $1
zokki123: calls $1
*** TURN *** [Qc 5c 6d] [9c]
pwheats: checks 
tip783: bets $1
zokki123: calls $1
pwheats: calls $1
*** RIVER *** [Qc 5c 6d 9c] [2s]
pwheats: checks 
tip783: bets $3
zokki123: calls $3
pwheats: folds 
*** SHOW DOWN ***
tip783: shows [Qh Qs] (three of a kind, Queens)
zokki123: mucks hand 
tip783 collected $13.90 from pot
*** SUMMARY ***
Total pot $14.60 | Rake $0.70 
Board [Qc 5c 6d 9c 2s]
Seat 1: zokki123 mucked [Ts Th]
Seat 2: buzgt2008 folded before Flop (didn't bet)
Seat 3: Autist18 (button) folded before Flop (didn't bet)
Seat 4: greg wymenga (small blind) folded before Flop
Seat 5: Alameda22 (big blind) folded before Flop
Seat 6: McBoltersen folded before Flop (didn't bet)
Seat 7: pwheats folded on the River
Seat 8: tip783 showed [Qh Qs] and won ($13.90) with three of a kind, Queens
Seat 9: soleada folded before Flop (didn't bet)



PokerStars Game #19972211966:  Hold'em No Limit ($0.10/$0.25) - 2008/08/28 - 17:59:38 (ET)
Table 'Cline' 9-max Seat #4 is the button
Seat 1: zokki123 ($25 in chips) 
Seat 2: buzgt2008 ($15.50 in chips) 
Seat 3: Autist18 ($24.90 in chips) 
Seat 4: greg wymenga ($16.15 in chips) 
Seat 5: Alameda22 ($24.40 in chips) 
Seat 6: McBoltersen ($22 in chips) 
Seat 7: pwheats ($58.70 in chips) 
Seat 8: tip783 ($18.80 in chips) 
Seat 9: soleada ($3.40 in chips) 
Alameda22: posts small blind $0.10
McBoltersen: posts big blind $0.25
*** HOLE CARDS ***
Dealt to Alameda22 [Qh 2d]
pwheats: raises $0.25 to $0.50
tip783: folds 
soleada: folds 
zokki123: folds 
buzgt2008: folds 
Autist18: folds 
greg wymenga: folds 
Alameda22: folds 
McBoltersen: calls $0.25
*** FLOP *** [9h Tc 6h]
McBoltersen: checks 
pwheats: bets $0.55
McBoltersen: folds 
Uncalled bet ($0.55) returned to pwheats
pwheats collected $1.05 from pot
*** SUMMARY ***
Total pot $1.10 | Rake $0.05 
Board [9h Tc 6h]
Seat 1: zokki123 folded before Flop (didn't bet)
Seat 2: buzgt2008 folded before Flop (didn't bet)
Seat 3: Autist18 folded before Flop (didn't bet)
Seat 4: greg wymenga (button) folded before Flop (didn't bet)
Seat 5: Alameda22 (small blind) folded before Flop
Seat 6: McBoltersen (big blind) folded on the Flop
Seat 7: pwheats collected ($1.05)
Seat 8: tip783 folded before Flop (didn't bet)
Seat 9: soleada folded before Flop (didn't bet)



PokerStars Game #19972231405:  Hold'em No Limit ($0.10/$0.25) - 2008/08/28 - 18:00:26 (ET)
Table 'Cline' 9-max Seat #5 is the button
Seat 1: zokki123 ($25 in chips) 
Seat 2: buzgt2008 ($15.50 in chips) 
Seat 3: Autist18 ($24.90 in chips) 
Seat 4: greg wymenga ($16.15 in chips) 
Seat 5: Alameda22 ($24.30 in chips) 
Seat 6: McBoltersen ($25 in chips) 
Seat 7: pwheats ($59.25 in chips) 
Seat 8: tip783 ($18.80 in chips) 
Seat 9: soleada ($3.40 in chips) 
McBoltersen: posts small blind $0.10
pwheats: posts big blind $0.25
*** HOLE CARDS ***
Dealt to Alameda22 [Kh 7h]
tip783: folds 
soleada: folds 
zokki123: raises $0.50 to $0.75
buzgt2008: folds 
Autist18: folds 
greg wymenga: folds 
Alameda22: folds 
McBoltersen: folds 
pwheats: folds 
Uncalled bet ($0.50) returned to zokki123
zokki123 collected $0.60 from pot
zokki123: doesn't show hand 
*** SUMMARY ***
Total pot $0.60 | Rake $0 
Seat 1: zokki123 collected ($0.60)
Seat 2: buzgt2008 folded before Flop (didn't bet)
Seat 3: Autist18 folded before Flop (didn't bet)
Seat 4: greg wymenga folded before Flop (didn't bet)
Seat 5: Alameda22 (button) folded before Flop (didn't bet)
Seat 6: McBoltersen (small blind) folded before Flop
Seat 7: pwheats (big blind) folded before Flop
Seat 8: tip783 folded before Flop (didn't bet)
Seat 9: soleada folded before Flop (didn't bet)



PokerStars Game #19972243953:  Hold'em No Limit ($0.10/$0.25) - 2008/08/28 - 18:00:57 (ET)
Table 'Cline' 9-max Seat #6 is the button
Seat 1: zokki123 ($25.35 in chips) 
Seat 2: buzgt2008 ($15.50 in chips) 
Seat 3: Autist18 ($24.90 in chips) 
Seat 4: greg wymenga ($16.15 in chips) 
Seat 5: Alameda22 ($24.30 in chips) 
Seat 6: McBoltersen ($24.90 in chips) 
Seat 7: pwheats ($59 in chips) 
Seat 8: tip783 ($18.80 in chips) 
Seat 9: soleada ($3.40 in chips) 
pwheats: posts small blind $0.10
tip783: posts big blind $0.25
*** HOLE CARDS ***
Dealt to Alameda22 [Jh Ah]
soleada: folds 
zokki123: folds 
buzgt2008: calls $0.25
Autist18: folds 
greg wymenga: folds 
greg wymenga leaves the table
fabolous86 joins the table at seat #4 
Alameda22: raises $0.75 to $1
McBoltersen: folds 
pwheats: calls $0.90
tip783: folds 
buzgt2008: folds 
*** FLOP *** [9c 7d Th]
pwheats: checks 
Alameda22: bets $1.50
pwheats: calls $1.50
*** TURN *** [9c 7d Th] [Ad]
pwheats: checks 
Alameda22: bets $3.50
pwheats: calls $3.50
*** RIVER *** [9c 7d Th Ad] [Kc]
pwheats: checks 
Alameda22: checks 
*** SHOW DOWN ***
pwheats: shows [Tc Qs] (a pair of Tens)
Alameda22: shows [Jh Ah] (a pair of Aces)
Alameda22 collected $11.90 from pot
*** SUMMARY ***
Total pot $12.50 | Rake $0.60 
Board [9c 7d Th Ad Kc]
Seat 1: zokki123 folded before Flop (didn't bet)
Seat 2: buzgt2008 folded before Flop
Seat 3: Autist18 folded before Flop (didn't bet)
Seat 4: greg wymenga folded before Flop (didn't bet)
Seat 5: Alameda22 showed [Jh Ah] and won ($11.90) with a pair of Aces
Seat 6: McBoltersen (button) folded before Flop (didn't bet)
Seat 7: pwheats (small blind) showed [Tc Qs] and lost with a pair of Tens
Seat 8: tip783 (big blind) folded before Flop
Seat 9: soleada folded before Flop (didn't bet)



PokerStars Game #19972282471:  Hold'em No Limit ($0.10/$0.25) - 2008/08/28 - 18:02:33 (ET)
Table 'Cline' 9-max Seat #7 is the button
Seat 1: zokki123 ($25.35 in chips) 
Seat 2: buzgt2008 ($15.25 in chips) 
Seat 3: Autist18 ($24.90 in chips) 
Seat 5: Alameda22 ($30.20 in chips) 
Seat 6: McBoltersen ($24.90 in chips) 
Seat 7: pwheats ($53 in chips) 
Seat 8: tip783 ($18.55 in chips) 
Seat 9: soleada ($3.40 in chips) 
tip783: posts small blind $0.10
soleada: posts big blind $0.25
fabolous86: sits out 
*** HOLE CARDS ***
Dealt to Alameda22 [Jd 8c]
zokki123: folds 
buzgt2008: folds 
Autist18: folds 
Alameda22: folds 
McBoltersen: calls $0.25
pwheats: raises $0.25 to $0.50
tip783: calls $0.40
soleada: calls $0.25
McBoltersen: calls $0.25
*** FLOP *** [7s As Js]
tip783: checks 
soleada: checks 
McBoltersen: checks 
pwheats: bets $1.25
tip783: folds 
soleada: folds 
McBoltersen: folds 
Uncalled bet ($1.25) returned to pwheats
pwheats collected $1.90 from pot
*** SUMMARY ***
Total pot $2 | Rake $0.10 
Board [7s As Js]
Seat 1: zokki123 folded before Flop (didn't bet)
Seat 2: buzgt2008 folded before Flop (didn't bet)
Seat 3: Autist18 folded before Flop (didn't bet)
Seat 5: Alameda22 folded before Flop (didn't bet)
Seat 6: McBoltersen folded on the Flop
Seat 7: pwheats (button) collected ($1.90)
Seat 8: tip783 (small blind) folded on the Flop
Seat 9: soleada (big blind) folded on the Flop



PokerStars Game #19972312785:  Hold'em No Limit ($0.10/$0.25) - 2008/08/28 - 18:03:48 (ET)
Table 'Cline' 9-max Seat #8 is the button
Seat 1: zokki123 ($25.35 in chips) 
Seat 2: buzgt2008 ($15.25 in chips) 
Seat 3: Autist18 ($24.90 in chips) 
Seat 5: Alameda22 ($30.20 in chips) 
Seat 6: McBoltersen ($24.40 in chips) 
Seat 7: pwheats ($54.40 in chips) 
Seat 8: tip783 ($18.05 in chips) 
Seat 9: soleada ($2.90 in chips) 
soleada: posts small blind $0.10
zokki123: posts big blind $0.25
fabolous86: sits out 
*** HOLE CARDS ***
Dealt to Alameda22 [Jh 3h]
buzgt2008: folds 
Autist18: folds 
Alameda22: folds 
McBoltersen: folds 
pwheats: folds 
tip783: folds 
soleada: raises $0.50 to $0.75
zokki123: calls $0.50
*** FLOP *** [Qh Js Ad]
soleada: bets $1
zokki123: folds 
Uncalled bet ($1) returned to soleada
soleada collected $1.45 from pot
*** SUMMARY ***
Total pot $1.50 | Rake $0.05 
Board [Qh Js Ad]
Seat 1: zokki123 (big blind) folded on the Flop
Seat 2: buzgt2008 folded before Flop (didn't bet)
Seat 3: Autist18 folded before Flop (didn't bet)
Seat 5: Alameda22 folded before Flop (didn't bet)
Seat 6: McBoltersen folded before Flop (didn't bet)
Seat 7: pwheats folded before Flop (didn't bet)
Seat 8: tip783 (button) folded before Flop (didn't bet)
Seat 9: soleada (small blind) collected ($1.45)



PokerStars Game #19972334534:  Hold'em No Limit ($0.10/$0.25) - 2008/08/28 - 18:04:43 (ET)
Table 'Cline' 9-max Seat #9 is the button
Seat 1: zokki123 ($24.60 in chips) 
Seat 2: buzgt2008 ($15.25 in chips) 
Seat 3: Autist18 ($24.90 in chips) 
Seat 5: Alameda22 ($30.20 in chips) 
Seat 6: McBoltersen ($24.40 in chips) 
Seat 7: pwheats ($54.40 in chips) 
Seat 8: tip783 ($18.05 in chips) 
Seat 9: soleada ($3.60 in chips) 
zokki123: posts small blind $0.10
buzgt2008: posts big blind $0.25
fabolous86: sits out 
*** HOLE CARDS ***
Dealt to Alameda22 [6c 3c]
Autist18: folds 
Alameda22: folds 
McBoltersen: folds 
pwheats: raises $0.25 to $0.50
tip783: folds 
soleada: raises $1.25 to $1.75
zokki123: folds 
buzgt2008: folds 
pwheats: calls $1.25
*** FLOP *** [Kc 3h Jc]
pwheats: bets $2
soleada: calls $1.85 and is all-in
Uncalled bet ($0.15) returned to pwheats
*** TURN *** [Kc 3h Jc] [Kh]
*** RIVER *** [Kc 3h Jc Kh] [Qs]
*** SHOW DOWN ***
pwheats: shows [4d Ac] (a pair of Kings)
soleada: shows [Qd Qc] (a full house, Queens full of Kings)
soleada collected $7.20 from pot
*** SUMMARY ***
Total pot $7.55 | Rake $0.35 
Board [Kc 3h Jc Kh Qs]
Seat 1: zokki123 (small blind) folded before Flop
Seat 2: buzgt2008 (big blind) folded before Flop
Seat 3: Autist18 folded before Flop (didn't bet)
Seat 5: Alameda22 folded before Flop (didn't bet)
Seat 6: McBoltersen folded before Flop (didn't bet)
Seat 7: pwheats showed [4d Ac] and lost with a pair of Kings
Seat 8: tip783 folded before Flop (didn't bet)
Seat 9: soleada (button) showed [Qd Qc] and won ($7.20) with a full house, Queens full of Kings



PokerStars Game #19972355367:  Hold'em No Limit ($0.10/$0.25) - 2008/08/28 - 18:05:35 (ET)
Table 'Cline' 9-max Seat #1 is the button
Seat 1: zokki123 ($24.50 in chips) 
Seat 2: buzgt2008 ($15 in chips) 
Seat 3: Autist18 ($24.90 in chips) 
Seat 5: Alameda22 ($30.20 in chips) 
Seat 6: McBoltersen ($24.40 in chips) 
Seat 7: pwheats ($50.80 in chips) 
Seat 8: tip783 ($18.05 in chips) 
Seat 9: soleada ($7.20 in chips) 
buzgt2008: posts small blind $0.10
Autist18: posts big blind $0.25
fabolous86: sits out 
*** HOLE CARDS ***
Dealt to Alameda22 [2c 4s]
Alameda22: folds 
McBoltersen: folds 
pwheats: raises $0.25 to $0.50
tip783: calls $0.50
soleada: folds 
zokki123: folds 
buzgt2008: folds 
Autist18: folds 
*** FLOP *** [Qh 4h 9h]
pwheats: bets $1
tip783: raises $1 to $2
pwheats: raises $1 to $3
tip783: folds 
Uncalled bet ($1) returned to pwheats
pwheats collected $5.10 from pot
*** SUMMARY ***
Total pot $5.35 | Rake $0.25 
Board [Qh 4h 9h]
Seat 1: zokki123 (button) folded before Flop (didn't bet)
Seat 2: buzgt2008 (small blind) folded before Flop
Seat 3: Autist18 (big blind) folded before Flop
Seat 5: Alameda22 folded before Flop (didn't bet)
Seat 6: McBoltersen folded before Flop (didn't bet)
Seat 7: pwheats collected ($5.10)
Seat 8: tip783 folded on the Flop
Seat 9: soleada folded before Flop (didn't bet)



PokerStars Game #19972390369:  Hold'em No Limit ($0.10/$0.25) - 2008/08/28 - 18:07:02 (ET)
Table 'Cline' 9-max Seat #2 is the button
Seat 1: zokki123 ($24.50 in chips) 
Seat 2: buzgt2008 ($14.90 in chips) 
Seat 3: Autist18 ($24.65 in chips) 
Seat 4: fabolous86 ($6 in chips) 
Seat 5: Alameda22 ($30.20 in chips) 
Seat 6: McBoltersen ($24.40 in chips) 
Seat 7: pwheats ($53.40 in chips) 
Seat 8: tip783 ($15.55 in chips) 
Seat 9: soleada ($7.20 in chips) 
Autist18: posts small blind $0.10
fabolous86: posts big blind $0.25
*** HOLE CARDS ***
Dealt to Alameda22 [Jh Ac]
Alameda22: folds 
McBoltersen: folds 
pwheats: raises $0.25 to $0.50
tip783: calls $0.50
soleada: folds 
zokki123: folds 
buzgt2008: folds 
Autist18: folds 
fabolous86: folds 
*** FLOP *** [6h 5s Td]
pwheats: bets $1.25
tip783: raises $7.75 to $9
pwheats: folds 
Uncalled bet ($7.75) returned to tip783
tip783 collected $3.70 from pot
*** SUMMARY ***
Total pot $3.85 | Rake $0.15 
Board [6h 5s Td]
Seat 1: zokki123 folded before Flop (didn't bet)
Seat 2: buzgt2008 (button) folded before Flop (didn't bet)
Seat 3: Autist18 (small blind) folded before Flop
Seat 4: fabolous86 (big blind) folded before Flop
Seat 5: Alameda22 folded before Flop (didn't bet)
Seat 6: McBoltersen folded before Flop (didn't bet)
Seat 7: pwheats folded on the Flop
Seat 8: tip783 collected ($3.70)
Seat 9: soleada folded before Flop (didn't bet)



PokerStars Game #19972419490:  Hold'em No Limit ($0.10/$0.25) - 2008/08/28 - 18:08:15 (ET)
Table 'Cline' 9-max Seat #3 is the button
Seat 1: zokki123 ($24.50 in chips) 
Seat 2: buzgt2008 ($14.90 in chips) 
Seat 3: Autist18 ($24.55 in chips) 
Seat 4: fabolous86 ($5.75 in chips) 
Seat 5: Alameda22 ($30.20 in chips) 
Seat 6: McBoltersen ($24.40 in chips) 
Seat 7: pwheats ($51.65 in chips) 
Seat 8: tip783 ($17.50 in chips) 
Seat 9: soleada ($7.20 in chips) 
fabolous86: posts small blind $0.10
Alameda22: posts big blind $0.25
*** HOLE CARDS ***
Dealt to Alameda22 [Jh 5h]
McBoltersen: folds 
pwheats: raises $0.25 to $0.50
tip783: folds 
soleada: folds 
zokki123: folds 
buzgt2008: calls $0.50
Autist18: calls $0.50
fabolous86: folds 
Alameda22: calls $0.25
*** FLOP *** [7c Js 4h]
Alameda22: checks 
pwheats: bets $0.45
buzgt2008: folds 
Autist18: calls $0.45
Alameda22: folds 
*** TURN *** [7c Js 4h] [9c]
pwheats: bets $0.75
Autist18: calls $0.75
*** RIVER *** [7c Js 4h 9c] [8c]
pwheats: checks 
Autist18: checks 
*** SHOW DOWN ***
pwheats: shows [8d 5d] (a pair of Eights)
Autist18: shows [Jd Qd] (a pair of Jacks)
Autist18 collected $4.30 from pot
*** SUMMARY ***
Total pot $4.50 | Rake $0.20 
Board [7c Js 4h 9c 8c]
Seat 1: zokki123 folded before Flop (didn't bet)
Seat 2: buzgt2008 folded on the Flop
Seat 3: Autist18 (button) showed [Jd Qd] and won ($4.30) with a pair of Jacks
Seat 4: fabolous86 (small blind) folded before Flop
Seat 5: Alameda22 (big blind) folded on the Flop
Seat 6: McBoltersen folded before Flop (didn't bet)
Seat 7: pwheats showed [8d 5d] and lost with a pair of Eights
Seat 8: tip783 folded before Flop (didn't bet)
Seat 9: soleada folded before Flop (didn't bet)



PokerStars Game #19972466010:  Hold'em No Limit ($0.10/$0.25) - 2008/08/28 - 18:10:12 (ET)
Table 'Cline' 9-max Seat #4 is the button
Seat 1: zokki123 ($24.50 in chips) 
Seat 2: buzgt2008 ($14.40 in chips) 
Seat 3: Autist18 ($27.15 in chips) 
Seat 4: fabolous86 ($5.65 in chips) 
Seat 5: Alameda22 ($29.70 in chips) 
Seat 6: McBoltersen ($24.40 in chips) 
Seat 7: pwheats ($49.95 in chips) 
Seat 8: tip783 ($17.50 in chips) 
Seat 9: soleada ($7.20 in chips) 
Alameda22: posts small blind $0.10
McBoltersen: posts big blind $0.25
*** HOLE CARDS ***
Dealt to Alameda22 [8h 4c]
pwheats: raises $0.25 to $0.50
tip783: calls $0.50
soleada: folds 
zokki123: folds 
buzgt2008: folds 
Autist18: folds 
fabolous86: folds 
Alameda22: folds 
McBoltersen: calls $0.25
*** FLOP *** [Td Js Jc]
McBoltersen: checks 
pwheats: bets $1
tip783 is disconnected 
buzgt2008 leaves the table
tip783 is connected 
tip783: calls $1
McBoltersen: folds 
*** TURN *** [Td Js Jc] [7s]
pwheats: bets $2
dani_pl2 joins the table at seat #2 
tip783: calls $2
*** RIVER *** [Td Js Jc 7s] [9s]
pwheats: checks 
tip783: checks 
*** SHOW DOWN ***
pwheats: shows [6h 6c] (two pair, Jacks and Sixes)
tip783: shows [Kd 9d] (two pair, Jacks and Nines)
tip783 collected $7.25 from pot
*** SUMMARY ***
Total pot $7.60 | Rake $0.35 
Board [Td Js Jc 7s 9s]
Seat 1: zokki123 folded before Flop (didn't bet)
Seat 2: buzgt2008 folded before Flop (didn't bet)
Seat 3: Autist18 folded before Flop (didn't bet)
Seat 4: fabolous86 (button) folded before Flop (didn't bet)
Seat 5: Alameda22 (small blind) folded before Flop
Seat 6: McBoltersen (big blind) folded on the Flop
Seat 7: pwheats showed [6h 6c] and lost with two pair, Jacks and Sixes
Seat 8: tip783 showed [Kd 9d] and won ($7.25) with two pair, Jacks and Nines
Seat 9: soleada folded before Flop (didn't bet)



PokerStars Game #19972528765:  Hold'em No Limit ($0.10/$0.25) - 2008/08/28 - 18:12:51 (ET)
Table 'Cline' 9-max Seat #5 is the button
Seat 1: zokki123 ($24.50 in chips) 
Seat 3: Autist18 ($27.15 in chips) 
Seat 4: fabolous86 ($5.65 in chips) 
Seat 5: Alameda22 ($29.60 in chips) 
Seat 6: McBoltersen ($23.90 in chips) 
Seat 7: pwheats ($46.45 in chips) 
Seat 8: tip783 ($21.25 in chips) 
Seat 9: soleada ($7.20 in chips) 
McBoltersen: posts small blind $0.10
pwheats: posts big blind $0.25
dani_pl2: sits out 
*** HOLE CARDS ***
Dealt to Alameda22 [4d 6h]
tip783: folds 
soleada: folds 
zokki123: folds 
Autist18: folds 
fabolous86: folds 
Alameda22: folds 
McBoltersen: folds 
Uncalled bet ($0.15) returned to pwheats
pwheats collected $0.20 from pot
*** SUMMARY ***
Total pot $0.20 | Rake $0 
Seat 1: zokki123 folded before Flop (didn't bet)
Seat 3: Autist18 folded before Flop (didn't bet)
Seat 4: fabolous86 folded before Flop (didn't bet)
Seat 5: Alameda22 (button) folded before Flop (didn't bet)
Seat 6: McBoltersen (small blind) folded before Flop
Seat 7: pwheats (big blind) collected ($0.20)
Seat 8: tip783 folded before Flop (didn't bet)
Seat 9: soleada folded before Flop (didn't bet)



PokerStars Game #19972551359:  Hold'em No Limit ($0.10/$0.25) - 2008/08/28 - 18:13:49 (ET)
Table 'Cline' 9-max Seat #6 is the button
Seat 1: zokki123 ($24.50 in chips) 
Seat 3: Autist18 ($27.15 in chips) 
Seat 4: fabolous86 ($5.65 in chips) 
Seat 5: Alameda22 ($29.60 in chips) 
Seat 6: McBoltersen ($25 in chips) 
Seat 7: pwheats ($46.55 in chips) 
Seat 8: tip783 ($21.25 in chips) 
Seat 9: soleada ($7.20 in chips) 
pwheats: posts small blind $0.10
tip783: posts big blind $0.25
dani_pl2: sits out 
*** HOLE CARDS ***
Dealt to Alameda22 [Ts Kh]
soleada: folds 
zokki123: folds 
Autist18: raises $0.75 to $1
fabolous86: folds 
Alameda22: folds 
McBoltersen: folds 
pwheats: calls $0.90
tip783: calls $0.75
*** FLOP *** [6h 7c 7h]
pwheats: bets $1.25
tip783: raises $1.25 to $2.50
Autist18: calls $2.50
pwheats: folds 
*** TURN *** [6h 7c 7h] [5d]
tip783: checks 
pwheats leaves the table
Autist18: checks 
*** RIVER *** [6h 7c 7h 5d] [2c]
tip783: bets $4.50
PokerDiddyLV joins the table at seat #7 
Autist18: calls $4.50
*** SHOW DOWN ***
tip783: shows [9d 7d] (three of a kind, Sevens)
Autist18: shows [Ah Ac] (two pair, Aces and Sevens)
tip783 collected $17.40 from pot
*** SUMMARY ***
Total pot $18.25 | Rake $0.85 
Board [6h 7c 7h 5d 2c]
Seat 1: zokki123 folded before Flop (didn't bet)
Seat 3: Autist18 showed [Ah Ac] and lost with two pair, Aces and Sevens
Seat 4: fabolous86 folded before Flop (didn't bet)
Seat 5: Alameda22 folded before Flop (didn't bet)
Seat 6: McBoltersen (button) folded before Flop (didn't bet)
Seat 7: pwheats (small blind) folded on the Flop
Seat 8: tip783 (big blind) showed [9d 7d] and won ($17.40) with three of a kind, Sevens
Seat 9: soleada folded before Flop (didn't bet)



PokerStars Game #19972592912:  Hold'em No Limit ($0.10/$0.25) - 2008/08/28 - 18:15:35 (ET)
Table 'Cline' 9-max Seat #8 is the button
Seat 1: zokki123 ($24.50 in chips) 
Seat 3: Autist18 ($25 in chips) 
Seat 4: fabolous86 ($5.65 in chips) 
Seat 5: Alameda22 ($29.60 in chips) 
Seat 6: McBoltersen ($25 in chips) 
Seat 8: tip783 ($30.65 in chips) 
Seat 9: soleada ($7.20 in chips) 
soleada: posts small blind $0.10
zokki123: posts big blind $0.25
dani_pl2: sits out 
PokerDiddyLV: sits out 
*** HOLE CARDS ***
Dealt to Alameda22 [4d Ks]
tip783 said, "sry"
Autist18: folds 
fabolous86: folds 
Alameda22: folds 
McBoltersen: raises $0.50 to $0.75
tip783: folds 
soleada: folds 
zokki123: folds 
Uncalled bet ($0.50) returned to McBoltersen
McBoltersen collected $0.60 from pot
*** SUMMARY ***
Total pot $0.60 | Rake $0 
Seat 1: zokki123 (big blind) folded before Flop
Seat 3: Autist18 folded before Flop (didn't bet)
Seat 4: fabolous86 folded before Flop (didn't bet)
Seat 5: Alameda22 folded before Flop (didn't bet)
Seat 6: McBoltersen collected ($0.60)
Seat 8: tip783 (button) folded before Flop (didn't bet)
Seat 9: soleada (small blind) folded before Flop



PokerStars Game #19972610789:  Hold'em No Limit ($0.10/$0.25) - 2008/08/28 - 18:16:20 (ET)
Table 'Cline' 9-max Seat #9 is the button
Seat 1: zokki123 ($24.25 in chips) 
Seat 2: dani_pl2 ($20 in chips) 
Seat 3: Autist18 ($25 in chips) 
Seat 4: fabolous86 ($5.65 in chips) 
Seat 5: Alameda22 ($29.60 in chips) 
Seat 6: McBoltersen ($25.35 in chips) 
Seat 8: tip783 ($30.65 in chips) 
Seat 9: soleada ($7.10 in chips) 
zokki123: posts small blind $0.10
dani_pl2: posts big blind $0.25
PokerDiddyLV: sits out 
*** HOLE CARDS ***
Dealt to Alameda22 [Ad 4h]
Autist18: folds 
fabolous86: folds 
Alameda22: folds 
McBoltersen: folds 
tip783: raises $0.25 to $0.50
soleada: folds 
zokki123: calls $0.40
dani_pl2: folds 
*** FLOP *** [4c 6s Jc]
zokki123: checks 
tip783: bets $0.25
zokki123: calls $0.25
*** TURN *** [4c 6s Jc] [3h]
zokki123: checks 
tip783: bets $0.25
zokki123: calls $0.25
*** RIVER *** [4c 6s Jc 3h] [Qc]
zokki123: checks 
tip783: bets $0.75
zokki123: folds 
Uncalled bet ($0.75) returned to tip783
tip783 collected $2.15 from pot
*** SUMMARY ***
Total pot $2.25 | Rake $0.10 
Board [4c 6s Jc 3h Qc]
Seat 1: zokki123 (small blind) folded on the River
Seat 2: dani_pl2 (big blind) folded before Flop
Seat 3: Autist18 folded before Flop (didn't bet)
Seat 4: fabolous86 folded before Flop (didn't bet)
Seat 5: Alameda22 folded before Flop (didn't bet)
Seat 6: McBoltersen folded before Flop (didn't bet)
Seat 8: tip783 collected ($2.15)
Seat 9: soleada (button) folded before Flop (didn't bet)



PokerStars Game #19972648098:  Hold'em No Limit ($0.10/$0.25) - 2008/08/28 - 18:17:54 (ET)
Table 'Cline' 9-max Seat #1 is the button
Seat 1: zokki123 ($23.25 in chips) 
Seat 2: dani_pl2 ($19.75 in chips) 
Seat 3: Autist18 ($25 in chips) 
Seat 4: fabolous86 ($5.65 in chips) 
Seat 5: Alameda22 ($29.60 in chips) 
Seat 6: McBoltersen ($25.35 in chips) 
Seat 8: tip783 ($31.80 in chips) 
Seat 9: soleada ($7.10 in chips) 
dani_pl2: posts small blind $0.10
Autist18: posts big blind $0.25
PokerDiddyLV: sits out 
*** HOLE CARDS ***
Dealt to Alameda22 [Td 8d]
fabolous86: raises $0.75 to $1
Alameda22: folds 
McBoltersen: calls $1
tip783: folds 
soleada: folds 
zokki123: folds 
dani_pl2: folds 
Autist18: folds 
*** FLOP *** [6d 2d As]
fabolous86: bets $1.75
McBoltersen: folds 
Uncalled bet ($1.75) returned to fabolous86
fabolous86 collected $2.25 from pot
*** SUMMARY ***
Total pot $2.35 | Rake $0.10 
Board [6d 2d As]
Seat 1: zokki123 (button) folded before Flop (didn't bet)
Seat 2: dani_pl2 (small blind) folded before Flop
Seat 3: Autist18 (big blind) folded before Flop
Seat 4: fabolous86 collected ($2.25)
Seat 5: Alameda22 folded before Flop (didn't bet)
Seat 6: McBoltersen folded on the Flop
Seat 8: tip783 folded before Flop (didn't bet)
Seat 9: soleada folded before Flop (didn't bet)



PokerStars Game #19972671010:  Hold'em No Limit ($0.10/$0.25) - 2008/08/28 - 18:18:52 (ET)
Table 'Cline' 9-max Seat #2 is the button
Seat 1: zokki123 ($23.25 in chips) 
Seat 2: dani_pl2 ($19.65 in chips) 
Seat 3: Autist18 ($24.75 in chips) 
Seat 4: fabolous86 ($6.90 in chips) 
Seat 5: Alameda22 ($29.60 in chips) 
Seat 6: McBoltersen ($24.35 in chips) 
Seat 8: tip783 ($31.80 in chips) 
Seat 9: soleada ($7.10 in chips) 
Autist18: posts small blind $0.10
fabolous86: posts big blind $0.25
PokerDiddyLV: sits out 
*** HOLE CARDS ***
Dealt to Alameda22 [Td 8h]
Alameda22: folds 
McBoltersen: folds 
tip783: calls $0.25
soleada: folds 
zokki123: folds 
dani_pl2: calls $0.25
Autist18: folds 
fabolous86: checks 
*** FLOP *** [3d 9h Qc]
fabolous86: checks 
tip783: checks 
dani_pl2: checks 
*** TURN *** [3d 9h Qc] [Th]
fabolous86: checks 
tip783: checks 
dani_pl2: bets $0.25
fabolous86: folds 
tip783: calls $0.25
*** RIVER *** [3d 9h Qc Th] [4s]
tip783: checks 
dani_pl2: checks 
*** SHOW DOWN ***
tip783: shows [3s 2d] (a pair of Threes)
dani_pl2: shows [4h Ah] (a pair of Fours)
dani_pl2 collected $1.30 from pot
*** SUMMARY ***
Total pot $1.35 | Rake $0.05 
Board [3d 9h Qc Th 4s]
Seat 1: zokki123 folded before Flop (didn't bet)
Seat 2: dani_pl2 (button) showed [4h Ah] and won ($1.30) with a pair of Fours
Seat 3: Autist18 (small blind) folded before Flop
Seat 4: fabolous86 (big blind) folded on the Turn
Seat 5: Alameda22 folded before Flop (didn't bet)
Seat 6: McBoltersen folded before Flop (didn't bet)
Seat 8: tip783 showed [3s 2d] and lost with a pair of Threes
Seat 9: soleada folded before Flop (didn't bet)



PokerStars Game #19972703673:  Hold'em No Limit ($0.10/$0.25) - 2008/08/28 - 18:20:16 (ET)
Table 'Cline' 9-max Seat #3 is the button
Seat 1: zokki123 ($23.25 in chips) 
Seat 2: dani_pl2 ($20.45 in chips) 
Seat 3: Autist18 ($24.65 in chips) 
Seat 4: fabolous86 ($6.65 in chips) 
Seat 5: Alameda22 ($29.60 in chips) 
Seat 6: McBoltersen ($24.35 in chips) 
Seat 8: tip783 ($31.30 in chips) 
Seat 9: soleada ($7.10 in chips) 
fabolous86: posts small blind $0.10
Alameda22: posts big blind $0.25
PokerDiddyLV: sits out 
*** HOLE CARDS ***
Dealt to Alameda22 [As Ks]
McBoltersen: folds 
tip783: folds 
soleada: raises $0.50 to $0.75
tip783 leaves the table
zokki123: folds 
dani_pl2: folds 
Anaqua joins the table at seat #8 
Autist18: folds 
fabolous86: folds 
Alameda22: raises $14.25 to $15
soleada: folds 
Uncalled bet ($14.25) returned to Alameda22
Alameda22 collected $1.60 from pot
Alameda22: doesn't show hand 
*** SUMMARY ***
Total pot $1.60 | Rake $0 
Seat 1: zokki123 folded before Flop (didn't bet)
Seat 2: dani_pl2 folded before Flop (didn't bet)
Seat 3: Autist18 (button) folded before Flop (didn't bet)
Seat 4: fabolous86 (small blind) folded before Flop
Seat 5: Alameda22 (big blind) collected ($1.60)
Seat 6: McBoltersen folded before Flop (didn't bet)
Seat 8: tip783 folded before Flop (didn't bet)
Seat 9: soleada folded before Flop



PokerStars Game #19972725242:  Hold'em No Limit ($0.10/$0.25) - 2008/08/28 - 18:21:12 (ET)
Table 'Cline' 9-max Seat #4 is the button
Seat 1: zokki123 ($23.25 in chips) 
Seat 2: dani_pl2 ($20.45 in chips) 
Seat 3: Autist18 ($24.65 in chips) 
Seat 4: fabolous86 ($6.55 in chips) 
Seat 5: Alameda22 ($30.45 in chips) 
Seat 6: McBoltersen ($24.35 in chips) 
Seat 9: soleada ($6.35 in chips) 
Alameda22: posts small blind $0.10
McBoltersen: posts big blind $0.25
PokerDiddyLV: sits out 
Anaqua: sits out 
*** HOLE CARDS ***
Dealt to Alameda22 [Qs 2h]
soleada: folds 
zokki123: folds 
dani_pl2: folds 
Autist18: folds 
fabolous86: raises $0.75 to $1
Alameda22: folds 
McBoltersen: folds 
Uncalled bet ($0.75) returned to fabolous86
fabolous86 collected $0.60 from pot
fabolous86: doesn't show hand 
*** SUMMARY ***
Total pot $0.60 | Rake $0 
Seat 1: zokki123 folded before Flop (didn't bet)
Seat 2: dani_pl2 folded before Flop (didn't bet)
Seat 3: Autist18 folded before Flop (didn't bet)
Seat 4: fabolous86 (button) collected ($0.60)
Seat 5: Alameda22 (small blind) folded before Flop
Seat 6: McBoltersen (big blind) folded before Flop
Seat 9: soleada folded before Flop (didn't bet)



PokerStars Game #19972738670:  Hold'em No Limit ($0.10/$0.25) - 2008/08/28 - 18:21:47 (ET)
Table 'Cline' 9-max Seat #5 is the button
Seat 1: zokki123 ($23.25 in chips) 
Seat 2: dani_pl2 ($20.45 in chips) 
Seat 3: Autist18 ($24.65 in chips) 
Seat 4: fabolous86 ($6.90 in chips) 
Seat 5: Alameda22 ($30.35 in chips) 
Seat 6: McBoltersen ($24.10 in chips) 
Seat 7: PokerDiddyLV ($5 in chips) 
Seat 9: soleada ($6.35 in chips) 
McBoltersen: posts small blind $0.10
PokerDiddyLV: posts big blind $0.25
Anaqua: sits out 
*** HOLE CARDS ***
Dealt to Alameda22 [Kc Qd]
soleada: folds 
zokki123: folds 
dani_pl2: folds 
Autist18: raises $0.75 to $1
fabolous86: folds 
Alameda22: folds 
McBoltersen: folds 
PokerDiddyLV: folds 
Uncalled bet ($0.75) returned to Autist18
Autist18 collected $0.60 from pot
*** SUMMARY ***
Total pot $0.60 | Rake $0 
Seat 1: zokki123 folded before Flop (didn't bet)
Seat 2: dani_pl2 folded before Flop (didn't bet)
Seat 3: Autist18 collected ($0.60)
Seat 4: fabolous86 folded before Flop (didn't bet)
Seat 5: Alameda22 (button) folded before Flop (didn't bet)
Seat 6: McBoltersen (small blind) folded before Flop
Seat 7: PokerDiddyLV (big blind) folded before Flop
Seat 9: soleada folded before Flop (didn't bet)



PokerStars Game #19972755305:  Hold'em No Limit ($0.10/$0.25) - 2008/08/28 - 18:22:30 (ET)
Table 'Cline' 9-max Seat #6 is the button
Seat 1: zokki123 ($23.25 in chips) 
Seat 2: dani_pl2 ($20.45 in chips) 
Seat 3: Autist18 ($25 in chips) 
Seat 4: fabolous86 ($6.90 in chips) 
Seat 5: Alameda22 ($30.35 in chips) 
Seat 6: McBoltersen ($24 in chips) 
Seat 7: PokerDiddyLV ($4.75 in chips) 
Seat 8: Anaqua ($25 in chips) 
Seat 9: soleada ($6.35 in chips) 
PokerDiddyLV: posts small blind $0.10
Anaqua: posts big blind $0.25
*** HOLE CARDS ***
Dealt to Alameda22 [7h 6c]
soleada: folds 
zokki123: folds 
dani_pl2: folds 
Autist18: folds 
fabolous86: raises $0.75 to $1
Alameda22: folds 
McBoltersen: folds 
PokerDiddyLV: folds 
Anaqua: folds 
Uncalled bet ($0.75) returned to fabolous86
fabolous86 collected $0.60 from pot
*** SUMMARY ***
Total pot $0.60 | Rake $0 
Seat 1: zokki123 folded before Flop (didn't bet)
Seat 2: dani_pl2 folded before Flop (didn't bet)
Seat 3: Autist18 folded before Flop (didn't bet)
Seat 4: fabolous86 collected ($0.60)
Seat 5: Alameda22 folded before Flop (didn't bet)
Seat 6: McBoltersen (button) folded before Flop (didn't bet)
Seat 7: PokerDiddyLV (small blind) folded before Flop
Seat 8: Anaqua (big blind) folded before Flop
Seat 9: soleada folded before Flop (didn't bet)



PokerStars Game #19972781725:  Hold'em No Limit ($0.10/$0.25) - 2008/08/28 - 18:23:38 (ET)
Table 'Cline' 9-max Seat #7 is the button
Seat 1: zokki123 ($23.25 in chips) 
Seat 2: dani_pl2 ($20.45 in chips) 
Seat 3: Autist18 ($25 in chips) 
Seat 4: fabolous86 ($7.25 in chips) 
Seat 5: Alameda22 ($30.35 in chips) 
Seat 6: McBoltersen ($24 in chips) 
Seat 7: PokerDiddyLV ($4.65 in chips) 
Seat 8: Anaqua ($24.75 in chips) 
Seat 9: soleada ($6.35 in chips) 
Anaqua: posts small blind $0.10
soleada: posts big blind $0.25
*** HOLE CARDS ***
Dealt to Alameda22 [8d 9s]
zokki123: folds 
dani_pl2: folds 
Autist18: folds 
fabolous86: folds 
Alameda22: folds 
McBoltersen: folds 
PokerDiddyLV: folds 
Anaqua: folds 
Uncalled bet ($0.15) returned to soleada
soleada collected $0.20 from pot
*** SUMMARY ***
Total pot $0.20 | Rake $0 
Seat 1: zokki123 folded before Flop (didn't bet)
Seat 2: dani_pl2 folded before Flop (didn't bet)
Seat 3: Autist18 folded before Flop (didn't bet)
Seat 4: fabolous86 folded before Flop (didn't bet)
Seat 5: Alameda22 folded before Flop (didn't bet)
Seat 6: McBoltersen folded before Flop (didn't bet)
Seat 7: PokerDiddyLV (button) folded before Flop (didn't bet)
Seat 8: Anaqua (small blind) folded before Flop
Seat 9: soleada (big blind) collected ($0.20)



PokerStars Game #19972801489:  Hold'em No Limit ($0.10/$0.25) - 2008/08/28 - 18:24:29 (ET)
Table 'Cline' 9-max Seat #8 is the button
Seat 1: zokki123 ($23.25 in chips) 
Seat 2: dani_pl2 ($20.45 in chips) 
Seat 3: Autist18 ($25 in chips) 
Seat 4: fabolous86 ($7.25 in chips) 
Seat 5: Alameda22 ($30.35 in chips) 
Seat 6: McBoltersen ($24 in chips) 
Seat 7: PokerDiddyLV ($4.65 in chips) 
Seat 8: Anaqua ($24.65 in chips) 
Seat 9: soleada ($6.45 in chips) 
soleada: posts small blind $0.10
zokki123: posts big blind $0.25
*** HOLE CARDS ***
Dealt to Alameda22 [2c 3c]
dani_pl2: folds 
Autist18: folds 
fabolous86: folds 
Alameda22: folds 
McBoltersen: folds 
PokerDiddyLV: folds 
Anaqua: raises $0.75 to $1
soleada: folds 
zokki123: folds 
Uncalled bet ($0.75) returned to Anaqua
Anaqua collected $0.60 from pot
Anaqua: doesn't show hand 
*** SUMMARY ***
Total pot $0.60 | Rake $0 
Seat 1: zokki123 (big blind) folded before Flop
Seat 2: dani_pl2 folded before Flop (didn't bet)
Seat 3: Autist18 folded before Flop (didn't bet)
Seat 4: fabolous86 folded before Flop (didn't bet)
Seat 5: Alameda22 folded before Flop (didn't bet)
Seat 6: McBoltersen folded before Flop (didn't bet)
Seat 7: PokerDiddyLV folded before Flop (didn't bet)
Seat 8: Anaqua (button) collected ($0.60)
Seat 9: soleada (small blind) folded before Flop



PokerStars Game #19972822448:  Hold'em No Limit ($0.10/$0.25) - 2008/08/28 - 18:25:23 (ET)
Table 'Cline' 9-max Seat #9 is the button
Seat 1: zokki123 ($23 in chips) 
Seat 2: dani_pl2 ($20.45 in chips) 
Seat 3: Autist18 ($25 in chips) 
Seat 4: fabolous86 ($7.25 in chips) 
Seat 5: Alameda22 ($30.35 in chips) 
Seat 6: McBoltersen ($24 in chips) 
Seat 7: PokerDiddyLV ($4.65 in chips) 
Seat 8: Anaqua ($25 in chips) 
Seat 9: soleada ($6.35 in chips) 
zokki123: posts small blind $0.10
dani_pl2: posts big blind $0.25
*** HOLE CARDS ***
Dealt to Alameda22 [Jc 4h]
Autist18: folds 
fabolous86: folds 
Alameda22: folds 
McBoltersen: folds 
PokerDiddyLV: folds 
Anaqua: folds 
soleada: folds 
fabolous86 leaves the table
zokki123: folds 
Uncalled bet ($0.15) returned to dani_pl2
dani_pl2 collected $0.20 from pot
dani_pl2: doesn't show hand 
*** SUMMARY ***
Total pot $0.20 | Rake $0 
Seat 1: zokki123 (small blind) folded before Flop
Seat 2: dani_pl2 (big blind) collected ($0.20)
Seat 3: Autist18 folded before Flop (didn't bet)
Seat 4: fabolous86 folded before Flop (didn't bet)
Seat 5: Alameda22 folded before Flop (didn't bet)
Seat 6: McBoltersen folded before Flop (didn't bet)
Seat 7: PokerDiddyLV folded before Flop (didn't bet)
Seat 8: Anaqua folded before Flop (didn't bet)
Seat 9: soleada (button) folded before Flop (didn't bet)



PokerStars Game #19972846724:  Hold'em No Limit ($0.10/$0.25) - 2008/08/28 - 18:26:26 (ET)
Table 'Cline' 9-max Seat #1 is the button
Seat 1: zokki123 ($22.90 in chips) 
Seat 2: dani_pl2 ($20.55 in chips) 
Seat 3: Autist18 ($25 in chips) 
Seat 5: Alameda22 ($30.35 in chips) 
Seat 6: McBoltersen ($24 in chips) 
Seat 7: PokerDiddyLV ($4.65 in chips) 
Seat 8: Anaqua ($25 in chips) 
Seat 9: soleada ($6.35 in chips) 
dani_pl2: posts small blind $0.10
Autist18: posts big blind $0.25
*** HOLE CARDS ***
Dealt to Alameda22 [4d 4s]
Alameda22: folds 
McBoltersen: folds 
PokerDiddyLV: folds 
Anaqua: folds 
soleada: folds 
zokki123: raises $0.75 to $1
dani_pl2: folds 
Autist18: folds 
Uncalled bet ($0.75) returned to zokki123
abuelapoker joins the table at seat #4 
zokki123 collected $0.60 from pot
zokki123: doesn't show hand 
*** SUMMARY ***
Total pot $0.60 | Rake $0 
Seat 1: zokki123 (button) collected ($0.60)
Seat 2: dani_pl2 (small blind) folded before Flop
Seat 3: Autist18 (big blind) folded before Flop
Seat 5: Alameda22 folded before Flop (didn't bet)
Seat 6: McBoltersen folded before Flop (didn't bet)
Seat 7: PokerDiddyLV folded before Flop (didn't bet)
Seat 8: Anaqua folded before Flop (didn't bet)
Seat 9: soleada folded before Flop (didn't bet)



PokerStars Game #19972863298:  Hold'em No Limit ($0.10/$0.25) - 2008/08/28 - 18:27:10 (ET)
Table 'Cline' 9-max Seat #2 is the button
Seat 1: zokki123 ($23.25 in chips) 
Seat 2: dani_pl2 ($20.45 in chips) 
Seat 3: Autist18 ($24.75 in chips) 
Seat 4: abuelapoker ($7 in chips) 
Seat 5: Alameda22 ($30.35 in chips) 
Seat 6: McBoltersen ($24 in chips) 
Seat 7: PokerDiddyLV ($4.65 in chips) 
Seat 8: Anaqua ($25 in chips) 
Seat 9: soleada ($6.35 in chips) 
Autist18: posts small blind $0.10
abuelapoker: posts big blind $0.25
*** HOLE CARDS ***
Dealt to Alameda22 [2s Td]
Alameda22: folds 
McBoltersen: folds 
PokerDiddyLV: folds 
Anaqua: folds 
soleada: folds 
zokki123: folds 
dani_pl2: raises $0.50 to $0.75
Autist18: folds 
abuelapoker: folds 
Uncalled bet ($0.50) returned to dani_pl2
dani_pl2 collected $0.60 from pot
*** SUMMARY ***
Total pot $0.60 | Rake $0 
Seat 1: zokki123 folded before Flop (didn't bet)
Seat 2: dani_pl2 (button) collected ($0.60)
Seat 3: Autist18 (small blind) folded before Flop
Seat 4: abuelapoker (big blind) folded before Flop
Seat 5: Alameda22 folded before Flop (didn't bet)
Seat 6: McBoltersen folded before Flop (didn't bet)
Seat 7: PokerDiddyLV folded before Flop (didn't bet)
Seat 8: Anaqua folded before Flop (didn't bet)
Seat 9: soleada folded before Flop (didn't bet)



PokerStars Game #19972887502:  Hold'em No Limit ($0.10/$0.25) - 2008/08/28 - 18:28:13 (ET)
Table 'Cline' 9-max Seat #3 is the button
Seat 1: zokki123 ($23.25 in chips) 
Seat 2: dani_pl2 ($20.80 in chips) 
Seat 3: Autist18 ($24.65 in chips) 
Seat 4: abuelapoker ($6.75 in chips) 
Seat 5: Alameda22 ($30.35 in chips) 
Seat 6: McBoltersen ($24 in chips) 
Seat 7: PokerDiddyLV ($4.65 in chips) 
Seat 8: Anaqua ($25 in chips) 
Seat 9: soleada ($6.35 in chips) 
abuelapoker: posts small blind $0.10
Alameda22: posts big blind $0.25
*** HOLE CARDS ***
Dealt to Alameda22 [Ad Td]
McBoltersen: folds 
PokerDiddyLV: folds 
Anaqua has timed out
Anaqua: folds 
Anaqua is sitting out
soleada: folds 
Anaqua has returned
zokki123: folds 
dani_pl2: folds 
Autist18: raises $0.75 to $1
abuelapoker: folds 
Alameda22: folds 
Uncalled bet ($0.75) returned to Autist18
Autist18 collected $0.60 from pot
*** SUMMARY ***
Total pot $0.60 | Rake $0 
Seat 1: zokki123 folded before Flop (didn't bet)
Seat 2: dani_pl2 folded before Flop (didn't bet)
Seat 3: Autist18 (button) collected ($0.60)
Seat 4: abuelapoker (small blind) folded before Flop
Seat 5: Alameda22 (big blind) folded before Flop
Seat 6: McBoltersen folded before Flop (didn't bet)
Seat 7: PokerDiddyLV folded before Flop (didn't bet)
Seat 8: Anaqua folded before Flop (didn't bet)
Seat 9: soleada folded before Flop (didn't bet)



PokerStars Game #19972915466:  Hold'em No Limit ($0.10/$0.25) - 2008/08/28 - 18:29:27 (ET)
Table 'Cline' 9-max Seat #4 is the button
Seat 1: zokki123 ($23.25 in chips) 
Seat 2: dani_pl2 ($20.80 in chips) 
Seat 3: Autist18 ($25 in chips) 
Seat 4: abuelapoker ($6.65 in chips) 
Seat 5: Alameda22 ($30.10 in chips) 
Seat 6: McBoltersen ($24 in chips) 
Seat 7: PokerDiddyLV ($4.65 in chips) 
Seat 8: Anaqua ($25 in chips) 
Seat 9: soleada ($6.35 in chips) 
Alameda22: posts small blind $0.10
McBoltersen: posts big blind $0.25
*** HOLE CARDS ***
Dealt to Alameda22 [Th 2d]
PokerDiddyLV: folds 
Anaqua: raises $0.75 to $1
soleada: folds 
zokki123: folds 
dani_pl2: folds 
Autist18: raises $2.50 to $3.50
abuelapoker: folds 
Alameda22: folds 
McBoltersen: folds 
Anaqua: calls $2.50
*** FLOP *** [9d As Qs]
Anaqua: bets $6.75
Autist18: folds 
Uncalled bet ($6.75) returned to Anaqua
Anaqua collected $7 from pot
*** SUMMARY ***
Total pot $7.35 | Rake $0.35 
Board [9d As Qs]
Seat 1: zokki123 folded before Flop (didn't bet)
Seat 2: dani_pl2 folded before Flop (didn't bet)
Seat 3: Autist18 folded on the Flop
Seat 4: abuelapoker (button) folded before Flop (didn't bet)
Seat 5: Alameda22 (small blind) folded before Flop
Seat 6: McBoltersen (big blind) folded before Flop
Seat 7: PokerDiddyLV folded before Flop (didn't bet)
Seat 8: Anaqua collected ($7)
Seat 9: soleada folded before Flop (didn't bet)



PokerStars Game #19972945464:  Hold'em No Limit ($0.10/$0.25) - 2008/08/28 - 18:30:47 (ET)
Table 'Cline' 9-max Seat #5 is the button
Seat 1: zokki123 ($23.25 in chips) 
Seat 2: dani_pl2 ($20.80 in chips) 
Seat 3: Autist18 ($25 in chips) 
Seat 4: abuelapoker ($6.65 in chips) 
Seat 5: Alameda22 ($30 in chips) 
Seat 6: McBoltersen ($23.75 in chips) 
Seat 7: PokerDiddyLV ($4.65 in chips) 
Seat 8: Anaqua ($28.50 in chips) 
Seat 9: soleada ($6.35 in chips) 
McBoltersen: posts small blind $0.10
PokerDiddyLV: posts big blind $0.25
*** HOLE CARDS ***
Dealt to Alameda22 [As 5s]
Anaqua: folds 
soleada: folds 
zokki123: folds 
dani_pl2: folds 
Autist18: folds 
abuelapoker: folds 
Alameda22: folds 
McBoltersen: raises $0.50 to $0.75
PokerDiddyLV: folds 
Uncalled bet ($0.50) returned to McBoltersen
McBoltersen collected $0.50 from pot
*** SUMMARY ***
Total pot $0.50 | Rake $0 
Seat 1: zokki123 folded before Flop (didn't bet)
Seat 2: dani_pl2 folded before Flop (didn't bet)
Seat 3: Autist18 folded before Flop (didn't bet)
Seat 4: abuelapoker folded before Flop (didn't bet)
Seat 5: Alameda22 (button) folded before Flop (didn't bet)
Seat 6: McBoltersen (small blind) collected ($0.50)
Seat 7: PokerDiddyLV (big blind) folded before Flop
Seat 8: Anaqua folded before Flop (didn't bet)
Seat 9: soleada folded before Flop (didn't bet)



PokerStars Game #19972963911:  Hold'em No Limit ($0.10/$0.25) - 2008/08/28 - 18:31:35 (ET)
Table 'Cline' 9-max Seat #6 is the button
Seat 1: zokki123 ($23.25 in chips) 
Seat 2: dani_pl2 ($20.80 in chips) 
Seat 3: Autist18 ($25 in chips) 
Seat 4: abuelapoker ($6.65 in chips) 
Seat 5: Alameda22 ($30 in chips) 
Seat 6: McBoltersen ($24 in chips) 
Seat 7: PokerDiddyLV ($4.40 in chips) 
Seat 8: Anaqua ($28.50 in chips) 
Seat 9: soleada ($6.35 in chips) 
PokerDiddyLV: posts small blind $0.10
Anaqua: posts big blind $0.25
*** HOLE CARDS ***
Dealt to Alameda22 [5c 9h]
soleada: folds 
zokki123: folds 
dani_pl2: folds 
Autist18: folds 
abuelapoker: folds 
Alameda22: folds 
McBoltersen: calls $0.25
PokerDiddyLV: folds 
Anaqua: checks 
*** FLOP *** [Kd 7h 2s]
Anaqua: checks 
McBoltersen: checks 
*** TURN *** [Kd 7h 2s] [Jd]
Anaqua: checks 
McBoltersen: bets $0.50
Anaqua: folds 
Uncalled bet ($0.50) returned to McBoltersen
McBoltersen collected $0.60 from pot
*** SUMMARY ***
Total pot $0.60 | Rake $0 
Board [Kd 7h 2s Jd]
Seat 1: zokki123 folded before Flop (didn't bet)
Seat 2: dani_pl2 folded before Flop (didn't bet)
Seat 3: Autist18 folded before Flop (didn't bet)
Seat 4: abuelapoker folded before Flop (didn't bet)
Seat 5: Alameda22 folded before Flop (didn't bet)
Seat 6: McBoltersen (button) collected ($0.60)
Seat 7: PokerDiddyLV (small blind) folded before Flop
Seat 8: Anaqua (big blind) folded on the Turn
Seat 9: soleada folded before Flop (didn't bet)



PokerStars Game #19973012954:  Hold'em No Limit ($0.10/$0.25) - 2008/08/28 - 18:33:45 (ET)
Table 'Cline' 9-max Seat #7 is the button
Seat 1: zokki123 ($23.25 in chips) 
Seat 2: dani_pl2 ($20.80 in chips) 
Seat 3: Autist18 ($25 in chips) 
Seat 4: abuelapoker ($6.65 in chips) 
Seat 5: Alameda22 ($30 in chips) 
Seat 6: McBoltersen ($24.35 in chips) 
Seat 7: PokerDiddyLV ($4.30 in chips) 
Seat 8: Anaqua ($28.25 in chips) 
Seat 9: soleada ($6.35 in chips) 
Anaqua: posts small blind $0.10
soleada: posts big blind $0.25
*** HOLE CARDS ***
Dealt to Alameda22 [4c Td]
zokki123: raises $0.50 to $0.75
dani_pl2: folds 
Autist18: folds 
abuelapoker: folds 
Alameda22: folds 
McBoltersen: folds 
PokerDiddyLV: folds 
Anaqua: folds 
Anaqua is sitting out
soleada: folds 
Uncalled bet ($0.50) returned to zokki123
zokki123 collected $0.60 from pot
zokki123: doesn't show hand 
*** SUMMARY ***
Total pot $0.60 | Rake $0 
Seat 1: zokki123 collected ($0.60)
Seat 2: dani_pl2 folded before Flop (didn't bet)
Seat 3: Autist18 folded before Flop (didn't bet)
Seat 4: abuelapoker folded before Flop (didn't bet)
Seat 5: Alameda22 folded before Flop (didn't bet)
Seat 6: McBoltersen folded before Flop (didn't bet)
Seat 7: PokerDiddyLV (button) folded before Flop (didn't bet)
Seat 8: Anaqua (small blind) folded before Flop
Seat 9: soleada (big blind) folded before Flop



PokerStars Game #19973034702:  Hold'em No Limit ($0.10/$0.25) - 2008/08/28 - 18:34:43 (ET)
Table 'Cline' 9-max Seat #9 is the button
Seat 1: zokki123 ($23.60 in chips) 
Seat 2: dani_pl2 ($20.80 in chips) 
Seat 3: Autist18 ($25 in chips) 
Seat 4: abuelapoker ($6.65 in chips) 
Seat 5: Alameda22 ($30 in chips) 
Seat 6: McBoltersen ($24.35 in chips) 
Seat 7: PokerDiddyLV ($4.30 in chips) 
Seat 9: soleada ($6.10 in chips) 
zokki123: posts small blind $0.10
dani_pl2: posts big blind $0.25
*** HOLE CARDS ***
Dealt to Alameda22 [4h 2s]
Autist18: folds 
abuelapoker: folds 
Alameda22: folds 
McBoltersen: folds 
PokerDiddyLV: folds 
soleada: folds 
zokki123: raises $0.50 to $0.75
dani_pl2: folds 
Uncalled bet ($0.50) returned to zokki123
zokki123 collected $0.50 from pot
zokki123: doesn't show hand 
*** SUMMARY ***
Total pot $0.50 | Rake $0 
Seat 1: zokki123 (small blind) collected ($0.50)
Seat 2: dani_pl2 (big blind) folded before Flop
Seat 3: Autist18 folded before Flop (didn't bet)
Seat 4: abuelapoker folded before Flop (didn't bet)
Seat 5: Alameda22 folded before Flop (didn't bet)
Seat 6: McBoltersen folded before Flop (didn't bet)
Seat 7: PokerDiddyLV folded before Flop (didn't bet)
Seat 9: soleada (button) folded before Flop (didn't bet)



PokerStars Game #19973044698:  Hold'em No Limit ($0.10/$0.25) - 2008/08/28 - 18:35:10 (ET)
Table 'Cline' 9-max Seat #1 is the button
Seat 1: zokki123 ($23.85 in chips) 
Seat 2: dani_pl2 ($20.55 in chips) 
Seat 3: Autist18 ($25 in chips) 
Seat 4: abuelapoker ($6.65 in chips) 
Seat 5: Alameda22 ($30 in chips) 
Seat 6: McBoltersen ($24.35 in chips) 
Seat 7: PokerDiddyLV ($4.30 in chips) 
Seat 9: soleada ($6.10 in chips) 
dani_pl2: posts small blind $0.10
Autist18: posts big blind $0.25
*** HOLE CARDS ***
Dealt to Alameda22 [7h 4c]
abuelapoker: folds 
Alameda22: folds 
McBoltersen: raises $0.50 to $0.75
PokerDiddyLV: folds 
soleada: folds 
zokki123: folds 
dani_pl2: calls $0.65
Autist18: folds 
*** FLOP *** [5s Qc Jh]
dani_pl2: checks 
McBoltersen: checks 
*** TURN *** [5s Qc Jh] [4d]
dani_pl2: bets $0.75
McBoltersen: calls $0.75
*** RIVER *** [5s Qc Jh 4d] [9s]
dani_pl2: bets $2.50
McBoltersen: folds 
Uncalled bet ($2.50) returned to dani_pl2
dani_pl2 collected $3.10 from pot
*** SUMMARY ***
Total pot $3.25 | Rake $0.15 
Board [5s Qc Jh 4d 9s]
Seat 1: zokki123 (button) folded before Flop (didn't bet)
Seat 2: dani_pl2 (small blind) collected ($3.10)
Seat 3: Autist18 (big blind) folded before Flop
Seat 4: abuelapoker folded before Flop (didn't bet)
Seat 5: Alameda22 folded before Flop (didn't bet)
Seat 6: McBoltersen folded on the River
Seat 7: PokerDiddyLV folded before Flop (didn't bet)
Seat 9: soleada folded before Flop (didn't bet)



PokerStars Game #19973064688:  Hold'em No Limit ($0.10/$0.25) - 2008/08/28 - 18:36:03 (ET)
Table 'Cline' 9-max Seat #2 is the button
Seat 1: zokki123 ($23.85 in chips) 
Seat 2: dani_pl2 ($22.15 in chips) 
Seat 3: Autist18 ($24.75 in chips) 
Seat 4: abuelapoker ($6.65 in chips) 
Seat 5: Alameda22 ($30 in chips) 
Seat 6: McBoltersen ($22.85 in chips) 
Seat 7: PokerDiddyLV ($4.30 in chips) 
Seat 9: soleada ($6.10 in chips) 
Autist18: posts small blind $0.10
abuelapoker: posts big blind $0.25
*** HOLE CARDS ***
Dealt to Alameda22 [6h 3s]
Alameda22: folds 
McBoltersen: calls $0.25
PokerDiddyLV: folds 
soleada: folds 
zokki123: raises $0.25 to $0.50
dani_pl2: folds 
Autist18: folds 
abuelapoker: folds 
McBoltersen: calls $0.25
*** FLOP *** [7c 7d 2d]
McBoltersen: checks 
zokki123: checks 
*** TURN *** [7c 7d 2d] [Td]
McBoltersen: checks 
zokki123: checks 
*** RIVER *** [7c 7d 2d Td] [2h]
McBoltersen: checks 
zokki123: checks 
*** SHOW DOWN ***
McBoltersen: shows [Qc Kc] (two pair, Sevens and Deuces)
zokki123: shows [5c 5d] (two pair, Sevens and Fives)
zokki123 collected $1.30 from pot
*** SUMMARY ***
Total pot $1.35 | Rake $0.05 
Board [7c 7d 2d Td 2h]
Seat 1: zokki123 showed [5c 5d] and won ($1.30) with two pair, Sevens and Fives
Seat 2: dani_pl2 (button) folded before Flop (didn't bet)
Seat 3: Autist18 (small blind) folded before Flop
Seat 4: abuelapoker (big blind) folded before Flop
Seat 5: Alameda22 folded before Flop (didn't bet)
Seat 6: McBoltersen showed [Qc Kc] and lost with two pair, Sevens and Deuces
Seat 7: PokerDiddyLV folded before Flop (didn't bet)
Seat 9: soleada folded before Flop (didn't bet)



PokerStars Game #19973090482:  Hold'em No Limit ($0.10/$0.25) - 2008/08/28 - 18:37:12 (ET)
Table 'Cline' 9-max Seat #3 is the button
Seat 1: zokki123 ($24.65 in chips) 
Seat 2: dani_pl2 ($22.15 in chips) 
Seat 3: Autist18 ($24.65 in chips) 
Seat 4: abuelapoker ($6.40 in chips) 
Seat 5: Alameda22 ($30 in chips) 
Seat 6: McBoltersen ($22.35 in chips) 
Seat 7: PokerDiddyLV ($4.30 in chips) 
Seat 9: soleada ($6.10 in chips) 
abuelapoker: posts small blind $0.10
Alameda22: posts big blind $0.25
*** HOLE CARDS ***
Dealt to Alameda22 [7h Td]
McBoltersen: folds 
PokerDiddyLV: folds 
soleada: raises $0.50 to $0.75
zokki123: folds 
dani_pl2: folds 
Autist18: raises $2 to $2.75
abuelapoker: folds 
Alameda22: folds 
soleada: folds 
Uncalled bet ($2) returned to Autist18
Autist18 collected $1.85 from pot
*** SUMMARY ***
Total pot $1.85 | Rake $0 
Seat 1: zokki123 folded before Flop (didn't bet)
Seat 2: dani_pl2 folded before Flop (didn't bet)
Seat 3: Autist18 (button) collected ($1.85)
Seat 4: abuelapoker (small blind) folded before Flop
Seat 5: Alameda22 (big blind) folded before Flop
Seat 6: McBoltersen folded before Flop (didn't bet)
Seat 7: PokerDiddyLV folded before Flop (didn't bet)
Seat 9: soleada folded before Flop



PokerStars Game #19973105830:  Hold'em No Limit ($0.10/$0.25) - 2008/08/28 - 18:37:54 (ET)
Table 'Cline' 9-max Seat #4 is the button
Seat 1: zokki123 ($24.65 in chips) 
Seat 2: dani_pl2 ($22.15 in chips) 
Seat 3: Autist18 ($25.75 in chips) 
Seat 4: abuelapoker ($6.30 in chips) 
Seat 5: Alameda22 ($29.75 in chips) 
Seat 6: McBoltersen ($22.35 in chips) 
Seat 7: PokerDiddyLV ($4.30 in chips) 
Seat 9: soleada ($5.35 in chips) 
Alameda22: posts small blind $0.10
McBoltersen: posts big blind $0.25
*** HOLE CARDS ***
Dealt to Alameda22 [7c Qs]
PokerDiddyLV: folds 
soleada: folds 
zokki123: folds 
dani_pl2: folds 
Autist18: folds 
abuelapoker: folds 
Alameda22: folds 
Uncalled bet ($0.15) returned to McBoltersen
McBoltersen collected $0.20 from pot
*** SUMMARY ***
Total pot $0.20 | Rake $0 
Seat 1: zokki123 folded before Flop (didn't bet)
Seat 2: dani_pl2 folded before Flop (didn't bet)
Seat 3: Autist18 folded before Flop (didn't bet)
Seat 4: abuelapoker (button) folded before Flop (didn't bet)
Seat 5: Alameda22 (small blind) folded before Flop
Seat 6: McBoltersen (big blind) collected ($0.20)
Seat 7: PokerDiddyLV folded before Flop (didn't bet)
Seat 9: soleada folded before Flop (didn't bet)



PokerStars Game #19973118510:  Hold'em No Limit ($0.10/$0.25) - 2008/08/28 - 18:38:27 (ET)
Table 'Cline' 9-max Seat #5 is the button
Seat 1: zokki123 ($24.65 in chips) 
Seat 2: dani_pl2 ($22.15 in chips) 
Seat 3: Autist18 ($25.75 in chips) 
Seat 4: abuelapoker ($6.30 in chips) 
Seat 5: Alameda22 ($29.65 in chips) 
Seat 6: McBoltersen ($22.45 in chips) 
Seat 7: PokerDiddyLV ($4.30 in chips) 
Seat 9: soleada ($5.35 in chips) 
McBoltersen: posts small blind $0.10
PokerDiddyLV: posts big blind $0.25
*** HOLE CARDS ***
Dealt to Alameda22 [Js 9h]
soleada: folds 
zokki123: folds 
dani_pl2: folds 
Autist18: folds 
abuelapoker: folds 
Alameda22: folds 
McBoltersen: folds 
Uncalled bet ($0.15) returned to PokerDiddyLV
PokerDiddyLV collected $0.20 from pot
PokerDiddyLV: doesn't show hand 
*** SUMMARY ***
Total pot $0.20 | Rake $0 
Seat 1: zokki123 folded before Flop (didn't bet)
Seat 2: dani_pl2 folded before Flop (didn't bet)
Seat 3: Autist18 folded before Flop (didn't bet)
Seat 4: abuelapoker folded before Flop (didn't bet)
Seat 5: Alameda22 (button) folded before Flop (didn't bet)
Seat 6: McBoltersen (small blind) folded before Flop
Seat 7: PokerDiddyLV (big blind) collected ($0.20)
Seat 9: soleada folded before Flop (didn't bet)



PokerStars Game #19973133026:  Hold'em No Limit ($0.10/$0.25) - 2008/08/28 - 18:39:05 (ET)
Table 'Cline' 9-max Seat #6 is the button
Seat 1: zokki123 ($24.65 in chips) 
Seat 2: dani_pl2 ($22.15 in chips) 
Seat 3: Autist18 ($25.75 in chips) 
Seat 4: abuelapoker ($6.30 in chips) 
Seat 5: Alameda22 ($29.65 in chips) 
Seat 6: McBoltersen ($22.35 in chips) 
Seat 7: PokerDiddyLV ($4.40 in chips) 
Seat 9: soleada ($5.35 in chips) 
PokerDiddyLV: posts small blind $0.10
soleada: posts big blind $0.25
*** HOLE CARDS ***
Dealt to Alameda22 [Qs 4s]
zokki123: folds 
dani_pl2: folds 
Autist18: folds 
abuelapoker: folds 
Alameda22: folds 
McBoltersen: raises $0.50 to $0.75
Autist18 leaves the table
PokerDiddyLV: folds 
soleada: calls $0.50
*** FLOP *** [3h 8h 8s]
soleada: checks 
McBoltersen: checks 
*** TURN *** [3h 8h 8s] [5c]
soleada: checks 
McBoltersen: checks 
*** RIVER *** [3h 8h 8s 5c] [Ts]
soleada: checks 
McBoltersen: bets $1
soleada: folds 
Uncalled bet ($1) returned to McBoltersen
McBoltersen collected $1.55 from pot
*** SUMMARY ***
Total pot $1.60 | Rake $0.05 
Board [3h 8h 8s 5c Ts]
Seat 1: zokki123 folded before Flop (didn't bet)
Seat 2: dani_pl2 folded before Flop (didn't bet)
Seat 3: Autist18 folded before Flop (didn't bet)
Seat 4: abuelapoker folded before Flop (didn't bet)
Seat 5: Alameda22 folded before Flop (didn't bet)
Seat 6: McBoltersen (button) collected ($1.55)
Seat 7: PokerDiddyLV (small blind) folded before Flop
Seat 9: soleada (big blind) folded on the River



PokerStars Game #19973154768:  Hold'em No Limit ($0.10/$0.25) - 2008/08/28 - 18:40:03 (ET)
Table 'Cline' 9-max Seat #7 is the button
Seat 1: zokki123 ($24.65 in chips) 
Seat 2: dani_pl2 ($22.15 in chips) 
Seat 4: abuelapoker ($6.30 in chips) 
Seat 5: Alameda22 ($29.65 in chips) 
Seat 6: McBoltersen ($23.15 in chips) 
Seat 7: PokerDiddyLV ($4.30 in chips) 
Seat 9: soleada ($4.60 in chips) 
soleada: posts small blind $0.10
zokki123: posts big blind $0.25
*** HOLE CARDS ***
Dealt to Alameda22 [3c Jh]
dani_pl2: folds 
abuelapoker: folds 
Alameda22: folds 
McBoltersen: folds 
PokerDiddyLV: raises $0.75 to $1
soleada: folds 
zokki123: calls $0.75
*** FLOP *** [5d 4h 8s]
zokki123: checks 
PokerDiddyLV: bets $0.75
zokki123: folds 
Uncalled bet ($0.75) returned to PokerDiddyLV
PokerDiddyLV collected $2 from pot
PokerDiddyLV: doesn't show hand 
*** SUMMARY ***
Total pot $2.10 | Rake $0.10 
Board [5d 4h 8s]
Seat 1: zokki123 (big blind) folded on the Flop
Seat 2: dani_pl2 folded before Flop (didn't bet)
Seat 4: abuelapoker folded before Flop (didn't bet)
Seat 5: Alameda22 folded before Flop (didn't bet)
Seat 6: McBoltersen folded before Flop (didn't bet)
Seat 7: PokerDiddyLV (button) collected ($2)
Seat 9: soleada (small blind) folded before Flop



PokerStars Game #19973177205:  Hold'em No Limit ($0.10/$0.25) - 2008/08/28 - 18:41:02 (ET)
Table 'Cline' 9-max Seat #9 is the button
Seat 1: zokki123 ($23.65 in chips) 
Seat 2: dani_pl2 ($22.15 in chips) 
Seat 4: abuelapoker ($6.30 in chips) 
Seat 5: Alameda22 ($29.65 in chips) 
Seat 6: McBoltersen ($23.15 in chips) 
Seat 7: PokerDiddyLV ($5.30 in chips) 
Seat 9: soleada ($4.50 in chips) 
zokki123: posts small blind $0.10
dani_pl2: posts big blind $0.25
*** HOLE CARDS ***
Dealt to Alameda22 [7d Kh]
abuelapoker: folds 
Alameda22: folds 
McBoltersen: folds 
PokerDiddyLV: raises $0.50 to $0.75
soleada: folds 
Picke1987 joins the table at seat #3 
zokki123: folds 
dani_pl2: folds 
Uncalled bet ($0.50) returned to PokerDiddyLV
PokerDiddyLV collected $0.60 from pot
PokerDiddyLV: doesn't show hand 
*** SUMMARY ***
Total pot $0.60 | Rake $0 
Seat 1: zokki123 (small blind) folded before Flop
Seat 2: dani_pl2 (big blind) folded before Flop
Seat 4: abuelapoker folded before Flop (didn't bet)
Seat 5: Alameda22 folded before Flop (didn't bet)
Seat 6: McBoltersen folded before Flop (didn't bet)
Seat 7: PokerDiddyLV collected ($0.60)
Seat 9: soleada (button) folded before Flop (didn't bet)



PokerStars Game #19973186945:  Hold'em No Limit ($0.10/$0.25) - 2008/08/28 - 18:41:28 (ET)
Table 'Cline' 9-max Seat #1 is the button
Seat 1: zokki123 ($23.55 in chips) 
Seat 2: dani_pl2 ($21.90 in chips) 
Seat 3: Picke1987 ($5 in chips) 
Seat 4: abuelapoker ($6.30 in chips) 
Seat 5: Alameda22 ($29.65 in chips) 
Seat 6: McBoltersen ($23.15 in chips) 
Seat 7: PokerDiddyLV ($5.65 in chips) 
Seat 9: soleada ($4.50 in chips) 
dani_pl2: posts small blind $0.10
Picke1987: posts big blind $0.25
*** HOLE CARDS ***
Dealt to Alameda22 [5s 8c]
abuelapoker: folds 
Alameda22: folds 
McBoltersen: folds 
PokerDiddyLV: folds 
soleada: folds 
zokki123: folds 
dani_pl2: folds 
Uncalled bet ($0.15) returned to Picke1987
Picke1987 collected $0.20 from pot
Picke1987: doesn't show hand 
*** SUMMARY ***
Total pot $0.20 | Rake $0 
Seat 1: zokki123 (button) folded before Flop (didn't bet)
Seat 2: dani_pl2 (small blind) folded before Flop
Seat 3: Picke1987 (big blind) collected ($0.20)
Seat 4: abuelapoker folded before Flop (didn't bet)
Seat 5: Alameda22 folded before Flop (didn't bet)
Seat 6: McBoltersen folded before Flop (didn't bet)
Seat 7: PokerDiddyLV folded before Flop (didn't bet)
Seat 9: soleada folded before Flop (didn't bet)



PokerStars Game #19973194825:  Hold'em No Limit ($0.10/$0.25) - 2008/08/28 - 18:41:49 (ET)
Table 'Cline' 9-max Seat #2 is the button
Seat 1: zokki123 ($23.55 in chips) 
Seat 2: dani_pl2 ($21.80 in chips) 
Seat 3: Picke1987 ($5.10 in chips) 
Seat 4: abuelapoker ($6.30 in chips) 
Seat 5: Alameda22 ($29.65 in chips) 
Seat 6: McBoltersen ($23.15 in chips) 
Seat 7: PokerDiddyLV ($5.65 in chips) 
Seat 9: soleada ($4.50 in chips) 
Picke1987: posts small blind $0.10
abuelapoker: posts big blind $0.25
*** HOLE CARDS ***
Dealt to Alameda22 [Tc 6s]
Alameda22: folds 
McBoltersen: folds 
PokerDiddyLV: raises $0.75 to $1
soleada: folds 
zokki123: folds 
dani_pl2: folds 
Picke1987: folds 
abuelapoker: folds 
Uncalled bet ($0.75) returned to PokerDiddyLV
PokerDiddyLV collected $0.60 from pot
PokerDiddyLV: doesn't show hand 
*** SUMMARY ***
Total pot $0.60 | Rake $0 
Seat 1: zokki123 folded before Flop (didn't bet)
Seat 2: dani_pl2 (button) folded before Flop (didn't bet)
Seat 3: Picke1987 (small blind) folded before Flop
Seat 4: abuelapoker (big blind) folded before Flop
Seat 5: Alameda22 folded before Flop (didn't bet)
Seat 6: McBoltersen folded before Flop (didn't bet)
Seat 7: PokerDiddyLV collected ($0.60)
Seat 9: soleada folded before Flop (didn't bet)



PokerStars Game #19973206400:  Hold'em No Limit ($0.10/$0.25) - 2008/08/28 - 18:42:20 (ET)
Table 'Cline' 9-max Seat #3 is the button
Seat 1: zokki123 ($23.55 in chips) 
Seat 2: dani_pl2 ($21.80 in chips) 
Seat 3: Picke1987 ($5 in chips) 
Seat 4: abuelapoker ($6.05 in chips) 
Seat 5: Alameda22 ($29.65 in chips) 
Seat 6: McBoltersen ($23.15 in chips) 
Seat 7: PokerDiddyLV ($6 in chips) 
Seat 9: soleada ($4.50 in chips) 
abuelapoker: posts small blind $0.10
Alameda22: posts big blind $0.25
*** HOLE CARDS ***
Dealt to Alameda22 [5s Jd]
McBoltersen: folds 
PokerDiddyLV: folds 
soleada: folds 
zokki123: folds 
dani_pl2: raises $0.75 to $1
Picke1987: folds 
abuelapoker: folds 
Alameda22: folds 
Uncalled bet ($0.75) returned to dani_pl2
dani_pl2 collected $0.60 from pot
*** SUMMARY ***
Total pot $0.60 | Rake $0 
Seat 1: zokki123 folded before Flop (didn't bet)
Seat 2: dani_pl2 collected ($0.60)
Seat 3: Picke1987 (button) folded before Flop (didn't bet)
Seat 4: abuelapoker (small blind) folded before Flop
Seat 5: Alameda22 (big blind) folded before Flop
Seat 6: McBoltersen folded before Flop (didn't bet)
Seat 7: PokerDiddyLV folded before Flop (didn't bet)
Seat 9: soleada folded before Flop (didn't bet)



PokerStars Game #19973227793:  Hold'em No Limit ($0.10/$0.25) - 2008/08/28 - 18:43:18 (ET)
Table 'Cline' 9-max Seat #4 is the button
Seat 1: zokki123 ($23.55 in chips) 
Seat 2: dani_pl2 ($22.15 in chips) 
Seat 3: Picke1987 ($5 in chips) 
Seat 4: abuelapoker ($5.95 in chips) 
Seat 5: Alameda22 ($29.40 in chips) 
Seat 6: McBoltersen ($23.15 in chips) 
Seat 7: PokerDiddyLV ($6 in chips) 
Seat 9: soleada ($4.50 in chips) 
Alameda22: posts small blind $0.10
McBoltersen: posts big blind $0.25
*** HOLE CARDS ***
Dealt to Alameda22 [4s Qh]
PokerDiddyLV: folds 
soleada: folds 
zokki123: folds 
dani_pl2: folds 
Picke1987: folds 
abuelapoker: folds 
Alameda22: folds 
Uncalled bet ($0.15) returned to McBoltersen
McBoltersen collected $0.20 from pot
*** SUMMARY ***
Total pot $0.20 | Rake $0 
Seat 1: zokki123 folded before Flop (didn't bet)
Seat 2: dani_pl2 folded before Flop (didn't bet)
Seat 3: Picke1987 folded before Flop (didn't bet)
Seat 4: abuelapoker (button) folded before Flop (didn't bet)
Seat 5: Alameda22 (small blind) folded before Flop
Seat 6: McBoltersen (big blind) collected ($0.20)
Seat 7: PokerDiddyLV folded before Flop (didn't bet)
Seat 9: soleada folded before Flop (didn't bet)



PokerStars Game #19973243335:  Hold'em No Limit ($0.10/$0.25) - 2008/08/28 - 18:43:59 (ET)
Table 'Cline' 9-max Seat #5 is the button
Seat 1: zokki123 ($23.55 in chips) 
Seat 2: dani_pl2 ($22.15 in chips) 
Seat 3: Picke1987 ($5 in chips) 
Seat 4: abuelapoker ($5.95 in chips) 
Seat 5: Alameda22 ($29.30 in chips) 
Seat 6: McBoltersen ($23.25 in chips) 
Seat 7: PokerDiddyLV ($6 in chips) 
Seat 9: soleada ($4.50 in chips) 
McBoltersen: posts small blind $0.10
PokerDiddyLV: posts big blind $0.25
*** HOLE CARDS ***
Dealt to Alameda22 [4h Js]
soleada: folds 
zokki123: folds 
dani_pl2: folds 
Picke1987: raises $0.75 to $1
abuelapoker: folds 
Alameda22: folds 
McBoltersen: folds 
PokerDiddyLV: folds 
Uncalled bet ($0.75) returned to Picke1987
Picke1987 collected $0.60 from pot
Picke1987: doesn't show hand 
*** SUMMARY ***
Total pot $0.60 | Rake $0 
Seat 1: zokki123 folded before Flop (didn't bet)
Seat 2: dani_pl2 folded before Flop (didn't bet)
Seat 3: Picke1987 collected ($0.60)
Seat 4: abuelapoker folded before Flop (didn't bet)
Seat 5: Alameda22 (button) folded before Flop (didn't bet)
Seat 6: McBoltersen (small blind) folded before Flop
Seat 7: PokerDiddyLV (big blind) folded before Flop
Seat 9: soleada folded before Flop (didn't bet)



PokerStars Game #19973260572:  Hold'em No Limit ($0.10/$0.25) - 2008/08/28 - 18:44:46 (ET)
Table 'Cline' 9-max Seat #6 is the button
Seat 1: zokki123 ($23.55 in chips) 
Seat 2: dani_pl2 ($22.15 in chips) 
Seat 3: Picke1987 ($5.35 in chips) 
Seat 4: abuelapoker ($5.95 in chips) 
Seat 5: Alameda22 ($29.30 in chips) 
Seat 6: McBoltersen ($23.15 in chips) 
Seat 7: PokerDiddyLV ($5.75 in chips) 
Seat 9: soleada ($4.50 in chips) 
PokerDiddyLV: posts small blind $0.10
soleada: posts big blind $0.25
*** HOLE CARDS ***
Dealt to Alameda22 [2d Jc]
zokki123: folds 
dani_pl2: folds 
Picke1987: folds 
abuelapoker: folds 
Alameda22: folds 
McBoltersen: calls $0.25
PokerDiddyLV: folds 
soleada: checks 
*** FLOP *** [Th 9c 2c]
soleada: checks 
McBoltersen: checks 
*** TURN *** [Th 9c 2c] [Qd]
soleada: bets $0.50
McBoltersen: calls $0.50
*** RIVER *** [Th 9c 2c Qd] [Kh]
soleada: checks 
McBoltersen: checks 
*** SHOW DOWN ***
soleada: shows [Qh 9s] (two pair, Queens and Nines)
McBoltersen: mucks hand 
soleada collected $1.55 from pot
*** SUMMARY ***
Total pot $1.60 | Rake $0.05 
Board [Th 9c 2c Qd Kh]
Seat 1: zokki123 folded before Flop (didn't bet)
Seat 2: dani_pl2 folded before Flop (didn't bet)
Seat 3: Picke1987 folded before Flop (didn't bet)
Seat 4: abuelapoker folded before Flop (didn't bet)
Seat 5: Alameda22 folded before Flop (didn't bet)
Seat 6: McBoltersen (button) mucked [Ac 8c]
Seat 7: PokerDiddyLV (small blind) folded before Flop
Seat 9: soleada (big blind) showed [Qh 9s] and won ($1.55) with two pair, Queens and Nines



PokerStars Game #19973287669:  Hold'em No Limit ($0.10/$0.25) - 2008/08/28 - 18:45:58 (ET)
Table 'Cline' 9-max Seat #7 is the button
Seat 1: zokki123 ($23.55 in chips) 
Seat 2: dani_pl2 ($22.15 in chips) 
Seat 3: Picke1987 ($5.35 in chips) 
Seat 4: abuelapoker ($5.95 in chips) 
Seat 5: Alameda22 ($29.30 in chips) 
Seat 6: McBoltersen ($22.40 in chips) 
Seat 7: PokerDiddyLV ($5.65 in chips) 
Seat 9: soleada ($5.30 in chips) 
soleada: posts small blind $0.10
zokki123: posts big blind $0.25
*** HOLE CARDS ***
Dealt to Alameda22 [9s 2d]
dani_pl2: folds 
Picke1987: folds 
abuelapoker: folds 
Alameda22: folds 
McBoltersen: folds 
PokerDiddyLV: folds 
soleada: raises $0.50 to $0.75
zokki123: raises $1.50 to $2.25
soleada: calls $1.50
*** FLOP *** [Ts 7s Qs]
soleada: bets $2.25
zokki123: raises $2.25 to $4.50
soleada: calls $0.80 and is all-in
Uncalled bet ($1.45) returned to zokki123
*** TURN *** [Ts 7s Qs] [8h]
*** RIVER *** [Ts 7s Qs 8h] [Jd]
*** SHOW DOWN ***
soleada: shows [Jh Kh] (a pair of Jacks)
zokki123: shows [Kc Ks] (a pair of Kings)
zokki123 collected $10.10 from pot
*** SUMMARY ***
Total pot $10.60 | Rake $0.50 
Board [Ts 7s Qs 8h Jd]
Seat 1: zokki123 (big blind) showed [Kc Ks] and won ($10.10) with a pair of Kings
Seat 2: dani_pl2 folded before Flop (didn't bet)
Seat 3: Picke1987 folded before Flop (didn't bet)
Seat 4: abuelapoker folded before Flop (didn't bet)
Seat 5: Alameda22 folded before Flop (didn't bet)
Seat 6: McBoltersen folded before Flop (didn't bet)
Seat 7: PokerDiddyLV (button) folded before Flop (didn't bet)
Seat 9: soleada (small blind) showed [Jh Kh] and lost with a pair of Jacks



PokerStars Game #19973312743:  Hold'em No Limit ($0.10/$0.25) - 2008/08/28 - 18:47:06 (ET)
Table 'Cline' 9-max Seat #1 is the button
Seat 1: zokki123 ($28.35 in chips) 
Seat 2: dani_pl2 ($22.15 in chips) 
Seat 3: Picke1987 ($5.35 in chips) 
Seat 4: abuelapoker ($5.95 in chips) 
Seat 5: Alameda22 ($29.30 in chips) 
Seat 6: McBoltersen ($22.40 in chips) 
Seat 7: PokerDiddyLV ($5.65 in chips) 
dani_pl2: posts small blind $0.10
Picke1987: posts big blind $0.25
*** HOLE CARDS ***
Dealt to Alameda22 [Ts 3c]
soleada leaves the table
abuelapoker: folds 
Alameda22: folds 
McBoltersen: folds 
PokerDiddyLV: folds 
zokki123: folds 
dani_pl2: calls $0.15
Picke1987: raises $0.75 to $1
dani_pl2: calls $0.75
*** FLOP *** [6c 3s 6d]
dani_pl2: checks 
Capt. Mario joins the table at seat #9 
Picke1987: bets $2
dani_pl2: folds 
Uncalled bet ($2) returned to Picke1987
Picke1987 collected $1.90 from pot
Picke1987: doesn't show hand 
*** SUMMARY ***
Total pot $2 | Rake $0.10 
Board [6c 3s 6d]
Seat 1: zokki123 (button) folded before Flop (didn't bet)
Seat 2: dani_pl2 (small blind) folded on the Flop
Seat 3: Picke1987 (big blind) collected ($1.90)
Seat 4: abuelapoker folded before Flop (didn't bet)
Seat 5: Alameda22 folded before Flop (didn't bet)
Seat 6: McBoltersen folded before Flop (didn't bet)
Seat 7: PokerDiddyLV folded before Flop (didn't bet)



PokerStars Game #19973330749:  Hold'em No Limit ($0.10/$0.25) - 2008/08/28 - 18:47:54 (ET)
Table 'Cline' 9-max Seat #2 is the button
Seat 1: zokki123 ($28.35 in chips) 
Seat 2: dani_pl2 ($21.15 in chips) 
Seat 3: Picke1987 ($6.25 in chips) 
Seat 4: abuelapoker ($5.95 in chips) 
Seat 5: Alameda22 ($29.30 in chips) 
Seat 6: McBoltersen ($22.40 in chips) 
Seat 7: PokerDiddyLV ($5.65 in chips) 
Picke1987: posts small blind $0.10
abuelapoker: posts big blind $0.25
Capt. Mario: sits out 
*** HOLE CARDS ***
Dealt to Alameda22 [6h 9c]
Alameda22: folds 
McBoltersen: folds 
PokerDiddyLV: folds 
zokki123: raises $0.75 to $1
dani_pl2: folds 
Picke1987: folds 
abuelapoker: folds 
Uncalled bet ($0.75) returned to zokki123
zokki123 collected $0.60 from pot
zokki123: doesn't show hand 
*** SUMMARY ***
Total pot $0.60 | Rake $0 
Seat 1: zokki123 collected ($0.60)
Seat 2: dani_pl2 (button) folded before Flop (didn't bet)
Seat 3: Picke1987 (small blind) folded before Flop
Seat 4: abuelapoker (big blind) folded before Flop
Seat 5: Alameda22 folded before Flop (didn't bet)
Seat 6: McBoltersen folded before Flop (didn't bet)
Seat 7: PokerDiddyLV folded before Flop (didn't bet)



PokerStars Game #19973340825:  Hold'em No Limit ($0.10/$0.25) - 2008/08/28 - 18:48:21 (ET)
Table 'Cline' 9-max Seat #3 is the button
Seat 1: zokki123 ($28.70 in chips) 
Seat 2: dani_pl2 ($21.15 in chips) 
Seat 3: Picke1987 ($6.15 in chips) 
Seat 4: abuelapoker ($5.70 in chips) 
Seat 5: Alameda22 ($29.30 in chips) 
Seat 6: McBoltersen ($22.40 in chips) 
Seat 7: PokerDiddyLV ($5.65 in chips) 
abuelapoker: posts small blind $0.10
Alameda22: posts big blind $0.25
Capt. Mario: sits out 
*** HOLE CARDS ***
Dealt to Alameda22 [9h Ts]
McBoltersen: folds 
PokerDiddyLV: folds 
zokki123: raises $0.75 to $1
dani_pl2: folds 
Picke1987: folds 
abuelapoker: folds 
Alameda22: folds 
Uncalled bet ($0.75) returned to zokki123
zokki123 collected $0.60 from pot
zokki123: doesn't show hand 
*** SUMMARY ***
Total pot $0.60 | Rake $0 
Seat 1: zokki123 collected ($0.60)
Seat 2: dani_pl2 folded before Flop (didn't bet)
Seat 3: Picke1987 (button) folded before Flop (didn't bet)
Seat 4: abuelapoker (small blind) folded before Flop
Seat 5: Alameda22 (big blind) folded before Flop
Seat 6: McBoltersen folded before Flop (didn't bet)
Seat 7: PokerDiddyLV folded before Flop (didn't bet)



PokerStars Game #19973369203:  Hold'em No Limit ($0.10/$0.25) - 2008/08/28 - 18:49:37 (ET)
Table 'Cline' 9-max Seat #4 is the button
Seat 1: zokki123 ($29.05 in chips) 
Seat 2: dani_pl2 ($21.15 in chips) 
Seat 3: Picke1987 ($6.15 in chips) 
Seat 4: abuelapoker ($5.60 in chips) 
Seat 5: Alameda22 ($29.05 in chips) 
Seat 6: McBoltersen ($22.40 in chips) 
Seat 7: PokerDiddyLV ($5.65 in chips) 
Alameda22: posts small blind $0.10
McBoltersen: posts big blind $0.25
Capt. Mario: sits out 
*** HOLE CARDS ***
Dealt to Alameda22 [As Ad]
PokerDiddyLV: folds 
zokki123: folds 
dani_pl2: calls $0.25
Picke1987: folds 
abuelapoker: folds 
Alameda22: raises $0.75 to $1
McBoltersen: folds 
dani_pl2: calls $0.75
*** FLOP *** [Ah 5c 7s]
Alameda22: bets $1.50
dani_pl2: folds 
Uncalled bet ($1.50) returned to Alameda22
Alameda22 collected $2.15 from pot
Alameda22: doesn't show hand 
*** SUMMARY ***
Total pot $2.25 | Rake $0.10 
Board [Ah 5c 7s]
Seat 1: zokki123 folded before Flop (didn't bet)
Seat 2: dani_pl2 folded on the Flop
Seat 3: Picke1987 folded before Flop (didn't bet)
Seat 4: abuelapoker (button) folded before Flop (didn't bet)
Seat 5: Alameda22 (small blind) collected ($2.15)
Seat 6: McBoltersen (big blind) folded before Flop
Seat 7: PokerDiddyLV folded before Flop (didn't bet)



PokerStars Game #19973389372:  Hold'em No Limit ($0.10/$0.25) - 2008/08/28 - 18:50:31 (ET)
Table 'Cline' 9-max Seat #5 is the button
Seat 1: zokki123 ($29.05 in chips) 
Seat 2: dani_pl2 ($20.15 in chips) 
Seat 3: Picke1987 ($6.15 in chips) 
Seat 4: abuelapoker ($5.60 in chips) 
Seat 5: Alameda22 ($30.20 in chips) 
Seat 6: McBoltersen ($22.15 in chips) 
Seat 7: PokerDiddyLV ($5.65 in chips) 
McBoltersen: posts small blind $0.10
PokerDiddyLV: posts big blind $0.25
Capt. Mario: sits out 
*** HOLE CARDS ***
Dealt to Alameda22 [3s Tc]
zokki123: raises $0.25 to $0.50
dani_pl2: calls $0.50
Picke1987: folds 
abuelapoker: folds 
Alameda22: folds 
McBoltersen: folds 
PokerDiddyLV: raises $2 to $2.50
zokki123: folds 
dani_pl2: folds 
Uncalled bet ($2) returned to PokerDiddyLV
PokerDiddyLV collected $1.60 from pot
PokerDiddyLV: doesn't show hand 
*** SUMMARY ***
Total pot $1.60 | Rake $0 
Seat 1: zokki123 folded before Flop
Seat 2: dani_pl2 folded before Flop
Seat 3: Picke1987 folded before Flop (didn't bet)
Seat 4: abuelapoker folded before Flop (didn't bet)
Seat 5: Alameda22 (button) folded before Flop (didn't bet)
Seat 6: McBoltersen (small blind) folded before Flop
Seat 7: PokerDiddyLV (big blind) collected ($1.60)



PokerStars Game #19973414758:  Hold'em No Limit ($0.10/$0.25) - 2008/08/28 - 18:51:40 (ET)
Table 'Cline' 9-max Seat #6 is the button
Seat 1: zokki123 ($28.55 in chips) 
Seat 2: dani_pl2 ($19.65 in chips) 
Seat 3: Picke1987 ($6.15 in chips) 
Seat 4: abuelapoker ($5.60 in chips) 
Seat 5: Alameda22 ($30.20 in chips) 
Seat 6: McBoltersen ($22.05 in chips) 
Seat 7: PokerDiddyLV ($6.75 in chips) 
Seat 9: Capt. Mario ($25 in chips) 
PokerDiddyLV: posts small blind $0.10
Capt. Mario: posts big blind $0.25
*** HOLE CARDS ***
Dealt to Alameda22 [Ks Ad]
zokki123: folds 
dani_pl2: folds 
Picke1987: folds 
abuelapoker: folds 
Alameda22: raises $0.50 to $0.75
McBoltersen: folds 
PokerDiddyLV: folds 
Capt. Mario: calls $0.50
*** FLOP *** [8d Tc 6d]
Capt. Mario: checks 
Alameda22: bets $1
Capt. Mario: calls $1
*** TURN *** [8d Tc 6d] [8c]
Capt. Mario: checks 
Alameda22: checks 
*** RIVER *** [8d Tc 6d 8c] [7c]
Capt. Mario: bets $2.50
Alameda22: folds 
Uncalled bet ($2.50) returned to Capt. Mario
Capt. Mario collected $3.45 from pot
Capt. Mario: doesn't show hand 
*** SUMMARY ***
Total pot $3.60 | Rake $0.15 
Board [8d Tc 6d 8c 7c]
Seat 1: zokki123 folded before Flop (didn't bet)
Seat 2: dani_pl2 folded before Flop (didn't bet)
Seat 3: Picke1987 folded before Flop (didn't bet)
Seat 4: abuelapoker folded before Flop (didn't bet)
Seat 5: Alameda22 folded on the River
Seat 6: McBoltersen (button) folded before Flop (didn't bet)
Seat 7: PokerDiddyLV (small blind) folded before Flop
Seat 9: Capt. Mario (big blind) collected ($3.45)



PokerStars Game #19973465650:  Hold'em No Limit ($0.10/$0.25) - 2008/08/28 - 18:53:57 (ET)
Table 'Cline' 9-max Seat #7 is the button
Seat 1: zokki123 ($28.55 in chips) 
Seat 2: dani_pl2 ($19.65 in chips) 
Seat 3: Picke1987 ($6.15 in chips) 
Seat 4: abuelapoker ($5.60 in chips) 
Seat 5: Alameda22 ($28.45 in chips) 
Seat 6: McBoltersen ($22.05 in chips) 
Seat 7: PokerDiddyLV ($6.65 in chips) 
Seat 9: Capt. Mario ($26.70 in chips) 
Capt. Mario: posts small blind $0.10
zokki123: posts big blind $0.25
*** HOLE CARDS ***
Dealt to Alameda22 [9d Jh]
dani_pl2: calls $0.25
Picke1987: folds 
abuelapoker: folds 
Alameda22: folds 
McBoltersen: folds 
PokerDiddyLV: folds 
Capt. Mario: folds 
zokki123: checks 
*** FLOP *** [7c 8s Qs]
zokki123: checks 
dani_pl2: checks 
*** TURN *** [7c 8s Qs] [5d]
zokki123: checks 
dani_pl2: bets $0.50
zokki123: calls $0.50
*** RIVER *** [7c 8s Qs 5d] [Ah]
zokki123: checks 
dani_pl2: checks 
*** SHOW DOWN ***
zokki123: shows [6s Kh] (high card Ace)
dani_pl2: shows [9h 9s] (a pair of Nines)
dani_pl2 collected $1.55 from pot
*** SUMMARY ***
Total pot $1.60 | Rake $0.05 
Board [7c 8s Qs 5d Ah]
Seat 1: zokki123 (big blind) showed [6s Kh] and lost with high card Ace
Seat 2: dani_pl2 showed [9h 9s] and won ($1.55) with a pair of Nines
Seat 3: Picke1987 folded before Flop (didn't bet)
Seat 4: abuelapoker folded before Flop (didn't bet)
Seat 5: Alameda22 folded before Flop (didn't bet)
Seat 6: McBoltersen folded before Flop (didn't bet)
Seat 7: PokerDiddyLV (button) folded before Flop (didn't bet)
Seat 9: Capt. Mario (small blind) folded before Flop



PokerStars Game #19973496500:  Hold'em No Limit ($0.10/$0.25) - 2008/08/28 - 18:55:21 (ET)
Table 'Cline' 9-max Seat #9 is the button
Seat 1: zokki123 ($27.80 in chips) 
Seat 2: dani_pl2 ($20.45 in chips) 
Seat 3: Picke1987 ($6.15 in chips) 
Seat 4: abuelapoker ($5.60 in chips) 
Seat 5: Alameda22 ($28.45 in chips) 
Seat 6: McBoltersen ($22.05 in chips) 
Seat 7: PokerDiddyLV ($6.65 in chips) 
Seat 9: Capt. Mario ($26.60 in chips) 
zokki123: posts small blind $0.10
dani_pl2: posts big blind $0.25
*** HOLE CARDS ***
Dealt to Alameda22 [Kc Ac]
Picke1987: folds 
abuelapoker: calls $0.25
Alameda22: raises $0.75 to $1
McBoltersen: folds 
PokerDiddyLV: folds 
Capt. Mario: calls $1
zokki123: folds 
dani_pl2: calls $0.75
abuelapoker: folds 
*** FLOP *** [5c 2d 3c]
dani_pl2: checks 
Alameda22: bets $2
Capt. Mario: raises $4 to $6
dani_pl2: raises $6 to $12
Alameda22: raises $15.45 to $27.45 and is all-in
Capt. Mario: folds 
dani_pl2: calls $7.45 and is all-in
Uncalled bet ($8) returned to Alameda22
*** TURN *** [5c 2d 3c] [8h]
*** RIVER *** [5c 2d 3c 8h] [Qc]
*** SHOW DOWN ***
dani_pl2: shows [4d 6d] (a straight, Deuce to Six)
Alameda22: shows [Kc Ac] (a flush, Ace high)
Alameda22 collected $45.85 from pot
dani_pl2 said, "OMG"
*** SUMMARY ***
Total pot $48.25 | Rake $2.40 
Board [5c 2d 3c 8h Qc]
Seat 1: zokki123 (small blind) folded before Flop
Seat 2: dani_pl2 (big blind) showed [4d 6d] and lost with a straight, Deuce to Six
Seat 3: Picke1987 folded before Flop (didn't bet)
Seat 4: abuelapoker folded before Flop
Seat 5: Alameda22 showed [Kc Ac] and won ($45.85) with a flush, Ace high
Seat 6: McBoltersen folded before Flop (didn't bet)
Seat 7: PokerDiddyLV folded before Flop (didn't bet)
Seat 9: Capt. Mario (button) folded on the Flop



PokerStars Game #19973528039:  Hold'em No Limit ($0.10/$0.25) - 2008/08/28 - 18:56:47 (ET)
Table 'Cline' 9-max Seat #1 is the button
Seat 1: zokki123 ($27.70 in chips) 
Seat 3: Picke1987 ($6.15 in chips) 
Seat 4: abuelapoker ($5.35 in chips) 
Seat 5: Alameda22 ($53.85 in chips) 
Seat 6: McBoltersen ($22.05 in chips) 
Seat 7: PokerDiddyLV ($6.65 in chips) 
Seat 9: Capt. Mario ($19.60 in chips) 
Picke1987: posts small blind $0.10
abuelapoker: posts big blind $0.25
*** HOLE CARDS ***
Dealt to Alameda22 [Ah 9h]
Alameda22: folds 
McBoltersen: folds 
Capt. Mario said, "lol"
Anaqua has returned
Anaqua is sitting out
PokerDiddyLV: folds 
Anaqua leaves the table
dani_pl2 leaves the table
Capt. Mario: raises $0.75 to $1
zokki123: folds 
Picke1987: raises $5.15 to $6.15 and is all-in
abuelapoker: folds 
Capt. Mario: folds 
Uncalled bet ($5.15) returned to Picke1987
Picke1987 collected $2.25 from pot
Picke1987: doesn't show hand 
*** SUMMARY ***
Total pot $2.25 | Rake $0 
Seat 1: zokki123 (button) folded before Flop (didn't bet)
Seat 3: Picke1987 (small blind) collected ($2.25)
Seat 4: abuelapoker (big blind) folded before Flop
Seat 5: Alameda22 folded before Flop (didn't bet)
Seat 6: McBoltersen folded before Flop (didn't bet)
Seat 7: PokerDiddyLV folded before Flop (didn't bet)
Seat 9: Capt. Mario folded before Flop



PokerStars Game #19973552612:  Hold'em No Limit ($0.10/$0.25) - 2008/08/28 - 18:57:53 (ET)
Table 'Cline' 9-max Seat #3 is the button
Seat 1: zokki123 ($27.70 in chips) 
Seat 3: Picke1987 ($7.40 in chips) 
Seat 4: abuelapoker ($5.10 in chips) 
Seat 5: Alameda22 ($53.85 in chips) 
Seat 6: McBoltersen ($22.05 in chips) 
Seat 7: PokerDiddyLV ($6.65 in chips) 
Seat 9: Capt. Mario ($25 in chips) 
abuelapoker: posts small blind $0.10
Alameda22: posts big blind $0.25
*** HOLE CARDS ***
Dealt to Alameda22 [Td 5c]
McBoltersen: folds 
PokerDiddyLV: folds 
Capt. Mario: calls $0.25
zokki123: folds 
Picke1987: folds 
abuelapoker: calls $0.15
Alameda22: checks 
*** FLOP *** [7c 6c 8h]
abuelapoker: bets $0.70
Alameda22: folds 
Capt. Mario: folds 
Uncalled bet ($0.70) returned to abuelapoker
abuelapoker collected $0.75 from pot
abuelapoker: doesn't show hand 
*** SUMMARY ***
Total pot $0.75 | Rake $0 
Board [7c 6c 8h]
Seat 1: zokki123 folded before Flop (didn't bet)
Seat 3: Picke1987 (button) folded before Flop (didn't bet)
Seat 4: abuelapoker (small blind) collected ($0.75)
Seat 5: Alameda22 (big blind) folded on the Flop
Seat 6: McBoltersen folded before Flop (didn't bet)
Seat 7: PokerDiddyLV folded before Flop (didn't bet)
Seat 9: Capt. Mario folded on the Flop



PokerStars Game #19973574046:  Hold'em No Limit ($0.10/$0.25) - 2008/08/28 - 18:58:52 (ET)
Table 'Cline' 9-max Seat #4 is the button
Seat 1: zokki123 ($27.70 in chips) 
Seat 3: Picke1987 ($7.40 in chips) 
Seat 4: abuelapoker ($5.60 in chips) 
Seat 5: Alameda22 ($53.60 in chips) 
Seat 6: McBoltersen ($22.05 in chips) 
Seat 7: PokerDiddyLV ($6.65 in chips) 
Seat 9: Capt. Mario ($24.75 in chips) 
Alameda22: posts small blind $0.10
McBoltersen: posts big blind $0.25
*** HOLE CARDS ***
Dealt to Alameda22 [5h 6s]
PokerDiddyLV: folds 
PokerDiddyLV leaves the table
Capt. Mario: folds 
zokki123: raises $0.25 to $0.50
Picke1987: folds 
abuelapoker: folds 
Alameda22: folds 
McBoltersen: folds 
Uncalled bet ($0.25) returned to zokki123
zokki123 collected $0.60 from pot
zokki123: doesn't show hand 
*** SUMMARY ***
Total pot $0.60 | Rake $0 
Seat 1: zokki123 collected ($0.60)
Seat 3: Picke1987 folded before Flop (didn't bet)
Seat 4: abuelapoker (button) folded before Flop (didn't bet)
Seat 5: Alameda22 (small blind) folded before Flop
Seat 6: McBoltersen (big blind) folded before Flop
Seat 7: PokerDiddyLV folded before Flop (didn't bet)
Seat 9: Capt. Mario folded before Flop (didn't bet)



PokerStars Game #19973584551:  Hold'em No Limit ($0.10/$0.25) - 2008/08/28 - 18:59:21 (ET)
Table 'Cline' 9-max Seat #5 is the button
Seat 1: zokki123 ($28.05 in chips) 
Seat 3: Picke1987 ($7.40 in chips) 
Seat 4: abuelapoker ($5.60 in chips) 
Seat 5: Alameda22 ($53.50 in chips) 
Seat 6: McBoltersen ($21.80 in chips) 
Seat 9: Capt. Mario ($24.75 in chips) 
McBoltersen: posts small blind $0.10
Capt. Mario: posts big blind $0.25
*** HOLE CARDS ***
Dealt to Alameda22 [7h Ah]
zokki123: folds 
Picke1987: raises $0.75 to $1
abuelapoker: folds 
Alameda22: folds 
McBoltersen: folds 
Capt. Mario: folds 
Uncalled bet ($0.75) returned to Picke1987
Picke1987 collected $0.60 from pot
Picke1987: doesn't show hand 
*** SUMMARY ***
Total pot $0.60 | Rake $0 
Seat 1: zokki123 folded before Flop (didn't bet)
Seat 3: Picke1987 collected ($0.60)
Seat 4: abuelapoker folded before Flop (didn't bet)
Seat 5: Alameda22 (button) folded before Flop (didn't bet)
Seat 6: McBoltersen (small blind) folded before Flop
Seat 9: Capt. Mario (big blind) folded before Flop



PokerStars Game #19973599933:  Hold'em No Limit ($0.10/$0.25) - 2008/08/28 - 19:00:01 (ET)
Table 'Cline' 9-max Seat #6 is the button
Seat 1: zokki123 ($28.05 in chips) 
Seat 3: Picke1987 ($7.75 in chips) 
Seat 4: abuelapoker ($5.60 in chips) 
Seat 5: Alameda22 ($53.50 in chips) 
Seat 6: McBoltersen ($21.70 in chips) 
Seat 9: Capt. Mario ($24.50 in chips) 
Capt. Mario: posts small blind $0.10
zokki123: posts big blind $0.25
*** HOLE CARDS ***
Dealt to Alameda22 [As 6s]
Picke1987: folds 
abuelapoker: folds 
Alameda22: folds 
McBoltersen: folds 
Capt. Mario: calls $0.15
zokki123: raises $0.50 to $0.75
Capt. Mario: calls $0.50
*** FLOP *** [3h 8d Ks]
Capt. Mario: checks 
zokki123: bets $0.75
Capt. Mario: calls $0.75
*** TURN *** [3h 8d Ks] [5s]
Capt. Mario: checks 
zokki123: bets $1.75
Capt. Mario: folds 
Uncalled bet ($1.75) returned to zokki123
zokki123 collected $2.90 from pot
zokki123: doesn't show hand 
*** SUMMARY ***
Total pot $3 | Rake $0.10 
Board [3h 8d Ks 5s]
Seat 1: zokki123 (big blind) collected ($2.90)
Seat 3: Picke1987 folded before Flop (didn't bet)
Seat 4: abuelapoker folded before Flop (didn't bet)
Seat 5: Alameda22 folded before Flop (didn't bet)
Seat 6: McBoltersen (button) folded before Flop (didn't bet)
Seat 9: Capt. Mario (small blind) folded on the Turn



PokerStars Game #19973619498:  Hold'em No Limit ($0.10/$0.25) - 2008/08/28 - 19:00:55 (ET)
Table 'Cline' 9-max Seat #9 is the button
Seat 1: zokki123 ($29.45 in chips) 
Seat 5: Alameda22 ($53.50 in chips) 
Seat 6: McBoltersen ($21.70 in chips) 
Seat 9: Capt. Mario ($23 in chips) 
zokki123: posts small blind $0.10
Picke1987: is sitting out 
Picke1987 leaves the table
abuelapoker: is sitting out 
abuelapoker leaves the table
Alameda22: posts big blind $0.25
*** HOLE CARDS ***
Dealt to Alameda22 [3c 5h]
McBoltersen: folds 
McBoltersen leaves the table
Capt. Mario: raises $0.75 to $1
zokki123: folds 
Alameda22: folds 
Uncalled bet ($0.75) returned to Capt. Mario
Capt. Mario collected $0.60 from pot
Capt. Mario: doesn't show hand 
*** SUMMARY ***
Total pot $0.60 | Rake $0 
Seat 1: zokki123 (small blind) folded before Flop
Seat 5: Alameda22 (big blind) folded before Flop
Seat 6: McBoltersen folded before Flop (didn't bet)
Seat 9: Capt. Mario (button) collected ($0.60)



PokerStars Game #19973637179:  Hold'em No Limit ($0.10/$0.25) - 2008/08/28 - 19:01:42 (ET)
Table 'Cline' 9-max Seat #5 is the button
Seat 1: zokki123 ($29.35 in chips) 
Seat 5: Alameda22 ($53.25 in chips) 
Alameda22: posts small blind $0.10
Capt. Mario: is sitting out 
Capt. Mario leaves the table
zokki123: posts big blind $0.25
*** HOLE CARDS ***
Dealt to Alameda22 [Ac 5c]
Alameda22: calls $0.15
stealurbike joins the table at seat #6 
zokki123: folds 
zokki123 leaves the table
Alameda22 collected $0.50 from pot
Alameda22: doesn't show hand 
*** SUMMARY ***
Total pot $0.50 | Rake $0 
Seat 1: zokki123 (big blind) folded before Flop
Seat 5: Alameda22 (button) (small blind) collected ($0.50)



