PokerStars Game #19903009706:  Hold'em No Limit ($0.10/$0.25) - 2008/08/25 - 23:20:03 (ET)
Table 'Sinon II' 9-max Seat #3 is the button
Seat 1: Alameda22 ($25 in chips) 
Seat 2: snorlax_zzz ($33 in chips) 
Seat 3: 2006 NY Mets ($13.40 in chips) 
Seat 4: indiestar ($12.20 in chips) 
Seat 5: Usurpov ($26.15 in chips) 
Seat 6: Rob CasinO ($16.10 in chips) 
Seat 7: wezvidzz ($30.50 in chips) 
Seat 8: ZlajaBuz ($11 in chips) 
Seat 9: NoahDeArc ($31.15 in chips) 
indiestar: posts small blind $0.10
Usurpov: posts big blind $0.25
Alameda22: posts big blind $0.25
*** HOLE CARDS ***
Dealt to Alameda22 [6d 9c]
Rob CasinO: calls $0.25
wezvidzz: calls $0.25
ZlajaBuz: folds 
NoahDeArc: calls $0.25
Alameda22: checks 
snorlax_zzz: calls $0.25
2006 NY Mets: folds 
indiestar: raises $1.75 to $2
Usurpov: folds 
Rob CasinO: folds 
wezvidzz: folds 
NoahDeArc: calls $1.75
Alameda22: folds 
snorlax_zzz: folds 
*** FLOP *** [3s Kc 5c]
indiestar: bets $0.25
NoahDeArc: raises $1.75 to $2
indiestar: raises $8.20 to $10.20 and is all-in
NoahDeArc: folds 
Uncalled bet ($8.20) returned to indiestar
indiestar collected $8.80 from pot
indiestar: doesn't show hand 
*** SUMMARY ***
Total pot $9.25 | Rake $0.45 
Board [3s Kc 5c]
Seat 1: Alameda22 folded before Flop
Seat 2: snorlax_zzz folded before Flop
Seat 3: 2006 NY Mets (button) folded before Flop (didn't bet)
Seat 4: indiestar (small blind) collected ($8.80)
Seat 5: Usurpov (big blind) folded before Flop
Seat 6: Rob CasinO folded before Flop
Seat 7: wezvidzz folded before Flop
Seat 8: ZlajaBuz folded before Flop (didn't bet)
Seat 9: NoahDeArc folded on the Flop



PokerStars Game #19903040919:  Hold'em No Limit ($0.10/$0.25) - 2008/08/25 - 23:21:34 (ET)
Table 'Sinon II' 9-max Seat #4 is the button
Seat 1: Alameda22 ($24.75 in chips) 
Seat 2: snorlax_zzz ($32.75 in chips) 
Seat 3: 2006 NY Mets ($13.40 in chips) 
Seat 4: indiestar ($17 in chips) 
Seat 5: Usurpov ($25.90 in chips) 
Seat 6: Rob CasinO ($15.85 in chips) 
Seat 7: wezvidzz ($30.25 in chips) 
Seat 8: ZlajaBuz ($11 in chips) 
Seat 9: NoahDeArc ($27.15 in chips) 
Usurpov: posts small blind $0.10
Rob CasinO: posts big blind $0.25
*** HOLE CARDS ***
Dealt to Alameda22 [3c 4d]
wezvidzz: folds 
wezvidzz leaves the table
ZlajaBuz: calls $0.25
NoahDeArc: folds 
Alameda22: folds 
snorlax_zzz: raises $0.75 to $1
2006 NY Mets: folds 
indiestar: calls $1
Usurpov: folds 
Rob CasinO: folds 
ZlajaBuz: calls $0.75
*** FLOP *** [Td 3s 7c]
ZlajaBuz: checks 
snorlax_zzz: checks 
indiestar: bets $1.75
ZlajaBuz: folds 
snorlax_zzz: folds 
Uncalled bet ($1.75) returned to indiestar
indiestar collected $3.20 from pot
indiestar: doesn't show hand 
*** SUMMARY ***
Total pot $3.35 | Rake $0.15 
Board [Td 3s 7c]
Seat 1: Alameda22 folded before Flop (didn't bet)
Seat 2: snorlax_zzz folded on the Flop
Seat 3: 2006 NY Mets folded before Flop (didn't bet)
Seat 4: indiestar (button) collected ($3.20)
Seat 5: Usurpov (small blind) folded before Flop
Seat 6: Rob CasinO (big blind) folded before Flop
Seat 7: wezvidzz folded before Flop (didn't bet)
Seat 8: ZlajaBuz folded on the Flop
Seat 9: NoahDeArc folded before Flop (didn't bet)



PokerStars Game #19903064209:  Hold'em No Limit ($0.10/$0.25) - 2008/08/25 - 23:22:42 (ET)
Table 'Sinon II' 9-max Seat #5 is the button
Seat 1: Alameda22 ($24.75 in chips) 
Seat 2: snorlax_zzz ($31.75 in chips) 
Seat 3: 2006 NY Mets ($13.40 in chips) 
Seat 4: indiestar ($19.20 in chips) 
Seat 5: Usurpov ($25.80 in chips) 
Seat 6: Rob CasinO ($15.60 in chips) 
Seat 8: ZlajaBuz ($10 in chips) 
Seat 9: NoahDeArc ($27.15 in chips) 
Rob CasinO: posts small blind $0.10
ZlajaBuz: posts big blind $0.25
*** HOLE CARDS ***
Dealt to Alameda22 [3h 4s]
NoahDeArc: folds 
Alameda22: folds 
snorlax_zzz: calls $0.25
2006 NY Mets: folds 
indiestar: calls $0.25
Usurpov: calls $0.25
tkfromvan joins the table at seat #7 
Rob CasinO: calls $0.15
ZlajaBuz: checks 
*** FLOP *** [6s 6h 8d]
Rob CasinO: checks 
ZlajaBuz: checks 
snorlax_zzz: bets $0.75
indiestar: calls $0.75
Usurpov: folds 
Rob CasinO: folds 
ZlajaBuz: calls $0.75
*** TURN *** [6s 6h 8d] [9c]
ZlajaBuz: checks 
snorlax_zzz: checks 
indiestar: bets $1.50
ZlajaBuz: folds 
snorlax_zzz: calls $1.50
*** RIVER *** [6s 6h 8d 9c] [Ks]
snorlax_zzz: checks 
indiestar: bets $2.25
snorlax_zzz: calls $2.25
*** SHOW DOWN ***
indiestar: shows [6c 7c] (three of a kind, Sixes)
snorlax_zzz: shows [Tc 6d] (three of a kind, Sixes - King+Ten kicker)
snorlax_zzz collected $10.50 from pot
*** SUMMARY ***
Total pot $11 | Rake $0.50 
Board [6s 6h 8d 9c Ks]
Seat 1: Alameda22 folded before Flop (didn't bet)
Seat 2: snorlax_zzz showed [Tc 6d] and won ($10.50) with three of a kind, Sixes
Seat 3: 2006 NY Mets folded before Flop (didn't bet)
Seat 4: indiestar showed [6c 7c] and lost with three of a kind, Sixes
Seat 5: Usurpov (button) folded on the Flop
Seat 6: Rob CasinO (small blind) folded on the Flop
Seat 8: ZlajaBuz (big blind) folded on the Turn
Seat 9: NoahDeArc folded before Flop (didn't bet)



PokerStars Game #19903092363:  Hold'em No Limit ($0.10/$0.25) - 2008/08/25 - 23:24:04 (ET)
Table 'Sinon II' 9-max Seat #6 is the button
Seat 1: Alameda22 ($24.75 in chips) 
Seat 2: snorlax_zzz ($37.50 in chips) 
Seat 3: 2006 NY Mets ($13.40 in chips) 
Seat 4: indiestar ($14.45 in chips) 
Seat 5: Usurpov ($25.55 in chips) 
Seat 6: Rob CasinO ($15.35 in chips) 
Seat 8: ZlajaBuz ($9 in chips) 
Seat 9: NoahDeArc ($27.15 in chips) 
tkfromvan will be allowed to play after the button
ZlajaBuz: posts small blind $0.10
NoahDeArc: posts big blind $0.25
*** HOLE CARDS ***
Dealt to Alameda22 [2c 5s]
Alameda22: folds 
snorlax_zzz: folds 
2006 NY Mets: folds 
indiestar: folds 
Usurpov: folds 
Rob CasinO: folds 
ZlajaBuz: calls $0.15
NoahDeArc: checks 
*** FLOP *** [8d As 8c]
ZlajaBuz: checks 
NoahDeArc: bets $0.50
ZlajaBuz: folds 
Uncalled bet ($0.50) returned to NoahDeArc
NoahDeArc collected $0.50 from pot
NoahDeArc: doesn't show hand 
*** SUMMARY ***
Total pot $0.50 | Rake $0 
Board [8d As 8c]
Seat 1: Alameda22 folded before Flop (didn't bet)
Seat 2: snorlax_zzz folded before Flop (didn't bet)
Seat 3: 2006 NY Mets folded before Flop (didn't bet)
Seat 4: indiestar folded before Flop (didn't bet)
Seat 5: Usurpov folded before Flop (didn't bet)
Seat 6: Rob CasinO (button) folded before Flop (didn't bet)
Seat 8: ZlajaBuz (small blind) folded on the Flop
Seat 9: NoahDeArc (big blind) collected ($0.50)



PokerStars Game #19903105093:  Hold'em No Limit ($0.10/$0.25) - 2008/08/25 - 23:24:42 (ET)
Table 'Sinon II' 9-max Seat #8 is the button
Seat 1: Alameda22 ($24.75 in chips) 
Seat 2: snorlax_zzz ($37.50 in chips) 
Seat 3: 2006 NY Mets ($13.40 in chips) 
Seat 4: indiestar ($14.45 in chips) 
Seat 5: Usurpov ($25.55 in chips) 
Seat 6: Rob CasinO ($15.35 in chips) 
Seat 7: tkfromvan ($25 in chips) 
Seat 8: ZlajaBuz ($8.75 in chips) 
Seat 9: NoahDeArc ($27.40 in chips) 
NoahDeArc: posts small blind $0.10
Alameda22: posts big blind $0.25
tkfromvan: posts big blind $0.25
*** HOLE CARDS ***
Dealt to Alameda22 [7h 3s]
snorlax_zzz: raises $0.50 to $0.75
2006 NY Mets: calls $0.75
indiestar: folds 
Usurpov: folds 
Rob CasinO: folds 
tkfromvan: folds 
ZlajaBuz: folds 
NoahDeArc: calls $0.65
Alameda22: folds 
*** FLOP *** [5s Kh 8h]
NoahDeArc: checks 
snorlax_zzz: bets $1.25
2006 NY Mets: folds 
NoahDeArc: folds 
Uncalled bet ($1.25) returned to snorlax_zzz
snorlax_zzz collected $2.65 from pot
snorlax_zzz: doesn't show hand 
*** SUMMARY ***
Total pot $2.75 | Rake $0.10 
Board [5s Kh 8h]
Seat 1: Alameda22 (big blind) folded before Flop
Seat 2: snorlax_zzz collected ($2.65)
Seat 3: 2006 NY Mets folded on the Flop
Seat 4: indiestar folded before Flop (didn't bet)
Seat 5: Usurpov folded before Flop (didn't bet)
Seat 6: Rob CasinO folded before Flop (didn't bet)
Seat 7: tkfromvan folded before Flop
Seat 8: ZlajaBuz (button) folded before Flop (didn't bet)
Seat 9: NoahDeArc (small blind) folded on the Flop



PokerStars Game #19903131386:  Hold'em No Limit ($0.10/$0.25) - 2008/08/25 - 23:26:01 (ET)
Table 'Sinon II' 9-max Seat #9 is the button
Seat 1: Alameda22 ($24.50 in chips) 
Seat 2: snorlax_zzz ($39.40 in chips) 
Seat 3: 2006 NY Mets ($12.65 in chips) 
Seat 4: indiestar ($14.45 in chips) 
Seat 5: Usurpov ($25.55 in chips) 
Seat 6: Rob CasinO ($15.35 in chips) 
Seat 7: tkfromvan ($24.75 in chips) 
Seat 8: ZlajaBuz ($8.75 in chips) 
Seat 9: NoahDeArc ($26.65 in chips) 
Alameda22: posts small blind $0.10
snorlax_zzz: posts big blind $0.25
*** HOLE CARDS ***
Dealt to Alameda22 [4h Qh]
2006 NY Mets: folds 
indiestar: folds 
Usurpov: folds 
Rob CasinO: folds 
tkfromvan: folds 
ZlajaBuz: calls $0.25
NoahDeArc: calls $0.25
Alameda22: folds 
snorlax_zzz: raises $1 to $1.25
ZlajaBuz: folds 
NoahDeArc: calls $1
*** FLOP *** [Qd 8h 5h]
snorlax_zzz: checks 
NoahDeArc: bets $2.75
snorlax_zzz: raises $4.25 to $7
NoahDeArc: folds 
Uncalled bet ($4.25) returned to snorlax_zzz
snorlax_zzz collected $7.95 from pot
snorlax_zzz: doesn't show hand 
*** SUMMARY ***
Total pot $8.35 | Rake $0.40 
Board [Qd 8h 5h]
Seat 1: Alameda22 (small blind) folded before Flop
Seat 2: snorlax_zzz (big blind) collected ($7.95)
Seat 3: 2006 NY Mets folded before Flop (didn't bet)
Seat 4: indiestar folded before Flop (didn't bet)
Seat 5: Usurpov folded before Flop (didn't bet)
Seat 6: Rob CasinO folded before Flop (didn't bet)
Seat 7: tkfromvan folded before Flop (didn't bet)
Seat 8: ZlajaBuz folded before Flop
Seat 9: NoahDeArc (button) folded on the Flop



PokerStars Game #19903154200:  Hold'em No Limit ($0.10/$0.25) - 2008/08/25 - 23:27:08 (ET)
Table 'Sinon II' 9-max Seat #1 is the button
Seat 1: Alameda22 ($24.40 in chips) 
Seat 2: snorlax_zzz ($43.35 in chips) 
Seat 3: 2006 NY Mets ($12.65 in chips) 
Seat 4: indiestar ($14.45 in chips) 
Seat 5: Usurpov ($25.55 in chips) 
Seat 6: Rob CasinO ($15.35 in chips) 
Seat 7: tkfromvan ($24.75 in chips) 
Seat 8: ZlajaBuz ($8.50 in chips) 
Seat 9: NoahDeArc ($22.65 in chips) 
snorlax_zzz: posts small blind $0.10
2006 NY Mets: posts big blind $0.25
*** HOLE CARDS ***
Dealt to Alameda22 [3c Th]
indiestar: calls $0.25
Usurpov: folds 
Rob CasinO: folds 
tkfromvan: raises $1 to $1.25
ZlajaBuz: calls $1.25
NoahDeArc: folds 
Alameda22: folds 
snorlax_zzz: folds 
2006 NY Mets: folds 
indiestar: calls $1
*** FLOP *** [5h 7h 4h]
indiestar: checks 
tkfromvan: bets $4
ZlajaBuz: raises $3.25 to $7.25 and is all-in
indiestar: folds 
indiestar is sitting out
tkfromvan: calls $3.25
*** TURN *** [5h 7h 4h] [9s]
*** RIVER *** [5h 7h 4h 9s] [Kc]
*** SHOW DOWN ***
tkfromvan: shows [Js Jd] (a pair of Jacks)
ZlajaBuz: mucks hand 
tkfromvan collected $17.70 from pot
indiestar leaves the table
*** SUMMARY ***
Total pot $18.60 | Rake $0.90 
Board [5h 7h 4h 9s Kc]
Seat 1: Alameda22 (button) folded before Flop (didn't bet)
Seat 2: snorlax_zzz (small blind) folded before Flop
Seat 3: 2006 NY Mets (big blind) folded before Flop
Seat 4: indiestar folded on the Flop
Seat 5: Usurpov folded before Flop (didn't bet)
Seat 6: Rob CasinO folded before Flop (didn't bet)
Seat 7: tkfromvan showed [Js Jd] and won ($17.70) with a pair of Jacks
Seat 8: ZlajaBuz mucked [Ac 2d]
Seat 9: NoahDeArc folded before Flop (didn't bet)



PokerStars Game #19903182809:  Hold'em No Limit ($0.10/$0.25) - 2008/08/25 - 23:28:33 (ET)
Table 'Sinon II' 9-max Seat #2 is the button
Seat 1: Alameda22 ($24.40 in chips) 
Seat 2: snorlax_zzz ($43.25 in chips) 
Seat 3: 2006 NY Mets ($22.40 in chips) 
Seat 5: Usurpov ($25.55 in chips) 
Seat 6: Rob CasinO ($15.35 in chips) 
Seat 7: tkfromvan ($33.95 in chips) 
Seat 9: NoahDeArc ($22.65 in chips) 
2006 NY Mets: posts small blind $0.10
Usurpov: posts big blind $0.25
*** HOLE CARDS ***
Dealt to Alameda22 [Js 4h]
Rob CasinO: folds 
tkfromvan: folds 
NoahDeArc: raises $0.50 to $0.75
Alameda22: folds 
snorlax_zzz: folds 
2006 NY Mets: folds 
Usurpov: folds 
Uncalled bet ($0.50) returned to NoahDeArc
LUCKYMONSTER joins the table at seat #4 
NoahDeArc collected $0.60 from pot
NoahDeArc: doesn't show hand 
*** SUMMARY ***
Total pot $0.60 | Rake $0 
Seat 1: Alameda22 folded before Flop (didn't bet)
Seat 2: snorlax_zzz (button) folded before Flop (didn't bet)
Seat 3: 2006 NY Mets (small blind) folded before Flop
Seat 5: Usurpov (big blind) folded before Flop
Seat 6: Rob CasinO folded before Flop (didn't bet)
Seat 7: tkfromvan folded before Flop (didn't bet)
Seat 9: NoahDeArc collected ($0.60)



PokerStars Game #19903197302:  Hold'em No Limit ($0.10/$0.25) - 2008/08/25 - 23:29:16 (ET)
Table 'Sinon II' 9-max Seat #3 is the button
Seat 1: Alameda22 ($24.40 in chips) 
Seat 2: snorlax_zzz ($43.25 in chips) 
Seat 3: 2006 NY Mets ($22.30 in chips) 
Seat 5: Usurpov ($25.30 in chips) 
Seat 6: Rob CasinO ($15.35 in chips) 
Seat 7: tkfromvan ($33.95 in chips) 
Seat 9: NoahDeArc ($23 in chips) 
LUCKYMONSTER will be allowed to play after the button
Usurpov: posts small blind $0.10
ZlajaBuz leaves the table
Rob CasinO: posts big blind $0.25
*** HOLE CARDS ***
Dealt to Alameda22 [6d 2d]
tkfromvan: folds 
NoahDeArc: folds 
Alameda22: folds 
snorlax_zzz: folds 
2006 NY Mets: calls $0.25
Usurpov: raises $1.25 to $1.50
Rob CasinO: folds 
2006 NY Mets: calls $1.25
*** FLOP *** [4h Ah Qh]
Usurpov: bets $2.50
2006 NY Mets: folds 
Uncalled bet ($2.50) returned to Usurpov
Usurpov collected $3.10 from pot
Usurpov: doesn't show hand 
WowSick joins the table at seat #8 
*** SUMMARY ***
Total pot $3.25 | Rake $0.15 
Board [4h Ah Qh]
Seat 1: Alameda22 folded before Flop (didn't bet)
Seat 2: snorlax_zzz folded before Flop (didn't bet)
Seat 3: 2006 NY Mets (button) folded on the Flop
Seat 5: Usurpov (small blind) collected ($3.10)
Seat 6: Rob CasinO (big blind) folded before Flop
Seat 7: tkfromvan folded before Flop (didn't bet)
Seat 9: NoahDeArc folded before Flop (didn't bet)



PokerStars Game #19903216835:  Hold'em No Limit ($0.10/$0.25) - 2008/08/25 - 23:30:15 (ET)
Table 'Sinon II' 9-max Seat #5 is the button
Seat 1: Alameda22 ($24.40 in chips) 
Seat 2: snorlax_zzz ($43.25 in chips) 
Seat 3: 2006 NY Mets ($20.80 in chips) 
Seat 4: LUCKYMONSTER ($25 in chips) 
Seat 5: Usurpov ($26.90 in chips) 
Seat 6: Rob CasinO ($15.10 in chips) 
Seat 7: tkfromvan ($33.95 in chips) 
Seat 8: WowSick ($25 in chips) 
Seat 9: NoahDeArc ($23 in chips) 
Rob CasinO: posts small blind $0.10
tkfromvan: posts big blind $0.25
WowSick: posts big blind $0.25
LUCKYMONSTER: posts big blind $0.25
*** HOLE CARDS ***
Dealt to Alameda22 [Jh 3c]
WowSick: checks 
NoahDeArc: folds 
Alameda22: folds 
snorlax_zzz: calls $0.25
2006 NY Mets: folds 
LUCKYMONSTER: raises $1.50 to $1.75
Usurpov: folds 
Rob CasinO: folds 
tkfromvan: folds 
WowSick: folds 
snorlax_zzz: folds 
Uncalled bet ($1.50) returned to LUCKYMONSTER
LUCKYMONSTER collected $1.10 from pot
LUCKYMONSTER: doesn't show hand 
*** SUMMARY ***
Total pot $1.10 | Rake $0 
Seat 1: Alameda22 folded before Flop (didn't bet)
Seat 2: snorlax_zzz folded before Flop
Seat 3: 2006 NY Mets folded before Flop (didn't bet)
Seat 4: LUCKYMONSTER collected ($1.10)
Seat 5: Usurpov (button) folded before Flop (didn't bet)
Seat 6: Rob CasinO (small blind) folded before Flop
Seat 7: tkfromvan (big blind) folded before Flop
Seat 8: WowSick folded before Flop
Seat 9: NoahDeArc folded before Flop (didn't bet)



PokerStars Game #19903240885:  Hold'em No Limit ($0.10/$0.25) - 2008/08/25 - 23:31:25 (ET)
Table 'Sinon II' 9-max Seat #6 is the button
Seat 1: Alameda22 ($24.40 in chips) 
Seat 2: snorlax_zzz ($43 in chips) 
Seat 3: 2006 NY Mets ($20.80 in chips) 
Seat 4: LUCKYMONSTER ($25.85 in chips) 
Seat 5: Usurpov ($26.90 in chips) 
Seat 6: Rob CasinO ($15 in chips) 
Seat 7: tkfromvan ($33.70 in chips) 
Seat 8: WowSick ($24.75 in chips) 
Seat 9: NoahDeArc ($23 in chips) 
tkfromvan: posts small blind $0.10
WowSick: posts big blind $0.25
*** HOLE CARDS ***
Dealt to Alameda22 [Ac 8c]
NoahDeArc: folds 
Alameda22: folds 
snorlax_zzz: folds 
2006 NY Mets: folds 
LUCKYMONSTER: folds 
Usurpov: folds 
Rob CasinO: folds 
tkfromvan: calls $0.15
WowSick: raises $0.50 to $0.75
tkfromvan: calls $0.50
*** FLOP *** [6d Ah 9c]
tkfromvan: bets $1
WowSick: raises $1.50 to $2.50
tkfromvan: folds 
Uncalled bet ($1.50) returned to WowSick
WowSick collected $3.35 from pot
WowSick: doesn't show hand 
*** SUMMARY ***
Total pot $3.50 | Rake $0.15 
Board [6d Ah 9c]
Seat 1: Alameda22 folded before Flop (didn't bet)
Seat 2: snorlax_zzz folded before Flop (didn't bet)
Seat 3: 2006 NY Mets folded before Flop (didn't bet)
Seat 4: LUCKYMONSTER folded before Flop (didn't bet)
Seat 5: Usurpov folded before Flop (didn't bet)
Seat 6: Rob CasinO (button) folded before Flop (didn't bet)
Seat 7: tkfromvan (small blind) folded on the Flop
Seat 8: WowSick (big blind) collected ($3.35)
Seat 9: NoahDeArc folded before Flop (didn't bet)



PokerStars Game #19903267622:  Hold'em No Limit ($0.10/$0.25) - 2008/08/25 - 23:32:45 (ET)
Table 'Sinon II' 9-max Seat #7 is the button
Seat 1: Alameda22 ($24.40 in chips) 
Seat 2: snorlax_zzz ($43 in chips) 
Seat 3: 2006 NY Mets ($20.80 in chips) 
Seat 4: LUCKYMONSTER ($25.85 in chips) 
Seat 5: Usurpov ($26.90 in chips) 
Seat 6: Rob CasinO ($15 in chips) 
Seat 7: tkfromvan ($31.95 in chips) 
Seat 8: WowSick ($26.35 in chips) 
Seat 9: NoahDeArc ($23 in chips) 
WowSick: posts small blind $0.10
NoahDeArc: posts big blind $0.25
*** HOLE CARDS ***
Dealt to Alameda22 [3c Tc]
Alameda22: folds 
snorlax_zzz: folds 
2006 NY Mets: folds 
LUCKYMONSTER: folds 
Usurpov: raises $0.50 to $0.75
Rob CasinO: calls $0.75
tkfromvan: folds 
WowSick: folds 
NoahDeArc: folds 
*** FLOP *** [5s Jh Kc]
Usurpov: bets $1.25
Rob CasinO: raises $1.25 to $2.50
Usurpov: calls $1.25
*** TURN *** [5s Jh Kc] [Th]
Usurpov: checks 
Rob CasinO: bets $1.75
Usurpov: calls $1.75
*** RIVER *** [5s Jh Kc Th] [9c]
Usurpov: checks 
Rob CasinO: checks 
*** SHOW DOWN ***
Usurpov: shows [As Jc] (a pair of Jacks)
Rob CasinO: shows [Js Kd] (two pair, Kings and Jacks)
Rob CasinO collected $9.85 from pot
*** SUMMARY ***
Total pot $10.35 | Rake $0.50 
Board [5s Jh Kc Th 9c]
Seat 1: Alameda22 folded before Flop (didn't bet)
Seat 2: snorlax_zzz folded before Flop (didn't bet)
Seat 3: 2006 NY Mets folded before Flop (didn't bet)
Seat 4: LUCKYMONSTER folded before Flop (didn't bet)
Seat 5: Usurpov showed [As Jc] and lost with a pair of Jacks
Seat 6: Rob CasinO showed [Js Kd] and won ($9.85) with two pair, Kings and Jacks
Seat 7: tkfromvan (button) folded before Flop (didn't bet)
Seat 8: WowSick (small blind) folded before Flop
Seat 9: NoahDeArc (big blind) folded before Flop



PokerStars Game #19903302246:  Hold'em No Limit ($0.10/$0.25) - 2008/08/25 - 23:34:27 (ET)
Table 'Sinon II' 9-max Seat #8 is the button
Seat 1: Alameda22 ($24.40 in chips) 
Seat 2: snorlax_zzz ($43 in chips) 
Seat 3: 2006 NY Mets ($20.80 in chips) 
Seat 4: LUCKYMONSTER ($25.85 in chips) 
Seat 5: Usurpov ($21.90 in chips) 
Seat 6: Rob CasinO ($19.85 in chips) 
Seat 7: tkfromvan ($31.95 in chips) 
Seat 8: WowSick ($26.25 in chips) 
Seat 9: NoahDeArc ($22.75 in chips) 
NoahDeArc: posts small blind $0.10
Alameda22: posts big blind $0.25
*** HOLE CARDS ***
Dealt to Alameda22 [4s 8d]
snorlax_zzz: raises $0.50 to $0.75
2006 NY Mets: calls $0.75
LUCKYMONSTER: folds 
Usurpov: folds 
Rob CasinO: folds 
tkfromvan: folds 
WowSick: folds 
NoahDeArc: calls $0.65
Alameda22: folds 
*** FLOP *** [3h Qs 2s]
NoahDeArc: checks 
snorlax_zzz: bets $1.50
2006 NY Mets: folds 
NoahDeArc: calls $1.50
*** TURN *** [3h Qs 2s] [9c]
NoahDeArc: checks 
snorlax_zzz: bets $3
NoahDeArc: calls $3
*** RIVER *** [3h Qs 2s 9c] [5h]
NoahDeArc: checks 
snorlax_zzz: checks 
*** SHOW DOWN ***
NoahDeArc: shows [Qc Ah] (a pair of Queens)
snorlax_zzz: mucks hand 
NoahDeArc collected $10.95 from pot
*** SUMMARY ***
Total pot $11.50 | Rake $0.55 
Board [3h Qs 2s 9c 5h]
Seat 1: Alameda22 (big blind) folded before Flop
Seat 2: snorlax_zzz mucked [Ks Qd]
Seat 3: 2006 NY Mets folded on the Flop
Seat 4: LUCKYMONSTER folded before Flop (didn't bet)
Seat 5: Usurpov folded before Flop (didn't bet)
Seat 6: Rob CasinO folded before Flop (didn't bet)
Seat 7: tkfromvan folded before Flop (didn't bet)
Seat 8: WowSick (button) folded before Flop (didn't bet)
Seat 9: NoahDeArc (small blind) showed [Qc Ah] and won ($10.95) with a pair of Queens



PokerStars Game #19903336622:  Hold'em No Limit ($0.10/$0.25) - 2008/08/25 - 23:36:09 (ET)
Table 'Sinon II' 9-max Seat #9 is the button
Seat 1: Alameda22 ($24.15 in chips) 
Seat 2: snorlax_zzz ($37.75 in chips) 
Seat 3: 2006 NY Mets ($20.05 in chips) 
Seat 4: LUCKYMONSTER ($25.85 in chips) 
Seat 5: Usurpov ($25 in chips) 
Seat 6: Rob CasinO ($19.85 in chips) 
Seat 7: tkfromvan ($31.95 in chips) 
Seat 8: WowSick ($26.25 in chips) 
Seat 9: NoahDeArc ($28.45 in chips) 
Alameda22: posts small blind $0.10
snorlax_zzz: posts big blind $0.25
*** HOLE CARDS ***
Dealt to Alameda22 [Qh Ac]
2006 NY Mets: folds 
LUCKYMONSTER: folds 
Usurpov: folds 
Rob CasinO: folds 
tkfromvan: folds 
WowSick: folds 
NoahDeArc: raises $0.50 to $0.75
Alameda22: raises $1.50 to $2.25
snorlax_zzz: folds 
NoahDeArc: folds 
Uncalled bet ($1.50) returned to Alameda22
Alameda22 collected $1.75 from pot
Alameda22: doesn't show hand 
*** SUMMARY ***
Total pot $1.75 | Rake $0 
Seat 1: Alameda22 (small blind) collected ($1.75)
Seat 2: snorlax_zzz (big blind) folded before Flop
Seat 3: 2006 NY Mets folded before Flop (didn't bet)
Seat 4: LUCKYMONSTER folded before Flop (didn't bet)
Seat 5: Usurpov folded before Flop (didn't bet)
Seat 6: Rob CasinO folded before Flop (didn't bet)
Seat 7: tkfromvan folded before Flop (didn't bet)
Seat 8: WowSick folded before Flop (didn't bet)
Seat 9: NoahDeArc (button) folded before Flop



PokerStars Game #19903350743:  Hold'em No Limit ($0.10/$0.25) - 2008/08/25 - 23:36:52 (ET)
Table 'Sinon II' 9-max Seat #1 is the button
Seat 1: Alameda22 ($25.15 in chips) 
Seat 2: snorlax_zzz ($37.50 in chips) 
Seat 3: 2006 NY Mets ($20.05 in chips) 
Seat 4: LUCKYMONSTER ($25.85 in chips) 
Seat 5: Usurpov ($25 in chips) 
Seat 6: Rob CasinO ($19.85 in chips) 
Seat 7: tkfromvan ($31.95 in chips) 
Seat 8: WowSick ($26.25 in chips) 
Seat 9: NoahDeArc ($27.70 in chips) 
snorlax_zzz: posts small blind $0.10
2006 NY Mets: posts big blind $0.25
*** HOLE CARDS ***
Dealt to Alameda22 [3h Ad]
LUCKYMONSTER: folds 
Usurpov: folds 
Rob CasinO: raises $0.50 to $0.75
tkfromvan: raises $1.25 to $2
WowSick: folds 
NoahDeArc: calls $2
Alameda22: folds 
snorlax_zzz: folds 
2006 NY Mets: folds 
Rob CasinO: folds 
*** FLOP *** [4c 5d Td]
tkfromvan: checks 
NoahDeArc: bets $4
tkfromvan: folds 
Uncalled bet ($4) returned to NoahDeArc
NoahDeArc collected $4.85 from pot
NoahDeArc: doesn't show hand 
*** SUMMARY ***
Total pot $5.10 | Rake $0.25 
Board [4c 5d Td]
Seat 1: Alameda22 (button) folded before Flop (didn't bet)
Seat 2: snorlax_zzz (small blind) folded before Flop
Seat 3: 2006 NY Mets (big blind) folded before Flop
Seat 4: LUCKYMONSTER folded before Flop (didn't bet)
Seat 5: Usurpov folded before Flop (didn't bet)
Seat 6: Rob CasinO folded before Flop
Seat 7: tkfromvan folded on the Flop
Seat 8: WowSick folded before Flop (didn't bet)
Seat 9: NoahDeArc collected ($4.85)



PokerStars Game #19903370687:  Hold'em No Limit ($0.10/$0.25) - 2008/08/25 - 23:37:53 (ET)
Table 'Sinon II' 9-max Seat #2 is the button
Seat 1: Alameda22 ($25.15 in chips) 
Seat 2: snorlax_zzz ($37.40 in chips) 
Seat 3: 2006 NY Mets ($19.80 in chips) 
Seat 4: LUCKYMONSTER ($25.85 in chips) 
Seat 5: Usurpov ($25 in chips) 
Seat 6: Rob CasinO ($19.10 in chips) 
Seat 7: tkfromvan ($29.95 in chips) 
Seat 8: WowSick ($26.25 in chips) 
Seat 9: NoahDeArc ($30.55 in chips) 
2006 NY Mets: posts small blind $0.10
LUCKYMONSTER: posts big blind $0.25
*** HOLE CARDS ***
Dealt to Alameda22 [6s Jd]
Usurpov: folds 
Rob CasinO: folds 
tkfromvan: raises $0.75 to $1
WowSick: folds 
NoahDeArc: folds 
Alameda22: folds 
snorlax_zzz: calls $1
2006 NY Mets: folds 
LUCKYMONSTER: folds 
*** FLOP *** [Kd Qs 4h]
tkfromvan: checks 
snorlax_zzz: bets $2
tkfromvan: folds 
Uncalled bet ($2) returned to snorlax_zzz
snorlax_zzz collected $2.25 from pot
snorlax_zzz: doesn't show hand 
*** SUMMARY ***
Total pot $2.35 | Rake $0.10 
Board [Kd Qs 4h]
Seat 1: Alameda22 folded before Flop (didn't bet)
Seat 2: snorlax_zzz (button) collected ($2.25)
Seat 3: 2006 NY Mets (small blind) folded before Flop
Seat 4: LUCKYMONSTER (big blind) folded before Flop
Seat 5: Usurpov folded before Flop (didn't bet)
Seat 6: Rob CasinO folded before Flop (didn't bet)
Seat 7: tkfromvan folded on the Flop
Seat 8: WowSick folded before Flop (didn't bet)
Seat 9: NoahDeArc folded before Flop (didn't bet)



PokerStars Game #19903389314:  Hold'em No Limit ($0.10/$0.25) - 2008/08/25 - 23:38:48 (ET)
Table 'Sinon II' 9-max Seat #3 is the button
Seat 1: Alameda22 ($25.15 in chips) 
Seat 2: snorlax_zzz ($38.65 in chips) 
Seat 3: 2006 NY Mets ($19.70 in chips) 
Seat 4: LUCKYMONSTER ($25.60 in chips) 
Seat 5: Usurpov ($25 in chips) 
Seat 6: Rob CasinO ($19.10 in chips) 
Seat 7: tkfromvan ($28.95 in chips) 
Seat 8: WowSick ($26.25 in chips) 
Seat 9: NoahDeArc ($30.55 in chips) 
LUCKYMONSTER: posts small blind $0.10
Usurpov: posts big blind $0.25
*** HOLE CARDS ***
Dealt to Alameda22 [Kh 8h]
Rob CasinO: calls $0.25
tkfromvan: folds 
WowSick: folds 
NoahDeArc: folds 
Alameda22: folds 
snorlax_zzz: folds 
2006 NY Mets: folds 
LUCKYMONSTER: folds 
Usurpov: checks 
*** FLOP *** [3c Th 9h]
Usurpov: bets $0.50
Rob CasinO: folds 
Uncalled bet ($0.50) returned to Usurpov
Usurpov collected $0.60 from pot
Usurpov: doesn't show hand 
*** SUMMARY ***
Total pot $0.60 | Rake $0 
Board [3c Th 9h]
Seat 1: Alameda22 folded before Flop (didn't bet)
Seat 2: snorlax_zzz folded before Flop (didn't bet)
Seat 3: 2006 NY Mets (button) folded before Flop (didn't bet)
Seat 4: LUCKYMONSTER (small blind) folded before Flop
Seat 5: Usurpov (big blind) collected ($0.60)
Seat 6: Rob CasinO folded on the Flop
Seat 7: tkfromvan folded before Flop (didn't bet)
Seat 8: WowSick folded before Flop (didn't bet)
Seat 9: NoahDeArc folded before Flop (didn't bet)



PokerStars Game #19903406330:  Hold'em No Limit ($0.10/$0.25) - 2008/08/25 - 23:39:40 (ET)
Table 'Sinon II' 9-max Seat #4 is the button
Seat 1: Alameda22 ($25.15 in chips) 
Seat 2: snorlax_zzz ($38.65 in chips) 
Seat 3: 2006 NY Mets ($19.70 in chips) 
Seat 4: LUCKYMONSTER ($25.50 in chips) 
Seat 5: Usurpov ($25.35 in chips) 
Seat 6: Rob CasinO ($18.85 in chips) 
Seat 7: tkfromvan ($28.95 in chips) 
Seat 8: WowSick ($26.25 in chips) 
Seat 9: NoahDeArc ($30.55 in chips) 
Usurpov: posts small blind $0.10
Rob CasinO: posts big blind $0.25
*** HOLE CARDS ***
Dealt to Alameda22 [Kd 2c]
tkfromvan: folds 
WowSick: folds 
NoahDeArc: folds 
Alameda22: folds 
snorlax_zzz: folds 
2006 NY Mets: calls $0.25
LUCKYMONSTER: folds 
Usurpov: folds 
Rob CasinO: checks 
*** FLOP *** [5d Qd 3h]
Rob CasinO: bets $0.50
2006 NY Mets: calls $0.50
*** TURN *** [5d Qd 3h] [Ad]
Rob CasinO: bets $0.75
2006 NY Mets: folds 
Uncalled bet ($0.75) returned to Rob CasinO
Rob CasinO collected $1.55 from pot
Rob CasinO: doesn't show hand 
*** SUMMARY ***
Total pot $1.60 | Rake $0.05 
Board [5d Qd 3h Ad]
Seat 1: Alameda22 folded before Flop (didn't bet)
Seat 2: snorlax_zzz folded before Flop (didn't bet)
Seat 3: 2006 NY Mets folded on the Turn
Seat 4: LUCKYMONSTER (button) folded before Flop (didn't bet)
Seat 5: Usurpov (small blind) folded before Flop
Seat 6: Rob CasinO (big blind) collected ($1.55)
Seat 7: tkfromvan folded before Flop (didn't bet)
Seat 8: WowSick folded before Flop (didn't bet)
Seat 9: NoahDeArc folded before Flop (didn't bet)



PokerStars Game #19903427339:  Hold'em No Limit ($0.10/$0.25) - 2008/08/25 - 23:40:44 (ET)
Table 'Sinon II' 9-max Seat #5 is the button
Seat 1: Alameda22 ($25.15 in chips) 
Seat 2: snorlax_zzz ($38.65 in chips) 
Seat 3: 2006 NY Mets ($18.95 in chips) 
Seat 4: LUCKYMONSTER ($25.50 in chips) 
Seat 5: Usurpov ($25.25 in chips) 
Seat 6: Rob CasinO ($19.65 in chips) 
Seat 7: tkfromvan ($28.95 in chips) 
Seat 8: WowSick ($26.25 in chips) 
Seat 9: NoahDeArc ($30.55 in chips) 
Rob CasinO: posts small blind $0.10
tkfromvan: posts big blind $0.25
*** HOLE CARDS ***
Dealt to Alameda22 [6d 7d]
WowSick: folds 
NoahDeArc: folds 
Alameda22: folds 
snorlax_zzz: folds 
2006 NY Mets: raises $0.75 to $1
LUCKYMONSTER: folds 
Usurpov: folds 
Rob CasinO: folds 
tkfromvan: folds 
Uncalled bet ($0.75) returned to 2006 NY Mets
2006 NY Mets collected $0.60 from pot
*** SUMMARY ***
Total pot $0.60 | Rake $0 
Seat 1: Alameda22 folded before Flop (didn't bet)
Seat 2: snorlax_zzz folded before Flop (didn't bet)
Seat 3: 2006 NY Mets collected ($0.60)
Seat 4: LUCKYMONSTER folded before Flop (didn't bet)
Seat 5: Usurpov (button) folded before Flop (didn't bet)
Seat 6: Rob CasinO (small blind) folded before Flop
Seat 7: tkfromvan (big blind) folded before Flop
Seat 8: WowSick folded before Flop (didn't bet)
Seat 9: NoahDeArc folded before Flop (didn't bet)



PokerStars Game #19903446987:  Hold'em No Limit ($0.10/$0.25) - 2008/08/25 - 23:41:44 (ET)
Table 'Sinon II' 9-max Seat #6 is the button
Seat 1: Alameda22 ($25.15 in chips) 
Seat 2: snorlax_zzz ($38.65 in chips) 
Seat 3: 2006 NY Mets ($19.30 in chips) 
Seat 4: LUCKYMONSTER ($25.50 in chips) 
Seat 5: Usurpov ($25.25 in chips) 
Seat 6: Rob CasinO ($19.55 in chips) 
Seat 7: tkfromvan ($28.70 in chips) 
Seat 8: WowSick ($26.25 in chips) 
Seat 9: NoahDeArc ($30.55 in chips) 
tkfromvan: posts small blind $0.10
WowSick: posts big blind $0.25
*** HOLE CARDS ***
Dealt to Alameda22 [2c As]
NoahDeArc: folds 
Alameda22: folds 
snorlax_zzz: folds 
2006 NY Mets: folds 
LUCKYMONSTER: raises $0.75 to $1
Usurpov: folds 
NoahDeArc leaves the table
Rob CasinO: folds 
tkfromvan: folds 
WowSick: folds 
Uncalled bet ($0.75) returned to LUCKYMONSTER
LUCKYMONSTER collected $0.60 from pot
LUCKYMONSTER: doesn't show hand 
*** SUMMARY ***
Total pot $0.60 | Rake $0 
Seat 1: Alameda22 folded before Flop (didn't bet)
Seat 2: snorlax_zzz folded before Flop (didn't bet)
Seat 3: 2006 NY Mets folded before Flop (didn't bet)
Seat 4: LUCKYMONSTER collected ($0.60)
Seat 5: Usurpov folded before Flop (didn't bet)
Seat 6: Rob CasinO (button) folded before Flop (didn't bet)
Seat 7: tkfromvan (small blind) folded before Flop
Seat 8: WowSick (big blind) folded before Flop
Seat 9: NoahDeArc folded before Flop (didn't bet)



PokerStars Game #19903460510:  Hold'em No Limit ($0.10/$0.25) - 2008/08/25 - 23:42:25 (ET)
Table 'Sinon II' 9-max Seat #7 is the button
Seat 1: Alameda22 ($25.15 in chips) 
Seat 2: snorlax_zzz ($38.65 in chips) 
Seat 3: 2006 NY Mets ($19.30 in chips) 
Seat 4: LUCKYMONSTER ($25.85 in chips) 
Seat 5: Usurpov ($25.25 in chips) 
Seat 6: Rob CasinO ($19.55 in chips) 
Seat 7: tkfromvan ($28.60 in chips) 
Seat 8: WowSick ($26 in chips) 
WowSick: posts small blind $0.10
Alameda22: posts big blind $0.25
*** HOLE CARDS ***
Dealt to Alameda22 [8h 3h]
snorlax_zzz: calls $0.25
2006 NY Mets: calls $0.25
LUCKYMONSTER: raises $1.25 to $1.50
Usurpov: folds 
Rob CasinO: folds 
tkfromvan: folds 
WowSick: folds 
Alameda22: folds 
snorlax_zzz: folds 
2006 NY Mets: folds 
Uncalled bet ($1.25) returned to LUCKYMONSTER
LUCKYMONSTER collected $1.10 from pot
LUCKYMONSTER: doesn't show hand 
*** SUMMARY ***
Total pot $1.10 | Rake $0 
Seat 1: Alameda22 (big blind) folded before Flop
Seat 2: snorlax_zzz folded before Flop
Seat 3: 2006 NY Mets folded before Flop
Seat 4: LUCKYMONSTER collected ($1.10)
Seat 5: Usurpov folded before Flop (didn't bet)
Seat 6: Rob CasinO folded before Flop (didn't bet)
Seat 7: tkfromvan (button) folded before Flop (didn't bet)
Seat 8: WowSick (small blind) folded before Flop



PokerStars Game #19903480529:  Hold'em No Limit ($0.10/$0.25) - 2008/08/25 - 23:43:26 (ET)
Table 'Sinon II' 9-max Seat #8 is the button
Seat 1: Alameda22 ($24.90 in chips) 
Seat 2: snorlax_zzz ($38.40 in chips) 
Seat 3: 2006 NY Mets ($19.05 in chips) 
Seat 4: LUCKYMONSTER ($26.70 in chips) 
Seat 5: Usurpov ($25.25 in chips) 
Seat 6: Rob CasinO ($19.55 in chips) 
Seat 7: tkfromvan ($28.60 in chips) 
Seat 8: WowSick ($25.90 in chips) 
Alameda22: posts small blind $0.10
snorlax_zzz: posts big blind $0.25
*** HOLE CARDS ***
Dealt to Alameda22 [Jc 6c]
2006 NY Mets: folds 
LUCKYMONSTER: folds 
Usurpov: folds 
Rob CasinO: folds 
tkfromvan: raises $0.75 to $1
WowSick: folds 
Alameda22: folds 
snorlax_zzz: folds 
Uncalled bet ($0.75) returned to tkfromvan
tkfromvan collected $0.60 from pot
tkfromvan: doesn't show hand 
*** SUMMARY ***
Total pot $0.60 | Rake $0 
Seat 1: Alameda22 (small blind) folded before Flop
Seat 2: snorlax_zzz (big blind) folded before Flop
Seat 3: 2006 NY Mets folded before Flop (didn't bet)
Seat 4: LUCKYMONSTER folded before Flop (didn't bet)
Seat 5: Usurpov folded before Flop (didn't bet)
Seat 6: Rob CasinO folded before Flop (didn't bet)
Seat 7: tkfromvan collected ($0.60)
Seat 8: WowSick (button) folded before Flop (didn't bet)



PokerStars Game #19903491297:  Hold'em No Limit ($0.10/$0.25) - 2008/08/25 - 23:43:58 (ET)
Table 'Sinon II' 9-max Seat #1 is the button
Seat 1: Alameda22 ($24.80 in chips) 
Seat 2: snorlax_zzz ($38.15 in chips) 
Seat 3: 2006 NY Mets ($19.05 in chips) 
Seat 4: LUCKYMONSTER ($26.70 in chips) 
Seat 5: Usurpov ($25.25 in chips) 
Seat 6: Rob CasinO ($19.55 in chips) 
Seat 7: tkfromvan ($28.95 in chips) 
Seat 8: WowSick ($25.90 in chips) 
snorlax_zzz: posts small blind $0.10
2006 NY Mets: posts big blind $0.25
*** HOLE CARDS ***
Dealt to Alameda22 [7d 8h]
LUCKYMONSTER: folds 
Usurpov: folds 
Rob CasinO: folds 
tkfromvan: folds 
WowSick: folds 
Alameda22: folds 
snorlax_zzz: raises $0.25 to $0.50
2006 NY Mets: calls $0.25
*** FLOP *** [3h 8s 6s]
snorlax_zzz: checks 
2006 NY Mets: checks 
*** TURN *** [3h 8s 6s] [Qh]
lexwilly joins the table at seat #9 
snorlax_zzz: bets $0.75
2006 NY Mets: calls $0.75
*** RIVER *** [3h 8s 6s Qh] [4d]
snorlax_zzz: bets $2
2006 NY Mets: calls $2
*** SHOW DOWN ***
snorlax_zzz: shows [Qs Js] (a pair of Queens)
2006 NY Mets: mucks hand 
snorlax_zzz collected $6.20 from pot
*** SUMMARY ***
Total pot $6.50 | Rake $0.30 
Board [3h 8s 6s Qh 4d]
Seat 1: Alameda22 (button) folded before Flop (didn't bet)
Seat 2: snorlax_zzz (small blind) showed [Qs Js] and won ($6.20) with a pair of Queens
Seat 3: 2006 NY Mets (big blind) mucked [9h As]
Seat 4: LUCKYMONSTER folded before Flop (didn't bet)
Seat 5: Usurpov folded before Flop (didn't bet)
Seat 6: Rob CasinO folded before Flop (didn't bet)
Seat 7: tkfromvan folded before Flop (didn't bet)
Seat 8: WowSick folded before Flop (didn't bet)



PokerStars Game #19903517729:  Hold'em No Limit ($0.10/$0.25) - 2008/08/25 - 23:45:19 (ET)
Table 'Sinon II' 9-max Seat #2 is the button
Seat 1: Alameda22 ($24.80 in chips) 
Seat 2: snorlax_zzz ($41.10 in chips) 
Seat 3: 2006 NY Mets ($15.80 in chips) 
Seat 4: LUCKYMONSTER ($26.70 in chips) 
Seat 5: Usurpov ($25.25 in chips) 
Seat 6: Rob CasinO ($19.55 in chips) 
Seat 7: tkfromvan ($28.95 in chips) 
Seat 8: WowSick ($25.90 in chips) 
2006 NY Mets: posts small blind $0.10
LUCKYMONSTER: posts big blind $0.25
lexwilly: sits out 
*** HOLE CARDS ***
Dealt to Alameda22 [3c 2h]
Usurpov: raises $0.75 to $1
Rob CasinO: folds 
tkfromvan: folds 
WowSick: folds 
Alameda22: folds 
snorlax_zzz: calls $1
2006 NY Mets: calls $0.90
LUCKYMONSTER: folds 
*** FLOP *** [2s Kc Ks]
2006 NY Mets: checks 
Usurpov: bets $1.50
snorlax_zzz: folds 
2006 NY Mets: folds 
Uncalled bet ($1.50) returned to Usurpov
Usurpov collected $3.10 from pot
Usurpov: doesn't show hand 
*** SUMMARY ***
Total pot $3.25 | Rake $0.15 
Board [2s Kc Ks]
Seat 1: Alameda22 folded before Flop (didn't bet)
Seat 2: snorlax_zzz (button) folded on the Flop
Seat 3: 2006 NY Mets (small blind) folded on the Flop
Seat 4: LUCKYMONSTER (big blind) folded before Flop
Seat 5: Usurpov collected ($3.10)
Seat 6: Rob CasinO folded before Flop (didn't bet)
Seat 7: tkfromvan folded before Flop (didn't bet)
Seat 8: WowSick folded before Flop (didn't bet)



PokerStars Game #19903534001:  Hold'em No Limit ($0.10/$0.25) - 2008/08/25 - 23:46:10 (ET)
Table 'Sinon II' 9-max Seat #3 is the button
Seat 1: Alameda22 ($24.80 in chips) 
Seat 2: snorlax_zzz ($40.10 in chips) 
Seat 3: 2006 NY Mets ($14.80 in chips) 
Seat 4: LUCKYMONSTER ($26.45 in chips) 
Seat 5: Usurpov ($27.35 in chips) 
Seat 6: Rob CasinO ($19.55 in chips) 
Seat 7: tkfromvan ($28.95 in chips) 
Seat 8: WowSick ($25.90 in chips) 
LUCKYMONSTER: posts small blind $0.10
Usurpov: posts big blind $0.25
lexwilly: sits out 
*** HOLE CARDS ***
Dealt to Alameda22 [5h Ts]
Rob CasinO: calls $0.25
tkfromvan: folds 
WowSick: folds 
Alameda22: folds 
snorlax_zzz: raises $1 to $1.25
2006 NY Mets: folds 
LUCKYMONSTER: folds 
Usurpov: folds 
Rob CasinO: folds 
Uncalled bet ($1) returned to snorlax_zzz
snorlax_zzz collected $0.85 from pot
snorlax_zzz: doesn't show hand 
*** SUMMARY ***
Total pot $0.85 | Rake $0 
Seat 1: Alameda22 folded before Flop (didn't bet)
Seat 2: snorlax_zzz collected ($0.85)
Seat 3: 2006 NY Mets (button) folded before Flop (didn't bet)
Seat 4: LUCKYMONSTER (small blind) folded before Flop
Seat 5: Usurpov (big blind) folded before Flop
Seat 6: Rob CasinO folded before Flop
Seat 7: tkfromvan folded before Flop (didn't bet)
Seat 8: WowSick folded before Flop (didn't bet)



PokerStars Game #19903544857:  Hold'em No Limit ($0.10/$0.25) - 2008/08/25 - 23:46:43 (ET)
Table 'Sinon II' 9-max Seat #4 is the button
Seat 1: Alameda22 ($24.80 in chips) 
Seat 2: snorlax_zzz ($40.70 in chips) 
Seat 3: 2006 NY Mets ($14.80 in chips) 
Seat 4: LUCKYMONSTER ($26.35 in chips) 
Seat 5: Usurpov ($27.10 in chips) 
Seat 6: Rob CasinO ($19.30 in chips) 
Seat 7: tkfromvan ($28.95 in chips) 
Seat 8: WowSick ($25.90 in chips) 
Usurpov: posts small blind $0.10
Rob CasinO: posts big blind $0.25
lexwilly: sits out 
*** HOLE CARDS ***
Dealt to Alameda22 [6d 7h]
tkfromvan: folds 
WowSick: raises $0.75 to $1
Alameda22: folds 
snorlax_zzz: folds 
2006 NY Mets: folds 
LUCKYMONSTER: folds 
Usurpov: folds 
Rob CasinO: folds 
Uncalled bet ($0.75) returned to WowSick
WowSick collected $0.60 from pot
WowSick: doesn't show hand 
*** SUMMARY ***
Total pot $0.60 | Rake $0 
Seat 1: Alameda22 folded before Flop (didn't bet)
Seat 2: snorlax_zzz folded before Flop (didn't bet)
Seat 3: 2006 NY Mets folded before Flop (didn't bet)
Seat 4: LUCKYMONSTER (button) folded before Flop (didn't bet)
Seat 5: Usurpov (small blind) folded before Flop
Seat 6: Rob CasinO (big blind) folded before Flop
Seat 7: tkfromvan folded before Flop (didn't bet)
Seat 8: WowSick collected ($0.60)



PokerStars Game #19903557870:  Hold'em No Limit ($0.10/$0.25) - 2008/08/25 - 23:47:23 (ET)
Table 'Sinon II' 9-max Seat #5 is the button
Seat 1: Alameda22 ($24.80 in chips) 
Seat 2: snorlax_zzz ($40.70 in chips) 
Seat 3: 2006 NY Mets ($14.80 in chips) 
Seat 4: LUCKYMONSTER ($26.35 in chips) 
Seat 5: Usurpov ($27 in chips) 
Seat 6: Rob CasinO ($19.05 in chips) 
Seat 7: tkfromvan ($28.95 in chips) 
Seat 8: WowSick ($26.25 in chips) 
Rob CasinO: posts small blind $0.10
tkfromvan: posts big blind $0.25
lexwilly: sits out 
*** HOLE CARDS ***
Dealt to Alameda22 [5h Qc]
WowSick: folds 
Alameda22: folds 
snorlax_zzz: folds 
2006 NY Mets: calls $0.25
LUCKYMONSTER: folds 
Usurpov: folds 
Rob CasinO: calls $0.15
tkfromvan: checks 
*** FLOP *** [3d 8s 4s]
Rob CasinO: checks 
tkfromvan: bets $0.75
2006 NY Mets: folds 
Rob CasinO: folds 
Uncalled bet ($0.75) returned to tkfromvan
tkfromvan collected $0.75 from pot
tkfromvan: doesn't show hand 
*** SUMMARY ***
Total pot $0.75 | Rake $0 
Board [3d 8s 4s]
Seat 1: Alameda22 folded before Flop (didn't bet)
Seat 2: snorlax_zzz folded before Flop (didn't bet)
Seat 3: 2006 NY Mets folded on the Flop
Seat 4: LUCKYMONSTER folded before Flop (didn't bet)
Seat 5: Usurpov (button) folded before Flop (didn't bet)
Seat 6: Rob CasinO (small blind) folded on the Flop
Seat 7: tkfromvan (big blind) collected ($0.75)
Seat 8: WowSick folded before Flop (didn't bet)



PokerStars Game #19903570030:  Hold'em No Limit ($0.10/$0.25) - 2008/08/25 - 23:48:01 (ET)
Table 'Sinon II' 9-max Seat #6 is the button
Seat 1: Alameda22 ($24.80 in chips) 
Seat 2: snorlax_zzz ($40.70 in chips) 
Seat 3: 2006 NY Mets ($14.55 in chips) 
Seat 4: LUCKYMONSTER ($26.35 in chips) 
Seat 5: Usurpov ($27 in chips) 
Seat 6: Rob CasinO ($18.80 in chips) 
Seat 7: tkfromvan ($29.45 in chips) 
Seat 8: WowSick ($26.25 in chips) 
tkfromvan: posts small blind $0.10
WowSick: posts big blind $0.25
lexwilly: sits out 
*** HOLE CARDS ***
Dealt to Alameda22 [Jh 3s]
Alameda22: folds 
snorlax_zzz: raises $1 to $1.25
2006 NY Mets: folds 
LUCKYMONSTER: folds 
Usurpov: folds 
Rob CasinO: folds 
tkfromvan: folds 
WowSick: folds 
Uncalled bet ($1) returned to snorlax_zzz
snorlax_zzz collected $0.60 from pot
snorlax_zzz: doesn't show hand 
*** SUMMARY ***
Total pot $0.60 | Rake $0 
Seat 1: Alameda22 folded before Flop (didn't bet)
Seat 2: snorlax_zzz collected ($0.60)
Seat 3: 2006 NY Mets folded before Flop (didn't bet)
Seat 4: LUCKYMONSTER folded before Flop (didn't bet)
Seat 5: Usurpov folded before Flop (didn't bet)
Seat 6: Rob CasinO (button) folded before Flop (didn't bet)
Seat 7: tkfromvan (small blind) folded before Flop
Seat 8: WowSick (big blind) folded before Flop



PokerStars Game #19903579435:  Hold'em No Limit ($0.10/$0.25) - 2008/08/25 - 23:48:30 (ET)
Table 'Sinon II' 9-max Seat #7 is the button
Seat 1: Alameda22 ($24.80 in chips) 
Seat 2: snorlax_zzz ($41.05 in chips) 
Seat 3: 2006 NY Mets ($14.55 in chips) 
Seat 4: LUCKYMONSTER ($26.35 in chips) 
Seat 5: Usurpov ($27 in chips) 
Seat 6: Rob CasinO ($18.80 in chips) 
Seat 7: tkfromvan ($29.35 in chips) 
Seat 8: WowSick ($26 in chips) 
Seat 9: lexwilly ($25 in chips) 
WowSick: posts small blind $0.10
lexwilly: posts big blind $0.25
*** HOLE CARDS ***
Dealt to Alameda22 [Jh 2c]
Alameda22: folds 
snorlax_zzz: folds 
2006 NY Mets: calls $0.25
LUCKYMONSTER: folds 
Usurpov: raises $1 to $1.25
Rob CasinO: folds 
tkfromvan: folds 
WowSick: folds 
lexwilly: folds 
2006 NY Mets: calls $1
*** FLOP *** [Ks 7h 2h]
2006 NY Mets: checks 
tkfromvan leaves the table
Usurpov: bets $1.75
2006 NY Mets: calls $1.75
*** TURN *** [Ks 7h 2h] [3d]
2006 NY Mets: checks 
Usurpov: checks 
*** RIVER *** [Ks 7h 2h 3d] [Ac]
2006 NY Mets: checks 
Usurpov: bets $3.50
2006 NY Mets: folds 
Uncalled bet ($3.50) returned to Usurpov
Usurpov collected $6.05 from pot
Usurpov: doesn't show hand 
*** SUMMARY ***
Total pot $6.35 | Rake $0.30 
Board [Ks 7h 2h 3d Ac]
Seat 1: Alameda22 folded before Flop (didn't bet)
Seat 2: snorlax_zzz folded before Flop (didn't bet)
Seat 3: 2006 NY Mets folded on the River
Seat 4: LUCKYMONSTER folded before Flop (didn't bet)
Seat 5: Usurpov collected ($6.05)
Seat 6: Rob CasinO folded before Flop (didn't bet)
Seat 7: tkfromvan (button) folded before Flop (didn't bet)
Seat 8: WowSick (small blind) folded before Flop
Seat 9: lexwilly (big blind) folded before Flop



PokerStars Game #19903604708:  Hold'em No Limit ($0.10/$0.25) - 2008/08/25 - 23:49:49 (ET)
Table 'Sinon II' 9-max Seat #8 is the button
Seat 1: Alameda22 ($24.80 in chips) 
Seat 2: snorlax_zzz ($41.05 in chips) 
Seat 3: 2006 NY Mets ($11.55 in chips) 
Seat 4: LUCKYMONSTER ($26.35 in chips) 
Seat 5: Usurpov ($30.05 in chips) 
Seat 6: Rob CasinO ($18.80 in chips) 
Seat 8: WowSick ($25.90 in chips) 
Seat 9: lexwilly ($24.75 in chips) 
lexwilly: posts small blind $0.10
Alameda22: posts big blind $0.25
*** HOLE CARDS ***
Dealt to Alameda22 [9s As]
snorlax_zzz: raises $0.50 to $0.75
2006 NY Mets: folds 
LUCKYMONSTER: folds 
Usurpov: folds 
Rob CasinO: folds 
WowSick: folds 
lexwilly: raises $2 to $2.75
Alameda22: folds 
snorlax_zzz: folds 
Uncalled bet ($2) returned to lexwilly
lexwilly collected $1.75 from pot
lexwilly: doesn't show hand 
*** SUMMARY ***
Total pot $1.75 | Rake $0 
Seat 1: Alameda22 (big blind) folded before Flop
Seat 2: snorlax_zzz folded before Flop
Seat 3: 2006 NY Mets folded before Flop (didn't bet)
Seat 4: LUCKYMONSTER folded before Flop (didn't bet)
Seat 5: Usurpov folded before Flop (didn't bet)
Seat 6: Rob CasinO folded before Flop (didn't bet)
Seat 8: WowSick (button) folded before Flop (didn't bet)
Seat 9: lexwilly (small blind) collected ($1.75)



PokerStars Game #19903621385:  Hold'em No Limit ($0.10/$0.25) - 2008/08/25 - 23:50:42 (ET)
Table 'Sinon II' 9-max Seat #9 is the button
Seat 1: Alameda22 ($24.55 in chips) 
Seat 2: snorlax_zzz ($40.30 in chips) 
Seat 3: 2006 NY Mets ($11.55 in chips) 
Seat 4: LUCKYMONSTER ($26.35 in chips) 
Seat 5: Usurpov ($30.05 in chips) 
Seat 6: Rob CasinO ($18.80 in chips) 
Seat 8: WowSick ($25.90 in chips) 
Seat 9: lexwilly ($25.75 in chips) 
Alameda22: posts small blind $0.10
snorlax_zzz: posts big blind $0.25
*** HOLE CARDS ***
Dealt to Alameda22 [6c 4d]
2006 NY Mets: folds 
LUCKYMONSTER: folds 
Usurpov: folds 
Rob CasinO: calls $0.25
WowSick: folds 
lexwilly: folds 
Alameda22: folds 
snorlax_zzz: checks 
*** FLOP *** [9d 3s 5d]
snorlax_zzz: bets $0.50
Rob CasinO: folds 
Uncalled bet ($0.50) returned to snorlax_zzz
snorlax_zzz collected $0.60 from pot
snorlax_zzz: doesn't show hand 
*** SUMMARY ***
Total pot $0.60 | Rake $0 
Board [9d 3s 5d]
Seat 1: Alameda22 (small blind) folded before Flop
Seat 2: snorlax_zzz (big blind) collected ($0.60)
Seat 3: 2006 NY Mets folded before Flop (didn't bet)
Seat 4: LUCKYMONSTER folded before Flop (didn't bet)
Seat 5: Usurpov folded before Flop (didn't bet)
Seat 6: Rob CasinO folded on the Flop
Seat 8: WowSick folded before Flop (didn't bet)
Seat 9: lexwilly (button) folded before Flop (didn't bet)



PokerStars Game #19903633378:  Hold'em No Limit ($0.10/$0.25) - 2008/08/25 - 23:51:19 (ET)
Table 'Sinon II' 9-max Seat #1 is the button
Seat 1: Alameda22 ($24.45 in chips) 
Seat 2: snorlax_zzz ($40.65 in chips) 
Seat 3: 2006 NY Mets ($21.55 in chips) 
Seat 4: LUCKYMONSTER ($26.35 in chips) 
Seat 5: Usurpov ($30.05 in chips) 
Seat 6: Rob CasinO ($18.55 in chips) 
Seat 8: WowSick ($25.90 in chips) 
Seat 9: lexwilly ($25.75 in chips) 
snorlax_zzz: posts small blind $0.10
2006 NY Mets: posts big blind $0.25
*** HOLE CARDS ***
Dealt to Alameda22 [4d Ts]
LUCKYMONSTER: folds 
Usurpov: folds 
Rob CasinO: folds 
WowSick: folds 
lexwilly: folds 
Alameda22: folds 
snorlax_zzz: folds 
Uncalled bet ($0.15) returned to 2006 NY Mets
2006 NY Mets collected $0.20 from pot
*** SUMMARY ***
Total pot $0.20 | Rake $0 
Seat 1: Alameda22 (button) folded before Flop (didn't bet)
Seat 2: snorlax_zzz (small blind) folded before Flop
Seat 3: 2006 NY Mets (big blind) collected ($0.20)
Seat 4: LUCKYMONSTER folded before Flop (didn't bet)
Seat 5: Usurpov folded before Flop (didn't bet)
Seat 6: Rob CasinO folded before Flop (didn't bet)
Seat 8: WowSick folded before Flop (didn't bet)
Seat 9: lexwilly folded before Flop (didn't bet)



PokerStars Game #19903645765:  Hold'em No Limit ($0.10/$0.25) - 2008/08/25 - 23:51:58 (ET)
Table 'Sinon II' 9-max Seat #2 is the button
Seat 1: Alameda22 ($24.45 in chips) 
Seat 2: snorlax_zzz ($40.55 in chips) 
Seat 3: 2006 NY Mets ($21.65 in chips) 
Seat 4: LUCKYMONSTER ($26.35 in chips) 
Seat 5: Usurpov ($30.05 in chips) 
Seat 6: Rob CasinO ($18.55 in chips) 
Seat 8: WowSick ($25.90 in chips) 
Seat 9: lexwilly ($25.75 in chips) 
2006 NY Mets: posts small blind $0.10
LUCKYMONSTER: posts big blind $0.25
*** HOLE CARDS ***
Dealt to Alameda22 [5s 5d]
Usurpov: folds 
Rob CasinO: folds 
WowSick: folds 
lexwilly: folds 
lexwilly is sitting out
Alameda22: folds 
snorlax_zzz: folds 
2006 NY Mets: calls $0.15
LUCKYMONSTER: checks 
*** FLOP *** [6h Kd 5c]
2006 NY Mets: checks 
LUCKYMONSTER: checks 
*** TURN *** [6h Kd 5c] [As]
2006 NY Mets: checks 
LUCKYMONSTER: checks 
*** RIVER *** [6h Kd 5c As] [Kc]
2006 NY Mets: checks 
LUCKYMONSTER: checks 
*** SHOW DOWN ***
2006 NY Mets: shows [Td Ac] (two pair, Aces and Kings)
LUCKYMONSTER: mucks hand 
2006 NY Mets collected $0.50 from pot
*** SUMMARY ***
Total pot $0.50 | Rake $0 
Board [6h Kd 5c As Kc]
Seat 1: Alameda22 folded before Flop (didn't bet)
Seat 2: snorlax_zzz (button) folded before Flop (didn't bet)
Seat 3: 2006 NY Mets (small blind) showed [Td Ac] and won ($0.50) with two pair, Aces and Kings
Seat 4: LUCKYMONSTER (big blind) mucked [Qs 4d]
Seat 5: Usurpov folded before Flop (didn't bet)
Seat 6: Rob CasinO folded before Flop (didn't bet)
Seat 8: WowSick folded before Flop (didn't bet)
Seat 9: lexwilly folded before Flop (didn't bet)



PokerStars Game #19903668225:  Hold'em No Limit ($0.10/$0.25) - 2008/08/25 - 23:53:09 (ET)
Table 'Sinon II' 9-max Seat #3 is the button
Seat 1: Alameda22 ($24.45 in chips) 
Seat 2: snorlax_zzz ($40.55 in chips) 
Seat 3: 2006 NY Mets ($21.90 in chips) 
Seat 4: LUCKYMONSTER ($26.10 in chips) 
Seat 5: Usurpov ($30.05 in chips) 
Seat 6: Rob CasinO ($18.55 in chips) 
Seat 8: WowSick ($25.90 in chips) 
LUCKYMONSTER: posts small blind $0.10
Usurpov: posts big blind $0.25
*** HOLE CARDS ***
Dealt to Alameda22 [8h Tc]
Rob CasinO: calls $0.25
WowSick: calls $0.25
lexwilly leaves the table
Alameda22: folds 
snorlax_zzz: folds 
2006 NY Mets: folds 
LUCKYMONSTER: folds 
Usurpov: checks 
*** FLOP *** [7d Js Ts]
Usurpov: checks 
Rob CasinO: bets $1
WowSick: folds 
Usurpov: folds 
Uncalled bet ($1) returned to Rob CasinO
Rob CasinO collected $0.85 from pot
Rob CasinO: doesn't show hand 
*** SUMMARY ***
Total pot $0.85 | Rake $0 
Board [7d Js Ts]
Seat 1: Alameda22 folded before Flop (didn't bet)
Seat 2: snorlax_zzz folded before Flop (didn't bet)
Seat 3: 2006 NY Mets (button) folded before Flop (didn't bet)
Seat 4: LUCKYMONSTER (small blind) folded before Flop
Seat 5: Usurpov (big blind) folded on the Flop
Seat 6: Rob CasinO collected ($0.85)
Seat 8: WowSick folded on the Flop



PokerStars Game #19903682228:  Hold'em No Limit ($0.10/$0.25) - 2008/08/25 - 23:53:53 (ET)
Table 'Sinon II' 9-max Seat #4 is the button
Seat 1: Alameda22 ($24.45 in chips) 
Seat 2: snorlax_zzz ($40.55 in chips) 
Seat 3: 2006 NY Mets ($21.90 in chips) 
Seat 4: LUCKYMONSTER ($26 in chips) 
Seat 5: Usurpov ($29.80 in chips) 
Seat 6: Rob CasinO ($19.15 in chips) 
Seat 8: WowSick ($25.65 in chips) 
Usurpov: posts small blind $0.10
Rob CasinO: posts big blind $0.25
*** HOLE CARDS ***
Dealt to Alameda22 [Ks Jc]
WowSick: folds 
Alameda22: folds 
snorlax_zzz: raises $0.50 to $0.75
2006 NY Mets: folds 
LUCKYMONSTER: folds 
Usurpov: folds 
Rob CasinO: calls $0.50
*** FLOP *** [7h 2h 6s]
Rob CasinO: bets $0.50
snorlax_zzz: calls $0.50
*** TURN *** [7h 2h 6s] [3d]
Rob CasinO: bets $1.25
snorlax_zzz: folds 
Uncalled bet ($1.25) returned to Rob CasinO
Rob CasinO collected $2.50 from pot
Rob CasinO: doesn't show hand 
*** SUMMARY ***
Total pot $2.60 | Rake $0.10 
Board [7h 2h 6s 3d]
Seat 1: Alameda22 folded before Flop (didn't bet)
Seat 2: snorlax_zzz folded on the Turn
Seat 3: 2006 NY Mets folded before Flop (didn't bet)
Seat 4: LUCKYMONSTER (button) folded before Flop (didn't bet)
Seat 5: Usurpov (small blind) folded before Flop
Seat 6: Rob CasinO (big blind) collected ($2.50)
Seat 8: WowSick folded before Flop (didn't bet)



PokerStars Game #19903697410:  Hold'em No Limit ($0.10/$0.25) - 2008/08/25 - 23:54:42 (ET)
Table 'Sinon II' 9-max Seat #5 is the button
Seat 1: Alameda22 ($24.45 in chips) 
Seat 2: snorlax_zzz ($39.30 in chips) 
Seat 3: 2006 NY Mets ($21.90 in chips) 
Seat 4: LUCKYMONSTER ($26 in chips) 
Seat 5: Usurpov ($29.70 in chips) 
Seat 6: Rob CasinO ($20.40 in chips) 
Seat 8: WowSick ($25.65 in chips) 
Rob CasinO: posts small blind $0.10
WowSick: posts big blind $0.25
*** HOLE CARDS ***
Dealt to Alameda22 [2d Jh]
Alameda22: folds 
snorlax_zzz: folds 
2006 NY Mets: folds 
LUCKYMONSTER: folds 
Usurpov: folds 
Rob CasinO: calls $0.15
WowSick: checks 
*** FLOP *** [As Ks 9c]
Rob CasinO: bets $0.75
WowSick: folds 
Uncalled bet ($0.75) returned to Rob CasinO
Rob CasinO collected $0.50 from pot
Rob CasinO: doesn't show hand 
*** SUMMARY ***
Total pot $0.50 | Rake $0 
Board [As Ks 9c]
Seat 1: Alameda22 folded before Flop (didn't bet)
Seat 2: snorlax_zzz folded before Flop (didn't bet)
Seat 3: 2006 NY Mets folded before Flop (didn't bet)
Seat 4: LUCKYMONSTER folded before Flop (didn't bet)
Seat 5: Usurpov (button) folded before Flop (didn't bet)
Seat 6: Rob CasinO (small blind) collected ($0.50)
Seat 8: WowSick (big blind) folded on the Flop



PokerStars Game #19903713392:  Hold'em No Limit ($0.10/$0.25) - 2008/08/25 - 23:55:33 (ET)
Table 'Sinon II' 9-max Seat #6 is the button
Seat 1: Alameda22 ($24.45 in chips) 
Seat 2: snorlax_zzz ($39.30 in chips) 
Seat 3: 2006 NY Mets ($21.90 in chips) 
Seat 4: LUCKYMONSTER ($26 in chips) 
Seat 5: Usurpov ($29.70 in chips) 
Seat 6: Rob CasinO ($20.65 in chips) 
Seat 8: WowSick ($25.40 in chips) 
WowSick: posts small blind $0.10
Alameda22: posts big blind $0.25
*** HOLE CARDS ***
Dealt to Alameda22 [8h 7d]
snorlax_zzz: folds 
2006 NY Mets: folds 
LUCKYMONSTER: folds 
Usurpov: folds 
Rob CasinO: folds 
WowSick: raises $0.50 to $0.75
Alameda22: folds 
Uncalled bet ($0.50) returned to WowSick
WowSick collected $0.50 from pot
WowSick: doesn't show hand 
*** SUMMARY ***
Total pot $0.50 | Rake $0 
Seat 1: Alameda22 (big blind) folded before Flop
Seat 2: snorlax_zzz folded before Flop (didn't bet)
Seat 3: 2006 NY Mets folded before Flop (didn't bet)
Seat 4: LUCKYMONSTER folded before Flop (didn't bet)
Seat 5: Usurpov folded before Flop (didn't bet)
Seat 6: Rob CasinO (button) folded before Flop (didn't bet)
Seat 8: WowSick (small blind) collected ($0.50)



PokerStars Game #19903723875:  Hold'em No Limit ($0.10/$0.25) - 2008/08/25 - 23:56:06 (ET)
Table 'Sinon II' 9-max Seat #8 is the button
Seat 1: Alameda22 ($24.20 in chips) 
Seat 3: 2006 NY Mets ($21.90 in chips) 
Seat 4: LUCKYMONSTER ($26 in chips) 
Seat 5: Usurpov ($29.70 in chips) 
Seat 6: Rob CasinO ($20.65 in chips) 
Seat 8: WowSick ($25.65 in chips) 
Alameda22: posts small blind $0.10
snorlax_zzz: is sitting out 
2006 NY Mets: posts big blind $0.25
*** HOLE CARDS ***
Dealt to Alameda22 [Kd 3c]
snorlax_zzz leaves the table
LUCKYMONSTER: folds 
Usurpov: folds 
Rob CasinO: calls $0.25
WowSick: raises $0.75 to $1
Alameda22: folds 
2006 NY Mets: folds 
Rob CasinO: folds 
Uncalled bet ($0.75) returned to WowSick
WowSick collected $0.85 from pot
WowSick is sitting out
WowSick: doesn't show hand 
WowSick leaves the table
*** SUMMARY ***
Total pot $0.85 | Rake $0 
Seat 1: Alameda22 (small blind) folded before Flop
Seat 3: 2006 NY Mets (big blind) folded before Flop
Seat 4: LUCKYMONSTER folded before Flop (didn't bet)
Seat 5: Usurpov folded before Flop (didn't bet)
Seat 6: Rob CasinO folded before Flop
Seat 8: WowSick (button) collected ($0.85)



PokerStars Game #19903736371:  Hold'em No Limit ($0.10/$0.25) - 2008/08/25 - 23:56:46 (ET)
Table 'Sinon II' 9-max Seat #1 is the button
Seat 1: Alameda22 ($24.10 in chips) 
Seat 3: 2006 NY Mets ($21.65 in chips) 
Seat 4: LUCKYMONSTER ($26 in chips) 
Seat 5: Usurpov ($29.70 in chips) 
Seat 6: Rob CasinO ($20.40 in chips) 
2006 NY Mets: posts small blind $0.10
LUCKYMONSTER: posts big blind $0.25
*** HOLE CARDS ***
Dealt to Alameda22 [9h 4h]
Usurpov: raises $0.50 to $0.75
Blueboy4 joins the table at seat #2 
Rob CasinO: folds 
Alameda22: folds 
2006 NY Mets: folds 
LUCKYMONSTER: folds 
Uncalled bet ($0.50) returned to Usurpov
Usurpov collected $0.60 from pot
Usurpov: doesn't show hand 
*** SUMMARY ***
Total pot $0.60 | Rake $0 
Seat 1: Alameda22 (button) folded before Flop (didn't bet)
Seat 3: 2006 NY Mets (small blind) folded before Flop
Seat 4: LUCKYMONSTER (big blind) folded before Flop
Seat 5: Usurpov collected ($0.60)
Seat 6: Rob CasinO folded before Flop (didn't bet)



PokerStars Game #19903748654:  Hold'em No Limit ($0.10/$0.25) - 2008/08/25 - 23:57:26 (ET)
Table 'Sinon II' 9-max Seat #3 is the button
Seat 1: Alameda22 ($24.10 in chips) 
Seat 2: Blueboy4 ($15 in chips) 
Seat 3: 2006 NY Mets ($21.55 in chips) 
Seat 4: LUCKYMONSTER ($25.75 in chips) 
Seat 5: Usurpov ($30.05 in chips) 
Seat 6: Rob CasinO ($20.40 in chips) 
LUCKYMONSTER: posts small blind $0.10
Usurpov: posts big blind $0.25
Blueboy4: posts big blind $0.25
*** HOLE CARDS ***
Dealt to Alameda22 [Kh Kc]
Rob CasinO: calls $0.25
Alameda22: raises $1 to $1.25
Blueboy4: calls $1
2006 NY Mets: folds 
2006 NY Mets leaves the table
LUCKYMONSTER: folds 
Usurpov: folds 
kay - kylee joins the table at seat #8 
Rob CasinO: folds 
*** FLOP *** [6d 2h Qd]
Usurpov leaves the table
Alameda22: bets $2
Blueboy4: folds 
Uncalled bet ($2) returned to Alameda22
yamahaguy52 joins the table at seat #7 
Alameda22 collected $2.95 from pot
Alameda22: doesn't show hand 
*** SUMMARY ***
Total pot $3.10 | Rake $0.15 
Board [6d 2h Qd]
Seat 1: Alameda22 collected ($2.95)
Seat 2: Blueboy4 folded on the Flop
Seat 3: 2006 NY Mets (button) folded before Flop (didn't bet)
Seat 4: LUCKYMONSTER (small blind) folded before Flop
Seat 5: Usurpov (big blind) folded before Flop
Seat 6: Rob CasinO folded before Flop



PokerStars Game #19903769974:  Hold'em No Limit ($0.10/$0.25) - 2008/08/25 - 23:58:35 (ET)
Table 'Sinon II' 9-max Seat #4 is the button
Seat 1: Alameda22 ($25.80 in chips) 
Seat 2: Blueboy4 ($13.75 in chips) 
Seat 4: LUCKYMONSTER ($25.65 in chips) 
Seat 6: Rob CasinO ($20.15 in chips) 
Seat 7: yamahaguy52 ($5 in chips) 
Seat 8: kay - kylee ($5 in chips) 
Rob CasinO: posts small blind $0.10
yamahaguy52: posts big blind $0.25
kay - kylee: posts big blind $0.25
*** HOLE CARDS ***
Dealt to Alameda22 [4s 2d]
kay - kylee: raises $0.25 to $0.50
Alameda22: folds 
Blueboy4: folds 
Blueboy4 leaves the table
LUCKYMONSTER: folds 
Rob CasinO: folds 
yamahaguy52: calls $0.25
*** FLOP *** [Ac As 2c]
yamahaguy52: bets $0.25
kay - kylee: calls $0.25
*** TURN *** [Ac As 2c] [Kc]
yamahaguy52: bets $0.25
kay - kylee: calls $0.25
*** RIVER *** [Ac As 2c Kc] [8d]
PLAYMAKER005 joins the table at seat #9 
PLAYMAKER005 is sitting out
yamahaguy52: checks 
kay - kylee: bets $0.50
yamahaguy52: calls $0.50
*** SHOW DOWN ***
kay - kylee: shows [Ah Kd] (a full house, Aces full of Kings)
yamahaguy52: mucks hand 
kay - kylee collected $2.95 from pot
*** SUMMARY ***
Total pot $3.10 | Rake $0.15 
Board [Ac As 2c Kc 8d]
Seat 1: Alameda22 folded before Flop (didn't bet)
Seat 2: Blueboy4 folded before Flop (didn't bet)
Seat 4: LUCKYMONSTER (button) folded before Flop (didn't bet)
Seat 6: Rob CasinO (small blind) folded before Flop
Seat 7: yamahaguy52 (big blind) mucked [2s Td]
Seat 8: kay - kylee showed [Ah Kd] and won ($2.95) with a full house, Aces full of Kings



