PokerStars Game #19951465385:  Hold'em No Limit ($0.10/$0.25) - 2008/08/27 - 21:49:06 (ET)
Table 'Brangane' 9-max Seat #9 is the button
Seat 1: xxWACKOxx ($24.75 in chips) 
Seat 2: Alameda22 ($25 in chips) 
Seat 3: euglcs ($23.90 in chips) 
Seat 4: mcdougal2 ($52.50 in chips) 
Seat 5: Hustler180 ($2.10 in chips) 
Seat 6: Kukoc69 ($59.30 in chips) 
Seat 7: bracltwinr ($10.65 in chips) 
Seat 8: Hawkeyeyog ($25.85 in chips) 
Seat 9: ooPsGuy ($13.65 in chips) 
xxWACKOxx: posts small blind $0.10
Alameda22: posts big blind $0.25
*** HOLE CARDS ***
Dealt to Alameda22 [Ac 8c]
euglcs: folds 
mcdougal2: folds 
Hustler180: raises $0.50 to $0.75
Kukoc69: folds 
bracltwinr: folds 
Hawkeyeyog: folds 
ooPsGuy: folds 
xxWACKOxx: folds 
Alameda22: folds 
Uncalled bet ($0.50) returned to Hustler180
Hustler180 collected $0.60 from pot
Hustler180: doesn't show hand 
*** SUMMARY ***
Total pot $0.60 | Rake $0 
Seat 1: xxWACKOxx (small blind) folded before Flop
Seat 2: Alameda22 (big blind) folded before Flop
Seat 3: euglcs folded before Flop (didn't bet)
Seat 4: mcdougal2 folded before Flop (didn't bet)
Seat 5: Hustler180 collected ($0.60)
Seat 6: Kukoc69 folded before Flop (didn't bet)
Seat 7: bracltwinr folded before Flop (didn't bet)
Seat 8: Hawkeyeyog folded before Flop (didn't bet)
Seat 9: ooPsGuy (button) folded before Flop (didn't bet)



PokerStars Game #19951493924:  Hold'em No Limit ($0.10/$0.25) - 2008/08/27 - 21:50:20 (ET)
Table 'Brangane' 9-max Seat #1 is the button
Seat 1: xxWACKOxx ($24.65 in chips) 
Seat 2: Alameda22 ($24.75 in chips) 
Seat 3: euglcs ($23.90 in chips) 
Seat 4: mcdougal2 ($52.50 in chips) 
Seat 5: Hustler180 ($2.45 in chips) 
Seat 6: Kukoc69 ($59.30 in chips) 
Seat 7: bracltwinr ($10.65 in chips) 
Seat 8: Hawkeyeyog ($25.85 in chips) 
Seat 9: ooPsGuy ($13.65 in chips) 
Alameda22: posts small blind $0.10
euglcs: posts big blind $0.25
*** HOLE CARDS ***
Dealt to Alameda22 [Qh Kh]
mcdougal2: folds 
Hustler180: folds 
Kukoc69: folds 
bracltwinr: folds 
Hawkeyeyog: folds 
ooPsGuy: raises $0.50 to $0.75
xxWACKOxx: folds 
Alameda22: folds 
euglcs: folds 
Uncalled bet ($0.50) returned to ooPsGuy
ooPsGuy collected $0.60 from pot
ooPsGuy: doesn't show hand 
*** SUMMARY ***
Total pot $0.60 | Rake $0 
Seat 1: xxWACKOxx (button) folded before Flop (didn't bet)
Seat 2: Alameda22 (small blind) folded before Flop
Seat 3: euglcs (big blind) folded before Flop
Seat 4: mcdougal2 folded before Flop (didn't bet)
Seat 5: Hustler180 folded before Flop (didn't bet)
Seat 6: Kukoc69 folded before Flop (didn't bet)
Seat 7: bracltwinr folded before Flop (didn't bet)
Seat 8: Hawkeyeyog folded before Flop (didn't bet)
Seat 9: ooPsGuy collected ($0.60)



PokerStars Game #19951519468:  Hold'em No Limit ($0.10/$0.25) - 2008/08/27 - 21:51:26 (ET)
Table 'Brangane' 9-max Seat #2 is the button
Seat 1: xxWACKOxx ($24.65 in chips) 
Seat 2: Alameda22 ($24.65 in chips) 
Seat 3: euglcs ($23.65 in chips) 
Seat 4: mcdougal2 ($52.50 in chips) 
Seat 5: Hustler180 ($2.45 in chips) 
Seat 6: Kukoc69 ($59.30 in chips) 
Seat 7: bracltwinr ($10.65 in chips) 
Seat 8: Hawkeyeyog ($25.85 in chips) 
Seat 9: ooPsGuy ($14 in chips) 
euglcs: posts small blind $0.10
mcdougal2: posts big blind $0.25
*** HOLE CARDS ***
Dealt to Alameda22 [5d 4c]
Hustler180: folds 
Kukoc69: folds 
bracltwinr: raises $0.50 to $0.75
Hawkeyeyog: folds 
ooPsGuy: folds 
xxWACKOxx: folds 
Alameda22: folds 
euglcs: folds 
mcdougal2: folds 
Uncalled bet ($0.50) returned to bracltwinr
bracltwinr collected $0.60 from pot
bracltwinr: doesn't show hand 
*** SUMMARY ***
Total pot $0.60 | Rake $0 
Seat 1: xxWACKOxx folded before Flop (didn't bet)
Seat 2: Alameda22 (button) folded before Flop (didn't bet)
Seat 3: euglcs (small blind) folded before Flop
Seat 4: mcdougal2 (big blind) folded before Flop
Seat 5: Hustler180 folded before Flop (didn't bet)
Seat 6: Kukoc69 folded before Flop (didn't bet)
Seat 7: bracltwinr collected ($0.60)
Seat 8: Hawkeyeyog folded before Flop (didn't bet)
Seat 9: ooPsGuy folded before Flop (didn't bet)



PokerStars Game #19951540275:  Hold'em No Limit ($0.10/$0.25) - 2008/08/27 - 21:52:20 (ET)
Table 'Brangane' 9-max Seat #3 is the button
Seat 1: xxWACKOxx ($24.65 in chips) 
Seat 2: Alameda22 ($24.65 in chips) 
Seat 3: euglcs ($23.55 in chips) 
Seat 4: mcdougal2 ($52.25 in chips) 
Seat 5: Hustler180 ($2.45 in chips) 
Seat 6: Kukoc69 ($59.30 in chips) 
Seat 7: bracltwinr ($11 in chips) 
Seat 8: Hawkeyeyog ($25.85 in chips) 
Seat 9: ooPsGuy ($14 in chips) 
mcdougal2: posts small blind $0.10
Hustler180: posts big blind $0.25
*** HOLE CARDS ***
Dealt to Alameda22 [4c 5c]
Kukoc69: folds 
bracltwinr: folds 
Hawkeyeyog: folds 
ooPsGuy: folds 
xxWACKOxx: folds 
Alameda22: folds 
euglcs: folds 
mcdougal2: raises $0.75 to $1
Hustler180: raises $1.45 to $2.45 and is all-in
mcdougal2: calls $1.45
*** FLOP *** [9c Th 2h]
*** TURN *** [9c Th 2h] [2c]
*** RIVER *** [9c Th 2h 2c] [8h]
*** SHOW DOWN ***
mcdougal2: shows [6d 6h] (two pair, Sixes and Deuces)
Hustler180: shows [Qd 9d] (two pair, Nines and Deuces)
Hustler180 collected $4.70 from pot
*** SUMMARY ***
Total pot $4.90 | Rake $0.20 
Board [9c Th 2h 2c 8h]
Seat 1: xxWACKOxx folded before Flop (didn't bet)
Seat 2: Alameda22 folded before Flop (didn't bet)
Seat 3: euglcs (button) folded before Flop (didn't bet)
Seat 4: mcdougal2 (small blind) showed [6d 6h] and lost with two pair, Sixes and Deuces
Seat 5: Hustler180 (big blind) showed [Qd 9d] and won ($4.70) with two pair, Nines and Deuces
Seat 6: Kukoc69 folded before Flop (didn't bet)
Seat 7: bracltwinr folded before Flop (didn't bet)
Seat 8: Hawkeyeyog folded before Flop (didn't bet)
Seat 9: ooPsGuy folded before Flop (didn't bet)



PokerStars Game #19951561002:  Hold'em No Limit ($0.10/$0.25) - 2008/08/27 - 21:53:14 (ET)
Table 'Brangane' 9-max Seat #4 is the button
Seat 1: xxWACKOxx ($24.65 in chips) 
Seat 2: Alameda22 ($24.65 in chips) 
Seat 3: euglcs ($23.55 in chips) 
Seat 4: mcdougal2 ($49.80 in chips) 
Seat 5: Hustler180 ($4.70 in chips) 
Seat 6: Kukoc69 ($59.30 in chips) 
Seat 7: bracltwinr ($11 in chips) 
Seat 8: Hawkeyeyog ($25.85 in chips) 
Seat 9: ooPsGuy ($14 in chips) 
Hustler180: posts small blind $0.10
Kukoc69: posts big blind $0.25
*** HOLE CARDS ***
Dealt to Alameda22 [4c Ac]
bracltwinr: folds 
Hawkeyeyog: calls $0.25
ooPsGuy: folds 
xxWACKOxx: folds 
Alameda22: folds 
euglcs: raises $0.60 to $0.85
mcdougal2: folds 
Hustler180 said, "sorry those sixes dont always hold up"
Hustler180: folds 
Kukoc69: calls $0.60
Hawkeyeyog: folds 
*** FLOP *** [2d Qh 5h]
Kukoc69: checks 
euglcs: bets $1
Kukoc69: folds 
Uncalled bet ($1) returned to euglcs
euglcs collected $1.95 from pot
euglcs: doesn't show hand 
*** SUMMARY ***
Total pot $2.05 | Rake $0.10 
Board [2d Qh 5h]
Seat 1: xxWACKOxx folded before Flop (didn't bet)
Seat 2: Alameda22 folded before Flop (didn't bet)
Seat 3: euglcs collected ($1.95)
Seat 4: mcdougal2 (button) folded before Flop (didn't bet)
Seat 5: Hustler180 (small blind) folded before Flop
Seat 6: Kukoc69 (big blind) folded on the Flop
Seat 7: bracltwinr folded before Flop (didn't bet)
Seat 8: Hawkeyeyog folded before Flop
Seat 9: ooPsGuy folded before Flop (didn't bet)



PokerStars Game #19951587812:  Hold'em No Limit ($0.10/$0.25) - 2008/08/27 - 21:54:24 (ET)
Table 'Brangane' 9-max Seat #5 is the button
Seat 1: xxWACKOxx ($24.65 in chips) 
Seat 2: Alameda22 ($24.65 in chips) 
Seat 3: euglcs ($24.65 in chips) 
Seat 4: mcdougal2 ($49.80 in chips) 
Seat 5: Hustler180 ($4.60 in chips) 
Seat 6: Kukoc69 ($58.45 in chips) 
Seat 7: bracltwinr ($11 in chips) 
Seat 8: Hawkeyeyog ($25.60 in chips) 
Seat 9: ooPsGuy ($14 in chips) 
Kukoc69: posts small blind $0.10
bracltwinr: posts big blind $0.25
*** HOLE CARDS ***
Dealt to Alameda22 [Qs Th]
Hawkeyeyog: folds 
ooPsGuy: folds 
xxWACKOxx: folds 
Alameda22: folds 
euglcs: folds 
mcdougal2: folds 
Hustler180: folds 
Kukoc69: calls $0.15
bracltwinr: checks 
*** FLOP *** [Ts 2c 4s]
Kukoc69: checks 
bracltwinr: checks 
*** TURN *** [Ts 2c 4s] [6s]
Kukoc69: checks 
bracltwinr: checks 
*** RIVER *** [Ts 2c 4s 6s] [5d]
Kukoc69: checks 
bracltwinr: bets $0.25
Kukoc69: folds 
Uncalled bet ($0.25) returned to bracltwinr
bracltwinr collected $0.50 from pot
bracltwinr: doesn't show hand 
*** SUMMARY ***
Total pot $0.50 | Rake $0 
Board [Ts 2c 4s 6s 5d]
Seat 1: xxWACKOxx folded before Flop (didn't bet)
Seat 2: Alameda22 folded before Flop (didn't bet)
Seat 3: euglcs folded before Flop (didn't bet)
Seat 4: mcdougal2 folded before Flop (didn't bet)
Seat 5: Hustler180 (button) folded before Flop (didn't bet)
Seat 6: Kukoc69 (small blind) folded on the River
Seat 7: bracltwinr (big blind) collected ($0.50)
Seat 8: Hawkeyeyog folded before Flop (didn't bet)
Seat 9: ooPsGuy folded before Flop (didn't bet)



PokerStars Game #19951618976:  Hold'em No Limit ($0.10/$0.25) - 2008/08/27 - 21:55:45 (ET)
Table 'Brangane' 9-max Seat #6 is the button
Seat 1: xxWACKOxx ($24.65 in chips) 
Seat 2: Alameda22 ($24.65 in chips) 
Seat 3: euglcs ($24.65 in chips) 
Seat 4: mcdougal2 ($49.80 in chips) 
Seat 5: Hustler180 ($4.60 in chips) 
Seat 6: Kukoc69 ($58.20 in chips) 
Seat 7: bracltwinr ($11.25 in chips) 
Seat 8: Hawkeyeyog ($25.60 in chips) 
Seat 9: ooPsGuy ($14 in chips) 
bracltwinr: posts small blind $0.10
Hawkeyeyog: posts big blind $0.25
*** HOLE CARDS ***
Dealt to Alameda22 [5h 4h]
ooPsGuy: raises $0.50 to $0.75
xxWACKOxx: folds 
Alameda22: folds 
euglcs: folds 
mcdougal2: folds 
Hustler180: raises $0.75 to $1.50
Kukoc69: folds 
bracltwinr: folds 
Hawkeyeyog: folds 
ooPsGuy: calls $0.75
*** FLOP *** [7c Th Qc]
ooPsGuy: bets $2.50
Hustler180: calls $2.50
*** TURN *** [7c Th Qc] [3s]
ooPsGuy: bets $1
Hustler180: calls $0.60 and is all-in
Uncalled bet ($0.40) returned to ooPsGuy
*** RIVER *** [7c Th Qc 3s] [6d]
*** SHOW DOWN ***
ooPsGuy: shows [8c 5c] (high card Queen)
Hustler180: shows [Ac Js] (high card Ace)
Hustler180 collected $9.10 from pot
*** SUMMARY ***
Total pot $9.55 | Rake $0.45 
Board [7c Th Qc 3s 6d]
Seat 1: xxWACKOxx folded before Flop (didn't bet)
Seat 2: Alameda22 folded before Flop (didn't bet)
Seat 3: euglcs folded before Flop (didn't bet)
Seat 4: mcdougal2 folded before Flop (didn't bet)
Seat 5: Hustler180 showed [Ac Js] and won ($9.10) with high card Ace
Seat 6: Kukoc69 (button) folded before Flop (didn't bet)
Seat 7: bracltwinr (small blind) folded before Flop
Seat 8: Hawkeyeyog (big blind) folded before Flop
Seat 9: ooPsGuy showed [8c 5c] and lost with high card Queen



PokerStars Game #19951655297:  Hold'em No Limit ($0.10/$0.25) - 2008/08/27 - 21:57:20 (ET)
Table 'Brangane' 9-max Seat #7 is the button
Seat 1: xxWACKOxx ($24.65 in chips) 
Seat 2: Alameda22 ($24.65 in chips) 
Seat 3: euglcs ($24.65 in chips) 
Seat 4: mcdougal2 ($49.80 in chips) 
Seat 5: Hustler180 ($9.10 in chips) 
Seat 6: Kukoc69 ($58.20 in chips) 
Seat 7: bracltwinr ($11.15 in chips) 
Seat 8: Hawkeyeyog ($25.35 in chips) 
Seat 9: ooPsGuy ($9.40 in chips) 
Hawkeyeyog: posts small blind $0.10
ooPsGuy: posts big blind $0.25
*** HOLE CARDS ***
Dealt to Alameda22 [6d Kd]
xxWACKOxx: folds 
Alameda22: folds 
euglcs: folds 
mcdougal2: folds 
Hustler180: raises $0.75 to $1
Kukoc69: calls $1
bracltwinr: calls $1
Hawkeyeyog: folds 
ooPsGuy: raises $8.40 to $9.40 and is all-in
Hustler180: folds 
Kukoc69: folds 
bracltwinr: folds 
Uncalled bet ($8.40) returned to ooPsGuy
ooPsGuy collected $4.10 from pot
ooPsGuy: doesn't show hand 
*** SUMMARY ***
Total pot $4.10 | Rake $0 
Seat 1: xxWACKOxx folded before Flop (didn't bet)
Seat 2: Alameda22 folded before Flop (didn't bet)
Seat 3: euglcs folded before Flop (didn't bet)
Seat 4: mcdougal2 folded before Flop (didn't bet)
Seat 5: Hustler180 folded before Flop
Seat 6: Kukoc69 folded before Flop
Seat 7: bracltwinr (button) folded before Flop
Seat 8: Hawkeyeyog (small blind) folded before Flop
Seat 9: ooPsGuy (big blind) collected ($4.10)



PokerStars Game #19951684559:  Hold'em No Limit ($0.10/$0.25) - 2008/08/27 - 21:58:37 (ET)
Table 'Brangane' 9-max Seat #8 is the button
Seat 1: xxWACKOxx ($24.65 in chips) 
Seat 2: Alameda22 ($24.65 in chips) 
Seat 3: euglcs ($24.65 in chips) 
Seat 4: mcdougal2 ($49.80 in chips) 
Seat 5: Hustler180 ($8.10 in chips) 
Seat 6: Kukoc69 ($57.20 in chips) 
Seat 7: bracltwinr ($10.15 in chips) 
Seat 8: Hawkeyeyog ($25.25 in chips) 
Seat 9: ooPsGuy ($12.50 in chips) 
ooPsGuy: posts small blind $0.10
xxWACKOxx: posts big blind $0.25
*** HOLE CARDS ***
Dealt to Alameda22 [6c 8c]
Alameda22: folds 
euglcs: folds 
mcdougal2: folds 
Hustler180: folds 
Kukoc69: raises $0.75 to $1
bracltwinr: folds 
Hawkeyeyog: folds 
ooPsGuy: folds 
xxWACKOxx: folds 
Uncalled bet ($0.75) returned to Kukoc69
Kukoc69 collected $0.60 from pot
Kukoc69: doesn't show hand 
*** SUMMARY ***
Total pot $0.60 | Rake $0 
Seat 1: xxWACKOxx (big blind) folded before Flop
Seat 2: Alameda22 folded before Flop (didn't bet)
Seat 3: euglcs folded before Flop (didn't bet)
Seat 4: mcdougal2 folded before Flop (didn't bet)
Seat 5: Hustler180 folded before Flop (didn't bet)
Seat 6: Kukoc69 collected ($0.60)
Seat 7: bracltwinr folded before Flop (didn't bet)
Seat 8: Hawkeyeyog (button) folded before Flop (didn't bet)
Seat 9: ooPsGuy (small blind) folded before Flop



PokerStars Game #19951702766:  Hold'em No Limit ($0.10/$0.25) - 2008/08/27 - 21:59:25 (ET)
Table 'Brangane' 9-max Seat #9 is the button
Seat 1: xxWACKOxx ($24.40 in chips) 
Seat 2: Alameda22 ($24.65 in chips) 
Seat 3: euglcs ($24.65 in chips) 
Seat 4: mcdougal2 ($49.80 in chips) 
Seat 5: Hustler180 ($8.10 in chips) 
Seat 6: Kukoc69 ($57.55 in chips) 
Seat 7: bracltwinr ($10.15 in chips) 
Seat 8: Hawkeyeyog ($25.25 in chips) 
Seat 9: ooPsGuy ($12.40 in chips) 
xxWACKOxx: posts small blind $0.10
Alameda22: posts big blind $0.25
*** HOLE CARDS ***
Dealt to Alameda22 [5h Tc]
euglcs: folds 
mcdougal2: folds 
Hustler180: folds 
Kukoc69: folds 
bracltwinr: folds 
Hawkeyeyog: folds 
Hawkeyeyog is sitting out
ooPsGuy: folds 
xxWACKOxx: folds 
Uncalled bet ($0.15) returned to Alameda22
Alameda22 collected $0.20 from pot
Alameda22: doesn't show hand 
*** SUMMARY ***
Total pot $0.20 | Rake $0 
Seat 1: xxWACKOxx (small blind) folded before Flop
Seat 2: Alameda22 (big blind) collected ($0.20)
Seat 3: euglcs folded before Flop (didn't bet)
Seat 4: mcdougal2 folded before Flop (didn't bet)
Seat 5: Hustler180 folded before Flop (didn't bet)
Seat 6: Kukoc69 folded before Flop (didn't bet)
Seat 7: bracltwinr folded before Flop (didn't bet)
Seat 8: Hawkeyeyog folded before Flop (didn't bet)
Seat 9: ooPsGuy (button) folded before Flop (didn't bet)



PokerStars Game #19951729586:  Hold'em No Limit ($0.10/$0.25) - 2008/08/27 - 22:00:34 (ET)
Table 'Brangane' 9-max Seat #1 is the button
Seat 1: xxWACKOxx ($24.30 in chips) 
Seat 2: Alameda22 ($24.75 in chips) 
Seat 3: euglcs ($24.65 in chips) 
Seat 4: mcdougal2 ($49.80 in chips) 
Seat 5: Hustler180 ($8.10 in chips) 
Seat 6: Kukoc69 ($57.55 in chips) 
Seat 7: bracltwinr ($10.15 in chips) 
Seat 9: ooPsGuy ($12.40 in chips) 
Alameda22: posts small blind $0.10
euglcs: posts big blind $0.25
*** HOLE CARDS ***
Dealt to Alameda22 [7d 8h]
mcdougal2: folds 
Hustler180: folds 
Kukoc69: folds 
bracltwinr: folds 
ooPsGuy has timed out
ooPsGuy: folds 
ooPsGuy is sitting out
xxWACKOxx: folds 
Alameda22: folds 
Uncalled bet ($0.15) returned to euglcs
euglcs collected $0.20 from pot
*** SUMMARY ***
Total pot $0.20 | Rake $0 
Seat 1: xxWACKOxx (button) folded before Flop (didn't bet)
Seat 2: Alameda22 (small blind) folded before Flop
Seat 3: euglcs (big blind) collected ($0.20)
Seat 4: mcdougal2 folded before Flop (didn't bet)
Seat 5: Hustler180 folded before Flop (didn't bet)
Seat 6: Kukoc69 folded before Flop (didn't bet)
Seat 7: bracltwinr folded before Flop (didn't bet)
Seat 9: ooPsGuy folded before Flop (didn't bet)



PokerStars Game #19951755979:  Hold'em No Limit ($0.10/$0.25) - 2008/08/27 - 22:01:43 (ET)
Table 'Brangane' 9-max Seat #2 is the button
Seat 1: xxWACKOxx ($24.30 in chips) 
Seat 2: Alameda22 ($24.65 in chips) 
Seat 3: euglcs ($24.75 in chips) 
Seat 4: mcdougal2 ($49.80 in chips) 
Seat 5: Hustler180 ($8.10 in chips) 
Seat 6: Kukoc69 ($57.55 in chips) 
Seat 7: bracltwinr ($10.15 in chips) 
euglcs: posts small blind $0.10
mcdougal2: posts big blind $0.25
*** HOLE CARDS ***
Dealt to Alameda22 [Jd 6d]
Hustler180: calls $0.25
Kukoc69: folds 
bracltwinr: folds 
xxWACKOxx: calls $0.25
Alameda22: folds 
euglcs: folds 
mcdougal2: checks 
*** FLOP *** [8h Qd 2h]
mcdougal2: checks 
Hustler180: checks 
xxWACKOxx: checks 
*** TURN *** [8h Qd 2h] [Qc]
mcdougal2: checks 
Hustler180: checks 
xxWACKOxx: checks 
*** RIVER *** [8h Qd 2h Qc] [Ac]
mcdougal2: checks 
Hustler180: bets $0.75
xxWACKOxx: folds 
mcdougal2: folds 
Uncalled bet ($0.75) returned to Hustler180
Hustler180 collected $0.85 from pot
*** SUMMARY ***
Total pot $0.85 | Rake $0 
Board [8h Qd 2h Qc Ac]
Seat 1: xxWACKOxx folded on the River
Seat 2: Alameda22 (button) folded before Flop (didn't bet)
Seat 3: euglcs (small blind) folded before Flop
Seat 4: mcdougal2 (big blind) folded on the River
Seat 5: Hustler180 collected ($0.85)
Seat 6: Kukoc69 folded before Flop (didn't bet)
Seat 7: bracltwinr folded before Flop (didn't bet)



PokerStars Game #19951799150:  Hold'em No Limit ($0.10/$0.25) - 2008/08/27 - 22:03:38 (ET)
Table 'Brangane' 9-max Seat #3 is the button
Seat 1: xxWACKOxx ($24.05 in chips) 
Seat 2: Alameda22 ($24.65 in chips) 
Seat 3: euglcs ($24.65 in chips) 
Seat 4: mcdougal2 ($49.55 in chips) 
Seat 5: Hustler180 ($8.70 in chips) 
Seat 6: Kukoc69 ($57.55 in chips) 
Seat 7: bracltwinr ($10.15 in chips) 
mcdougal2: posts small blind $0.10
Hustler180: posts big blind $0.25
*** HOLE CARDS ***
Dealt to Alameda22 [6s 2h]
Kukoc69: folds 
bracltwinr: folds 
xxWACKOxx: folds 
Alameda22: folds 
euglcs: raises $0.60 to $0.85
mcdougal2: folds 
Hustler180: folds 
Uncalled bet ($0.60) returned to euglcs
euglcs collected $0.60 from pot
euglcs: doesn't show hand 
*** SUMMARY ***
Total pot $0.60 | Rake $0 
Seat 1: xxWACKOxx folded before Flop (didn't bet)
Seat 2: Alameda22 folded before Flop (didn't bet)
Seat 3: euglcs (button) collected ($0.60)
Seat 4: mcdougal2 (small blind) folded before Flop
Seat 5: Hustler180 (big blind) folded before Flop
Seat 6: Kukoc69 folded before Flop (didn't bet)
Seat 7: bracltwinr folded before Flop (didn't bet)



PokerStars Game #19951812399:  Hold'em No Limit ($0.10/$0.25) - 2008/08/27 - 22:04:13 (ET)
Table 'Brangane' 9-max Seat #4 is the button
Seat 1: xxWACKOxx ($24.05 in chips) 
Seat 2: Alameda22 ($24.65 in chips) 
Seat 3: euglcs ($25 in chips) 
Seat 4: mcdougal2 ($49.45 in chips) 
Seat 5: Hustler180 ($8.45 in chips) 
Seat 6: Kukoc69 ($57.55 in chips) 
Seat 7: bracltwinr ($10.15 in chips) 
Hustler180: posts small blind $0.10
Kukoc69: posts big blind $0.25
*** HOLE CARDS ***
Dealt to Alameda22 [3h Tc]
bracltwinr: raises $0.50 to $0.75
xxWACKOxx: calls $0.75
Alameda22: folds 
euglcs: folds 
mcdougal2: folds 
Hustler180: folds 
Kukoc69: folds 
*** FLOP *** [6s Kd 6d]
bracltwinr: checks 
xxWACKOxx: bets $0.75
bracltwinr: calls $0.75
*** TURN *** [6s Kd 6d] [9c]
bracltwinr: checks 
xxWACKOxx: checks 
*** RIVER *** [6s Kd 6d 9c] [Qs]
bracltwinr: checks 
xxWACKOxx: checks 
*** SHOW DOWN ***
bracltwinr: shows [7h 7s] (two pair, Sevens and Sixes)
xxWACKOxx: mucks hand 
ooPsGuy has returned
bracltwinr collected $3.20 from pot
*** SUMMARY ***
Total pot $3.35 | Rake $0.15 
Board [6s Kd 6d 9c Qs]
Seat 1: xxWACKOxx mucked [5c 5h]
Seat 2: Alameda22 folded before Flop (didn't bet)
Seat 3: euglcs folded before Flop (didn't bet)
Seat 4: mcdougal2 (button) folded before Flop (didn't bet)
Seat 5: Hustler180 (small blind) folded before Flop
Seat 6: Kukoc69 (big blind) folded before Flop
Seat 7: bracltwinr showed [7h 7s] and won ($3.20) with two pair, Sevens and Sixes



PokerStars Game #19951829829:  Hold'em No Limit ($0.10/$0.25) - 2008/08/27 - 22:04:59 (ET)
Table 'Brangane' 9-max Seat #5 is the button
Seat 1: xxWACKOxx ($25 in chips) 
Seat 2: Alameda22 ($24.65 in chips) 
Seat 3: euglcs ($25 in chips) 
Seat 4: mcdougal2 ($49.45 in chips) 
Seat 5: Hustler180 ($8.35 in chips) 
Seat 6: Kukoc69 ($57.30 in chips) 
Seat 7: bracltwinr ($11.85 in chips) 
Seat 9: ooPsGuy ($12.40 in chips) 
Kukoc69: posts small blind $0.10
bracltwinr: posts big blind $0.25
*** HOLE CARDS ***
Dealt to Alameda22 [5s 4c]
ooPsGuy: folds 
xxWACKOxx: folds 
ooPsGuy leaves the table
Alameda22: folds 
euglcs: raises $0.60 to $0.85
mcdougal2: folds 
PokyDon joins the table at seat #9 
Hustler180: raises $1.15 to $2
Kukoc69: folds 
bracltwinr: folds 
euglcs: folds 
Uncalled bet ($1.15) returned to Hustler180
Hustler180 collected $2.05 from pot
Hustler180: doesn't show hand 
*** SUMMARY ***
Total pot $2.05 | Rake $0 
Seat 1: xxWACKOxx folded before Flop (didn't bet)
Seat 2: Alameda22 folded before Flop (didn't bet)
Seat 3: euglcs folded before Flop
Seat 4: mcdougal2 folded before Flop (didn't bet)
Seat 5: Hustler180 (button) collected ($2.05)
Seat 6: Kukoc69 (small blind) folded before Flop
Seat 7: bracltwinr (big blind) folded before Flop
Seat 9: ooPsGuy folded before Flop (didn't bet)



PokerStars Game #19951854512:  Hold'em No Limit ($0.10/$0.25) - 2008/08/27 - 22:06:05 (ET)
Table 'Brangane' 9-max Seat #6 is the button
Seat 1: xxWACKOxx ($25 in chips) 
Seat 2: Alameda22 ($24.65 in chips) 
Seat 3: euglcs ($24.15 in chips) 
Seat 4: mcdougal2 ($49.45 in chips) 
Seat 5: Hustler180 ($9.55 in chips) 
Seat 6: Kukoc69 ($57.20 in chips) 
Seat 7: bracltwinr ($11.60 in chips) 
Seat 9: PokyDon ($25 in chips) 
bracltwinr: posts small blind $0.10
PokyDon: posts big blind $0.25
*** HOLE CARDS ***
Dealt to Alameda22 [5h 9c]
xxWACKOxx: folds 
Alameda22: folds 
euglcs: folds 
mcdougal2: calls $0.25
Hustler180: calls $0.25
Kukoc69: folds 
bracltwinr: calls $0.15
PokyDon: checks 
*** FLOP *** [4c 3s 3c]
bracltwinr: checks 
PokyDon: checks 
mcdougal2: checks 
Hustler180: bets $0.75
bracltwinr: calls $0.75
PokyDon: folds 
mcdougal2: folds 
*** TURN *** [4c 3s 3c] [7h]
bracltwinr: checks 
Hustler180: bets $1
bracltwinr: calls $1
*** RIVER *** [4c 3s 3c 7h] [6s]
bracltwinr: checks 
Hustler180: bets $2.25
bracltwinr: calls $2.25
*** SHOW DOWN ***
Hustler180: shows [7d 6h] (two pair, Sevens and Sixes)
bracltwinr: mucks hand 
Hustler180 collected $8.60 from pot
bracltwinr leaves the table
*** SUMMARY ***
Total pot $9 | Rake $0.40 
Board [4c 3s 3c 7h 6s]
Seat 1: xxWACKOxx folded before Flop (didn't bet)
Seat 2: Alameda22 folded before Flop (didn't bet)
Seat 3: euglcs folded before Flop (didn't bet)
Seat 4: mcdougal2 folded on the Flop
Seat 5: Hustler180 showed [7d 6h] and won ($8.60) with two pair, Sevens and Sixes
Seat 6: Kukoc69 (button) folded before Flop (didn't bet)
Seat 7: bracltwinr (small blind) mucked [4s 7s]
Seat 9: PokyDon (big blind) folded on the Flop



PokerStars Game #19951902302:  Hold'em No Limit ($0.10/$0.25) - 2008/08/27 - 22:08:11 (ET)
Table 'Brangane' 9-max Seat #9 is the button
Seat 1: xxWACKOxx ($25 in chips) 
Seat 2: Alameda22 ($24.65 in chips) 
Seat 3: euglcs ($24.15 in chips) 
Seat 4: mcdougal2 ($49.20 in chips) 
Seat 5: Hustler180 ($13.90 in chips) 
Seat 6: Kukoc69 ($57.20 in chips) 
Seat 9: PokyDon ($24.75 in chips) 
xxWACKOxx: posts small blind $0.10
Alameda22: posts big blind $0.25
*** HOLE CARDS ***
Dealt to Alameda22 [Th 4s]
euglcs: folds 
dr_octupus joins the table at seat #7 
mcdougal2: folds 
Hustler180: folds 
Kukoc69: folds 
PokyDon: calls $0.25
xxWACKOxx: folds 
Alameda22: checks 
*** FLOP *** [Jd 3s 3h]
Alameda22: checks 
PokyDon: checks 
*** TURN *** [Jd 3s 3h] [Kh]
Alameda22: checks 
PokyDon: checks 
*** RIVER *** [Jd 3s 3h Kh] [Ac]
Alameda22: checks 
PokyDon: checks 
*** SHOW DOWN ***
Alameda22: shows [Th 4s] (a pair of Threes)
PokyDon: shows [Td 9s] (a pair of Threes)
Alameda22 collected $0.30 from pot
PokyDon collected $0.30 from pot
*** SUMMARY ***
Total pot $0.60 | Rake $0 
Board [Jd 3s 3h Kh Ac]
Seat 1: xxWACKOxx (small blind) folded before Flop
Seat 2: Alameda22 (big blind) showed [Th 4s] and won ($0.30) with a pair of Threes
Seat 3: euglcs folded before Flop (didn't bet)
Seat 4: mcdougal2 folded before Flop (didn't bet)
Seat 5: Hustler180 folded before Flop (didn't bet)
Seat 6: Kukoc69 folded before Flop (didn't bet)
Seat 9: PokyDon (button) showed [Td 9s] and won ($0.30) with a pair of Threes



PokerStars Game #19951933415:  Hold'em No Limit ($0.10/$0.25) - 2008/08/27 - 22:09:34 (ET)
Table 'Brangane' 9-max Seat #1 is the button
Seat 1: xxWACKOxx ($24.90 in chips) 
Seat 2: Alameda22 ($24.70 in chips) 
Seat 3: euglcs ($24.15 in chips) 
Seat 4: mcdougal2 ($49.20 in chips) 
Seat 5: Hustler180 ($13.90 in chips) 
Seat 6: Kukoc69 ($57.20 in chips) 
Seat 7: dr_octupus ($6.35 in chips) 
Seat 9: PokyDon ($24.80 in chips) 
Alameda22: posts small blind $0.10
euglcs: posts big blind $0.25
dr_octupus: posts big blind $0.25
*** HOLE CARDS ***
Dealt to Alameda22 [6c 3c]
mcdougal2: folds 
mcdougal2 leaves the table
Hustler180: folds 
Kukoc69: folds 
dr_octupus: checks 
PokyDon: folds 
xxWACKOxx: folds 
Alameda22: folds 
euglcs: checks 
*** FLOP *** [9h Ts Qs]
euglcs: checks 
dr_octupus: checks 
*** TURN *** [9h Ts Qs] [Jc]
euglcs: checks 
dr_octupus: checks 
*** RIVER *** [9h Ts Qs Jc] [3d]
euglcs: checks 
dr_octupus: bets $1.50
euglcs: folds 
Uncalled bet ($1.50) returned to dr_octupus
dr_octupus collected $0.60 from pot
dr_octupus: doesn't show hand 
*** SUMMARY ***
Total pot $0.60 | Rake $0 
Board [9h Ts Qs Jc 3d]
Seat 1: xxWACKOxx (button) folded before Flop (didn't bet)
Seat 2: Alameda22 (small blind) folded before Flop
Seat 3: euglcs (big blind) folded on the River
Seat 4: mcdougal2 folded before Flop (didn't bet)
Seat 5: Hustler180 folded before Flop (didn't bet)
Seat 6: Kukoc69 folded before Flop (didn't bet)
Seat 7: dr_octupus collected ($0.60)
Seat 9: PokyDon folded before Flop (didn't bet)



PokerStars Game #19951957171:  Hold'em No Limit ($0.10/$0.25) - 2008/08/27 - 22:10:37 (ET)
Table 'Brangane' 9-max Seat #2 is the button
Seat 1: xxWACKOxx ($24.90 in chips) 
Seat 2: Alameda22 ($24.60 in chips) 
Seat 3: euglcs ($23.90 in chips) 
Seat 5: Hustler180 ($13.90 in chips) 
Seat 6: Kukoc69 ($57.20 in chips) 
Seat 7: dr_octupus ($6.70 in chips) 
Seat 9: PokyDon ($24.80 in chips) 
euglcs: posts small blind $0.10
Hustler180: posts big blind $0.25
*** HOLE CARDS ***
Dealt to Alameda22 [3d 6s]
Kukoc69: raises $0.75 to $1
gofast111 joins the table at seat #4 
dr_octupus: folds 
PokyDon: folds 
xxWACKOxx: folds 
Alameda22: folds 
euglcs: folds 
Hustler180: calls $0.75
*** FLOP *** [Ks 3s 2s]
Hustler180: checks 
Kukoc69: bets $0.50
Hustler180: folds 
Uncalled bet ($0.50) returned to Kukoc69
Kukoc69 collected $2 from pot
Kukoc69: doesn't show hand 
*** SUMMARY ***
Total pot $2.10 | Rake $0.10 
Board [Ks 3s 2s]
Seat 1: xxWACKOxx folded before Flop (didn't bet)
Seat 2: Alameda22 (button) folded before Flop (didn't bet)
Seat 3: euglcs (small blind) folded before Flop
Seat 5: Hustler180 (big blind) folded on the Flop
Seat 6: Kukoc69 collected ($2)
Seat 7: dr_octupus folded before Flop (didn't bet)
Seat 9: PokyDon folded before Flop (didn't bet)



PokerStars Game #19951977556:  Hold'em No Limit ($0.10/$0.25) - 2008/08/27 - 22:11:30 (ET)
Table 'Brangane' 9-max Seat #3 is the button
Seat 1: xxWACKOxx ($24.90 in chips) 
Seat 2: Alameda22 ($24.60 in chips) 
Seat 3: euglcs ($25 in chips) 
Seat 5: Hustler180 ($12.90 in chips) 
Seat 6: Kukoc69 ($58.20 in chips) 
Seat 7: dr_octupus ($6.70 in chips) 
Seat 9: PokyDon ($24.80 in chips) 
gofast111 will be allowed to play after the button
Hustler180: posts small blind $0.10
Kukoc69: posts big blind $0.25
*** HOLE CARDS ***
Dealt to Alameda22 [8c 3s]
dr_octupus: calls $0.25
PokyDon: calls $0.25
xxWACKOxx: folds 
Alameda22: folds 
euglcs: calls $0.25
Hustler180: folds 
Kukoc69: checks 
*** FLOP *** [Qh Kd Qc]
Kukoc69: bets $0.50
dr_octupus: folds 
PokyDon: folds 
euglcs: folds 
Uncalled bet ($0.50) returned to Kukoc69
Kukoc69 collected $1.05 from pot
Kukoc69: doesn't show hand 
*** SUMMARY ***
Total pot $1.10 | Rake $0.05 
Board [Qh Kd Qc]
Seat 1: xxWACKOxx folded before Flop (didn't bet)
Seat 2: Alameda22 folded before Flop (didn't bet)
Seat 3: euglcs (button) folded on the Flop
Seat 5: Hustler180 (small blind) folded before Flop
Seat 6: Kukoc69 (big blind) collected ($1.05)
Seat 7: dr_octupus folded on the Flop
Seat 9: PokyDon folded on the Flop



PokerStars Game #19951997986:  Hold'em No Limit ($0.10/$0.25) - 2008/08/27 - 22:12:24 (ET)
Table 'Brangane' 9-max Seat #5 is the button
Seat 1: xxWACKOxx ($24.90 in chips) 
Seat 2: Alameda22 ($24.60 in chips) 
Seat 3: euglcs ($24.75 in chips) 
Seat 4: gofast111 ($15 in chips) 
Seat 5: Hustler180 ($12.80 in chips) 
Seat 6: Kukoc69 ($59 in chips) 
Seat 7: dr_octupus ($6.45 in chips) 
Seat 9: PokyDon ($24.55 in chips) 
Kukoc69: posts small blind $0.10
dr_octupus: posts big blind $0.25
gofast111: posts big blind $0.25
*** HOLE CARDS ***
Dealt to Alameda22 [8d 4s]
PokyDon: calls $0.25
xxWACKOxx: calls $0.25
Alameda22: folds 
euglcs: folds 
gofast111: checks 
Hustler180: raises $0.75 to $1
Kukoc69: raises $2 to $3
dr_octupus: folds 
PokyDon: folds 
xxWACKOxx: folds 
gofast111: folds 
Hustler180: calls $2
*** FLOP *** [7h 6h 9d]
Kukoc69: bets $6
Hustler180: calls $6
*** TURN *** [7h 6h 9d] [2s]
Kukoc69: bets $8.25
Hustler180: calls $3.80 and is all-in
Uncalled bet ($4.45) returned to Kukoc69
*** RIVER *** [7h 6h 9d 2s] [Ac]
*** SHOW DOWN ***
Kukoc69: shows [Qd Qh] (a pair of Queens)
Hustler180: shows [Ad 6d] (two pair, Aces and Sixes)
Hustler180 collected $25.35 from pot
*** SUMMARY ***
Total pot $26.60 | Rake $1.25 
Board [7h 6h 9d 2s Ac]
Seat 1: xxWACKOxx folded before Flop
Seat 2: Alameda22 folded before Flop (didn't bet)
Seat 3: euglcs folded before Flop (didn't bet)
Seat 4: gofast111 folded before Flop
Seat 5: Hustler180 (button) showed [Ad 6d] and won ($25.35) with two pair, Aces and Sixes
Seat 6: Kukoc69 (small blind) showed [Qd Qh] and lost with a pair of Queens
Seat 7: dr_octupus (big blind) folded before Flop
Seat 9: PokyDon folded before Flop



PokerStars Game #19952037756:  Hold'em No Limit ($0.10/$0.25) - 2008/08/27 - 22:14:11 (ET)
Table 'Brangane' 9-max Seat #6 is the button
Seat 1: xxWACKOxx ($24.65 in chips) 
Seat 2: Alameda22 ($24.60 in chips) 
Seat 3: euglcs ($24.75 in chips) 
Seat 4: gofast111 ($14.75 in chips) 
Seat 5: Hustler180 ($25.35 in chips) 
Seat 6: Kukoc69 ($46.20 in chips) 
Seat 7: dr_octupus ($6.20 in chips) 
Seat 9: PokyDon ($24.30 in chips) 
dr_octupus: posts small blind $0.10
PokyDon: posts big blind $0.25
*** HOLE CARDS ***
Dealt to Alameda22 [Kh Ac]
xxWACKOxx: folds 
Kukoc69 said, "nice hand fish"
Alameda22: raises $0.50 to $0.75
euglcs: calls $0.75
gofast111: folds 
Hustler180: folds 
Hustler180 said, "ya i was pot commited champ"
Kukoc69: folds 
dr_octupus: calls $0.65
PokyDon: folds 
*** FLOP *** [6c 4h 7s]
dr_octupus: bets $0.25
Hustler180 said, "good job tho i had 6 outs anyway"
Alameda22: raises $1.50 to $1.75
euglcs: raises $5.25 to $7
dr_octupus: folds 
Alameda22: folds 
Uncalled bet ($5.25) returned to euglcs
euglcs collected $5.95 from pot
euglcs: doesn't show hand 
*** SUMMARY ***
Total pot $6.25 | Rake $0.30 
Board [6c 4h 7s]
Seat 1: xxWACKOxx folded before Flop (didn't bet)
Seat 2: Alameda22 folded on the Flop
Seat 3: euglcs collected ($5.95)
Seat 4: gofast111 folded before Flop (didn't bet)
Seat 5: Hustler180 folded before Flop (didn't bet)
Seat 6: Kukoc69 (button) folded before Flop (didn't bet)
Seat 7: dr_octupus (small blind) folded on the Flop
Seat 9: PokyDon (big blind) folded before Flop



PokerStars Game #19952073346:  Hold'em No Limit ($0.10/$0.25) - 2008/08/27 - 22:15:45 (ET)
Table 'Brangane' 9-max Seat #7 is the button
Seat 1: xxWACKOxx ($24.65 in chips) 
Seat 2: Alameda22 ($22.10 in chips) 
Seat 3: euglcs ($28.20 in chips) 
Seat 4: gofast111 ($14.75 in chips) 
Seat 5: Hustler180 ($25.35 in chips) 
Seat 6: Kukoc69 ($46.20 in chips) 
Seat 7: dr_octupus ($7.20 in chips) 
Seat 9: PokyDon ($24.05 in chips) 
PokyDon: posts small blind $0.10
xxWACKOxx: posts big blind $0.25
*** HOLE CARDS ***
Dealt to Alameda22 [Qs Jc]
Alameda22: folds 
euglcs: calls $0.25
gofast111: folds 
Hustler180: raises $0.75 to $1
Kukoc69: folds 
dr_octupus: folds 
PokyDon: calls $0.90
xxWACKOxx: folds 
euglcs: folds 
*** FLOP *** [3c 3d 6d]
PokyDon: checks 
Hustler180: bets $1
PokyDon: folds 
Uncalled bet ($1) returned to Hustler180
Hustler180 collected $2.40 from pot
*** SUMMARY ***
Total pot $2.50 | Rake $0.10 
Board [3c 3d 6d]
Seat 1: xxWACKOxx (big blind) folded before Flop
Seat 2: Alameda22 folded before Flop (didn't bet)
Seat 3: euglcs folded before Flop
Seat 4: gofast111 folded before Flop (didn't bet)
Seat 5: Hustler180 collected ($2.40)
Seat 6: Kukoc69 folded before Flop (didn't bet)
Seat 7: dr_octupus (button) folded before Flop (didn't bet)
Seat 9: PokyDon (small blind) folded on the Flop



PokerStars Game #19952103413:  Hold'em No Limit ($0.10/$0.25) - 2008/08/27 - 22:17:04 (ET)
Table 'Brangane' 9-max Seat #9 is the button
Seat 1: xxWACKOxx ($24.40 in chips) 
Seat 2: Alameda22 ($22.10 in chips) 
Seat 3: euglcs ($27.95 in chips) 
Seat 4: gofast111 ($14.75 in chips) 
Seat 5: Hustler180 ($26.75 in chips) 
Seat 6: Kukoc69 ($46.20 in chips) 
Seat 7: dr_octupus ($7.20 in chips) 
Seat 9: PokyDon ($23.05 in chips) 
xxWACKOxx: posts small blind $0.10
Alameda22: posts big blind $0.25
*** HOLE CARDS ***
Dealt to Alameda22 [4s 3h]
euglcs: folds 
gofast111: folds 
Hustler180: calls $0.25
Kukoc69: raises $0.75 to $1
dr_octupus: folds 
PokyDon: folds 
xxWACKOxx: folds 
Hawkeyeyog is disconnected 
Alameda22: folds 
Hustler180: calls $0.75
*** FLOP *** [2d Jd Th]
Hustler180: checks 
Kukoc69: bets $1.50
Hustler180: folds 
Uncalled bet ($1.50) returned to Kukoc69
Kukoc69 collected $2.25 from pot
Kukoc69: doesn't show hand 
*** SUMMARY ***
Total pot $2.35 | Rake $0.10 
Board [2d Jd Th]
Seat 1: xxWACKOxx (small blind) folded before Flop
Seat 2: Alameda22 (big blind) folded before Flop
Seat 3: euglcs folded before Flop (didn't bet)
Seat 4: gofast111 folded before Flop (didn't bet)
Seat 5: Hustler180 folded on the Flop
Seat 6: Kukoc69 collected ($2.25)
Seat 7: dr_octupus folded before Flop (didn't bet)
Seat 9: PokyDon (button) folded before Flop (didn't bet)



PokerStars Game #19952124556:  Hold'em No Limit ($0.10/$0.25) - 2008/08/27 - 22:18:01 (ET)
Table 'Brangane' 9-max Seat #1 is the button
Seat 1: xxWACKOxx ($24.30 in chips) 
Seat 2: Alameda22 ($21.85 in chips) 
Seat 3: euglcs ($27.95 in chips) 
Seat 4: gofast111 ($14.75 in chips) 
Seat 5: Hustler180 ($25.75 in chips) 
Seat 6: Kukoc69 ($47.45 in chips) 
Seat 7: dr_octupus ($7.20 in chips) 
Seat 9: PokyDon ($23.05 in chips) 
Alameda22: posts small blind $0.10
euglcs: posts big blind $0.25
*** HOLE CARDS ***
Dealt to Alameda22 [3c 5c]
gofast111: folds 
Hustler180: folds 
Kukoc69: folds 
dr_octupus: folds 
PokyDon: folds 
xxWACKOxx: calls $0.25
Alameda22: folds 
euglcs: checks 
*** FLOP *** [Js 3h 5s]
euglcs: checks 
xxWACKOxx: checks 
*** TURN *** [Js 3h 5s] [8d]
euglcs: checks 
xxWACKOxx: checks 
*** RIVER *** [Js 3h 5s 8d] [Kh]
euglcs: checks 
xxWACKOxx: bets $0.25
euglcs: folds 
Uncalled bet ($0.25) returned to xxWACKOxx
xxWACKOxx collected $0.60 from pot
xxWACKOxx: doesn't show hand 
*** SUMMARY ***
Total pot $0.60 | Rake $0 
Board [Js 3h 5s 8d Kh]
Seat 1: xxWACKOxx (button) collected ($0.60)
Seat 2: Alameda22 (small blind) folded before Flop
Seat 3: euglcs (big blind) folded on the River
Seat 4: gofast111 folded before Flop (didn't bet)
Seat 5: Hustler180 folded before Flop (didn't bet)
Seat 6: Kukoc69 folded before Flop (didn't bet)
Seat 7: dr_octupus folded before Flop (didn't bet)
Seat 9: PokyDon folded before Flop (didn't bet)



PokerStars Game #19952145876:  Hold'em No Limit ($0.10/$0.25) - 2008/08/27 - 22:18:57 (ET)
Table 'Brangane' 9-max Seat #2 is the button
Seat 1: xxWACKOxx ($24.65 in chips) 
Seat 2: Alameda22 ($21.75 in chips) 
Seat 3: euglcs ($27.70 in chips) 
Seat 4: gofast111 ($14.75 in chips) 
Seat 5: Hustler180 ($25.75 in chips) 
Seat 6: Kukoc69 ($47.45 in chips) 
Seat 7: dr_octupus ($7.20 in chips) 
Seat 9: PokyDon ($23.05 in chips) 
euglcs: posts small blind $0.10
gofast111: posts big blind $0.25
*** HOLE CARDS ***
Dealt to Alameda22 [9d 3d]
Hustler180: raises $0.50 to $0.75
Kukoc69: folds 
dr_octupus: folds 
PokyDon: folds 
xxWACKOxx: calls $0.75
Alameda22: folds 
euglcs: folds 
gofast111: calls $0.50
*** FLOP *** [5h 6d 2c]
gofast111: checks 
Hustler180: bets $1
xxWACKOxx: calls $1
gofast111: folds 
*** TURN *** [5h 6d 2c] [6h]
Hustler180: bets $2
xxWACKOxx: calls $2
*** RIVER *** [5h 6d 2c 6h] [7s]
Hustler180: bets $5
xxWACKOxx: folds 
Uncalled bet ($5) returned to Hustler180
Hustler180 collected $7.95 from pot
*** SUMMARY ***
Total pot $8.35 | Rake $0.40 
Board [5h 6d 2c 6h 7s]
Seat 1: xxWACKOxx folded on the River
Seat 2: Alameda22 (button) folded before Flop (didn't bet)
Seat 3: euglcs (small blind) folded before Flop
Seat 4: gofast111 (big blind) folded on the Flop
Seat 5: Hustler180 collected ($7.95)
Seat 6: Kukoc69 folded before Flop (didn't bet)
Seat 7: dr_octupus folded before Flop (didn't bet)
Seat 9: PokyDon folded before Flop (didn't bet)



PokerStars Game #19952173029:  Hold'em No Limit ($0.10/$0.25) - 2008/08/27 - 22:20:09 (ET)
Table 'Brangane' 9-max Seat #3 is the button
Seat 1: xxWACKOxx ($20.90 in chips) 
Seat 2: Alameda22 ($21.75 in chips) 
Seat 3: euglcs ($27.60 in chips) 
Seat 4: gofast111 ($14 in chips) 
Seat 5: Hustler180 ($29.95 in chips) 
Seat 6: Kukoc69 ($47.45 in chips) 
Seat 7: dr_octupus ($7.20 in chips) 
Seat 9: PokyDon ($23.05 in chips) 
gofast111: posts small blind $0.10
Hustler180: posts big blind $0.25
*** HOLE CARDS ***
Dealt to Alameda22 [Qd 6c]
Kukoc69: folds 
dr_octupus: folds 
PokyDon: raises $0.25 to $0.50
xxWACKOxx: folds 
Alameda22: folds 
euglcs: folds 
gofast111: folds 
Hustler180: calls $0.25
*** FLOP *** [Tc 2c 5c]
Hustler180: checks 
PokyDon: bets $0.50
Hustler180: raises $1 to $1.50
PokyDon: calls $1
*** TURN *** [Tc 2c 5c] [5h]
Hustler180: bets $2
PokyDon: calls $2
*** RIVER *** [Tc 2c 5c 5h] [3s]
Hustler180: checks 
PokyDon: checks 
*** SHOW DOWN ***
Hustler180: shows [Jd 8h] (a pair of Fives)
PokyDon: shows [As Kc] (a pair of Fives - Ace kicker)
PokyDon collected $7.75 from pot
*** SUMMARY ***
Total pot $8.10 | Rake $0.35 
Board [Tc 2c 5c 5h 3s]
Seat 1: xxWACKOxx folded before Flop (didn't bet)
Seat 2: Alameda22 folded before Flop (didn't bet)
Seat 3: euglcs (button) folded before Flop (didn't bet)
Seat 4: gofast111 (small blind) folded before Flop
Seat 5: Hustler180 (big blind) showed [Jd 8h] and lost with a pair of Fives
Seat 6: Kukoc69 folded before Flop (didn't bet)
Seat 7: dr_octupus folded before Flop (didn't bet)
Seat 9: PokyDon showed [As Kc] and won ($7.75) with a pair of Fives



PokerStars Game #19952210853:  Hold'em No Limit ($0.10/$0.25) - 2008/08/27 - 22:21:49 (ET)
Table 'Brangane' 9-max Seat #4 is the button
Seat 1: xxWACKOxx ($25 in chips) 
Seat 2: Alameda22 ($21.75 in chips) 
Seat 3: euglcs ($27.60 in chips) 
Seat 4: gofast111 ($13.90 in chips) 
Seat 5: Hustler180 ($25.95 in chips) 
Seat 6: Kukoc69 ($47.45 in chips) 
Seat 7: dr_octupus ($7.20 in chips) 
Seat 9: PokyDon ($26.80 in chips) 
Hustler180: posts small blind $0.10
Kukoc69: posts big blind $0.25
*** HOLE CARDS ***
Dealt to Alameda22 [3s 4c]
dr_octupus: calls $0.25
PokyDon: folds 
xxWACKOxx: folds 
Alameda22: folds 
euglcs: calls $0.25
gofast111: folds 
Hustler180: folds 
Kukoc69: checks 
*** FLOP *** [6s Jc 9h]
Kukoc69: folds 
dr_octupus: bets $0.25
euglcs: raises $0.60 to $0.85
dr_octupus: calls $0.60
*** TURN *** [6s Jc 9h] [Ks]
dr_octupus: bets $0.25
euglcs: raises $1.60 to $1.85
dr_octupus: calls $1.60
*** RIVER *** [6s Jc 9h Ks] [3c]
dr_octupus: bets $1.50
euglcs: raises $2.50 to $4
dr_octupus: folds 
Uncalled bet ($2.50) returned to euglcs
euglcs collected $8.85 from pot
euglcs: doesn't show hand 
*** SUMMARY ***
Total pot $9.25 | Rake $0.40 
Board [6s Jc 9h Ks 3c]
Seat 1: xxWACKOxx folded before Flop (didn't bet)
Seat 2: Alameda22 folded before Flop (didn't bet)
Seat 3: euglcs collected ($8.85)
Seat 4: gofast111 (button) folded before Flop (didn't bet)
Seat 5: Hustler180 (small blind) folded before Flop
Seat 6: Kukoc69 (big blind) folded on the Flop
Seat 7: dr_octupus folded on the River
Seat 9: PokyDon folded before Flop (didn't bet)



PokerStars Game #19952243908:  Hold'em No Limit ($0.10/$0.25) - 2008/08/27 - 22:23:16 (ET)
Table 'Brangane' 9-max Seat #5 is the button
Seat 1: xxWACKOxx ($25 in chips) 
Seat 2: Alameda22 ($21.75 in chips) 
Seat 3: euglcs ($32 in chips) 
Seat 4: gofast111 ($13.90 in chips) 
Seat 5: Hustler180 ($25.85 in chips) 
Seat 6: Kukoc69 ($47.20 in chips) 
Seat 7: dr_octupus ($2.75 in chips) 
Seat 9: PokyDon ($26.80 in chips) 
Kukoc69: posts small blind $0.10
dr_octupus: posts big blind $0.25
*** HOLE CARDS ***
Dealt to Alameda22 [Qc 3s]
PokyDon: calls $0.25
xxWACKOxx: calls $0.25
Alameda22: folds 
euglcs: folds 
gofast111: folds 
Hustler180: folds 
Kukoc69: folds 
dr_octupus: checks 
*** FLOP *** [Ah 7s Jc]
dr_octupus: checks 
PokyDon: checks 
xxWACKOxx: bets $0.25
dr_octupus: calls $0.25
PokyDon: calls $0.25
*** TURN *** [Ah 7s Jc] [5s]
dr_octupus: checks 
PokyDon: bets $0.25
xxWACKOxx: calls $0.25
dr_octupus: calls $0.25
*** RIVER *** [Ah 7s Jc 5s] [As]
dr_octupus: checks 
PokyDon: bets $0.25
xxWACKOxx: calls $0.25
dr_octupus: calls $0.25
*** SHOW DOWN ***
PokyDon: shows [8d Jd] (two pair, Aces and Jacks)
xxWACKOxx: mucks hand 
dr_octupus: mucks hand 
PokyDon collected $2.95 from pot
*** SUMMARY ***
Total pot $3.10 | Rake $0.15 
Board [Ah 7s Jc 5s As]
Seat 1: xxWACKOxx mucked [9h 9s]
Seat 2: Alameda22 folded before Flop (didn't bet)
Seat 3: euglcs folded before Flop (didn't bet)
Seat 4: gofast111 folded before Flop (didn't bet)
Seat 5: Hustler180 (button) folded before Flop (didn't bet)
Seat 6: Kukoc69 (small blind) folded before Flop
Seat 7: dr_octupus (big blind) mucked [7h 2s]
Seat 9: PokyDon showed [8d Jd] and won ($2.95) with two pair, Aces and Jacks



PokerStars Game #19952276797:  Hold'em No Limit ($0.10/$0.25) - 2008/08/27 - 22:24:43 (ET)
Table 'Brangane' 9-max Seat #6 is the button
Seat 1: xxWACKOxx ($24 in chips) 
Seat 2: Alameda22 ($21.75 in chips) 
Seat 3: euglcs ($32 in chips) 
Seat 4: gofast111 ($13.90 in chips) 
Seat 5: Hustler180 ($25.85 in chips) 
Seat 6: Kukoc69 ($47.10 in chips) 
Seat 7: dr_octupus ($1.75 in chips) 
Seat 9: PokyDon ($28.75 in chips) 
dr_octupus: posts small blind $0.10
PokyDon: posts big blind $0.25
*** HOLE CARDS ***
Dealt to Alameda22 [Ts 6d]
xxWACKOxx: folds 
Alameda22: folds 
euglcs: folds 
gofast111: folds 
Hustler180: raises $0.75 to $1
Kukoc69: folds 
dr_octupus: folds 
PokyDon: calls $0.75
*** FLOP *** [Qd Qs 4s]
PokyDon: checks 
Hustler180: checks 
*** TURN *** [Qd Qs 4s] [5c]
PokyDon: checks 
Hustler180: bets $0.50
PokyDon: raises $0.50 to $1
Hustler180: raises $1 to $2
PokyDon: raises $25.75 to $27.75 and is all-in
Hustler180: calls $22.85 and is all-in
Uncalled bet ($2.90) returned to PokyDon
*** RIVER *** [Qd Qs 4s 5c] [Kc]
*** SHOW DOWN ***
PokyDon: shows [Kh Qc] (a full house, Queens full of Kings)
Hustler180: mucks hand 
PokyDon collected $49.25 from pot
*** SUMMARY ***
Total pot $51.80 | Rake $2.55 
Board [Qd Qs 4s 5c Kc]
Seat 1: xxWACKOxx folded before Flop (didn't bet)
Seat 2: Alameda22 folded before Flop (didn't bet)
Seat 3: euglcs folded before Flop (didn't bet)
Seat 4: gofast111 folded before Flop (didn't bet)
Seat 5: Hustler180 mucked [Qh Jh]
Seat 6: Kukoc69 (button) folded before Flop (didn't bet)
Seat 7: dr_octupus (small blind) folded before Flop
Seat 9: PokyDon (big blind) showed [Kh Qc] and won ($49.25) with a full house, Queens full of Kings



PokerStars Game #19952296633:  Hold'em No Limit ($0.10/$0.25) - 2008/08/27 - 22:25:35 (ET)
Table 'Brangane' 9-max Seat #7 is the button
Seat 1: xxWACKOxx ($24 in chips) 
Seat 2: Alameda22 ($21.75 in chips) 
Seat 3: euglcs ($32 in chips) 
Seat 4: gofast111 ($13.90 in chips) 
Seat 6: Kukoc69 ($47.10 in chips) 
Seat 7: dr_octupus ($5.65 in chips) 
Seat 9: PokyDon ($52.15 in chips) 
PokyDon: posts small blind $0.10
xxWACKOxx: posts big blind $0.25
*** HOLE CARDS ***
Dealt to Alameda22 [2h 4c]
Alameda22: folds 
euglcs: folds 
gofast111: folds 
Hustler180 said, "o my suckout"
Kukoc69: raises $0.75 to $1
dr_octupus: folds 
Hustler180 said, "lol"
Hustler180 said, "i love this game"
PokyDon: folds 
Hustler180 has returned
xxWACKOxx: folds 
Uncalled bet ($0.75) returned to Kukoc69
Kukoc69 collected $0.60 from pot
Kukoc69: doesn't show hand 
*** SUMMARY ***
Total pot $0.60 | Rake $0 
Seat 1: xxWACKOxx (big blind) folded before Flop
Seat 2: Alameda22 folded before Flop (didn't bet)
Seat 3: euglcs folded before Flop (didn't bet)
Seat 4: gofast111 folded before Flop (didn't bet)
Seat 6: Kukoc69 collected ($0.60)
Seat 7: dr_octupus (button) folded before Flop (didn't bet)
Seat 9: PokyDon (small blind) folded before Flop



PokerStars Game #19952310073:  Hold'em No Limit ($0.10/$0.25) - 2008/08/27 - 22:26:10 (ET)
Table 'Brangane' 9-max Seat #9 is the button
Seat 1: xxWACKOxx ($23.75 in chips) 
Seat 2: Alameda22 ($21.75 in chips) 
Seat 3: euglcs ($32 in chips) 
Seat 4: gofast111 ($13.90 in chips) 
Seat 6: Kukoc69 ($47.45 in chips) 
Seat 7: dr_octupus ($5.65 in chips) 
Seat 9: PokyDon ($52.05 in chips) 
xxWACKOxx: posts small blind $0.10
Alameda22: posts big blind $0.25
*** HOLE CARDS ***
Dealt to Alameda22 [9s Js]
euglcs: folds 
gofast111: calls $0.25
Hustler180 is disconnected 
Kukoc69: folds 
dr_octupus: calls $0.25
PokyDon: calls $0.25
xxWACKOxx: folds 
Alameda22: checks 
*** FLOP *** [8s 8h 6h]
Alameda22: checks 
gofast111: bets $0.50
dr_octupus: calls $0.50
PokyDon: folds 
Alameda22: folds 
*** TURN *** [8s 8h 6h] [3d]
gofast111: checks 
dr_octupus: checks 
*** RIVER *** [8s 8h 6h 3d] [Jd]
gofast111: checks 
dr_octupus: checks 
Hustler180 is connected 
*** SHOW DOWN ***
gofast111: shows [Ah 9h] (a pair of Eights)
dr_octupus: mucks hand 
gofast111 collected $2 from pot
Hawkeyeyog was removed from the table for failing to post
*** SUMMARY ***
Total pot $2.10 | Rake $0.10 
Board [8s 8h 6h 3d Jd]
Seat 1: xxWACKOxx (small blind) folded before Flop
Seat 2: Alameda22 (big blind) folded on the Flop
Seat 3: euglcs folded before Flop (didn't bet)
Seat 4: gofast111 showed [Ah 9h] and won ($2) with a pair of Eights
Seat 6: Kukoc69 folded before Flop (didn't bet)
Seat 7: dr_octupus mucked [Td 9d]
Seat 9: PokyDon (button) folded on the Flop



PokerStars Game #19952339884:  Hold'em No Limit ($0.10/$0.25) - 2008/08/27 - 22:27:28 (ET)
Table 'Brangane' 9-max Seat #1 is the button
Seat 1: xxWACKOxx ($23.65 in chips) 
Seat 2: Alameda22 ($21.50 in chips) 
Seat 3: euglcs ($32 in chips) 
Seat 4: gofast111 ($15.15 in chips) 
Seat 6: Kukoc69 ($47.45 in chips) 
Seat 7: dr_octupus ($4.90 in chips) 
Seat 9: PokyDon ($51.80 in chips) 
Alameda22: posts small blind $0.10
euglcs: posts big blind $0.25
*** HOLE CARDS ***
Dealt to Alameda22 [9c 4h]
gofast111: folds 
Hustler180 has returned
Kukoc69: folds 
dr_octupus: calls $0.25
PokyDon: folds 
xxWACKOxx: calls $0.25
Hustler180 leaves the table
Alameda22: folds 
euglcs: checks 
*** FLOP *** [Qh Kd Qd]
betganij joins the table at seat #8 
euglcs: bets $0.25
dr_octupus: calls $0.25
xxWACKOxx: folds 
*** TURN *** [Qh Kd Qd] [Td]
euglcs: bets $0.25
dr_octupus: calls $0.25
*** RIVER *** [Qh Kd Qd Td] [4c]
euglcs: bets $0.75
dr_octupus: raises $3.25 to $4
euglcs: calls $3.25
*** SHOW DOWN ***
dr_octupus: shows [Ad 7d] (a flush, Ace high)
euglcs: mucks hand 
dr_octupus collected $9.40 from pot
*** SUMMARY ***
Total pot $9.85 | Rake $0.45 
Board [Qh Kd Qd Td 4c]
Seat 1: xxWACKOxx (button) folded on the Flop
Seat 2: Alameda22 (small blind) folded before Flop
Seat 3: euglcs (big blind) mucked [Qs 9d]
Seat 4: gofast111 folded before Flop (didn't bet)
Seat 6: Kukoc69 folded before Flop (didn't bet)
Seat 7: dr_octupus showed [Ad 7d] and won ($9.40) with a flush, Ace high
Seat 9: PokyDon folded before Flop (didn't bet)



PokerStars Game #19952388076:  Hold'em No Limit ($0.10/$0.25) - 2008/08/27 - 22:29:34 (ET)
Table 'Brangane' 9-max Seat #2 is the button
Seat 1: xxWACKOxx ($23.40 in chips) 
Seat 2: Alameda22 ($21.40 in chips) 
Seat 3: euglcs ($27.25 in chips) 
Seat 4: gofast111 ($15.15 in chips) 
Seat 6: Kukoc69 ($47.45 in chips) 
Seat 7: dr_octupus ($9.55 in chips) 
Seat 9: PokyDon ($51.80 in chips) 
euglcs: posts small blind $0.10
gofast111: posts big blind $0.25
SwitchLanes2 joins the table at seat #5 
betganij: sits out 
*** HOLE CARDS ***
Dealt to Alameda22 [Jc Jd]
Kukoc69: folds 
dr_octupus: folds 
PokyDon: folds 
xxWACKOxx: folds 
Alameda22: raises $0.50 to $0.75
euglcs: folds 
gofast111: folds 
Uncalled bet ($0.50) returned to Alameda22
Alameda22 collected $0.60 from pot
Alameda22: doesn't show hand 
*** SUMMARY ***
Total pot $0.60 | Rake $0 
Seat 1: xxWACKOxx folded before Flop (didn't bet)
Seat 2: Alameda22 (button) collected ($0.60)
Seat 3: euglcs (small blind) folded before Flop
Seat 4: gofast111 (big blind) folded before Flop
Seat 6: Kukoc69 folded before Flop (didn't bet)
Seat 7: dr_octupus folded before Flop (didn't bet)
Seat 9: PokyDon folded before Flop (didn't bet)



PokerStars Game #19952402212:  Hold'em No Limit ($0.10/$0.25) - 2008/08/27 - 22:30:11 (ET)
Table 'Brangane' 9-max Seat #3 is the button
Seat 1: xxWACKOxx ($25 in chips) 
Seat 2: Alameda22 ($21.75 in chips) 
Seat 3: euglcs ($27.15 in chips) 
Seat 4: gofast111 ($14.90 in chips) 
Seat 5: SwitchLanes2 ($9.55 in chips) 
Seat 6: Kukoc69 ($47.45 in chips) 
Seat 7: dr_octupus ($9.55 in chips) 
Seat 9: PokyDon ($51.80 in chips) 
gofast111: posts small blind $0.10
SwitchLanes2: posts big blind $0.25
betganij: sits out 
*** HOLE CARDS ***
Dealt to Alameda22 [4c 7s]
Kukoc69: folds 
dr_octupus: folds 
dr_octupus is sitting out
PokyDon: folds 
dr_octupus leaves the table
xxWACKOxx: calls $0.25
Alameda22: folds 
euglcs: folds 
gofast111: calls $0.15
SwitchLanes2: checks 
*** FLOP *** [Qc Td Jd]
gofast111: checks 
SwitchLanes2: checks 
xxWACKOxx: bets $0.50
gofast111: calls $0.50
SwitchLanes2: folds 
*** TURN *** [Qc Td Jd] [Ks]
gofast111: bets $1.25
xxWACKOxx: calls $1.25
*** RIVER *** [Qc Td Jd Ks] [3h]
WooLeeJung joins the table at seat #7 
gofast111: checks 
xxWACKOxx: bets $23 and is all-in
gofast111: folds 
Uncalled bet ($23) returned to xxWACKOxx
xxWACKOxx collected $4.05 from pot
xxWACKOxx: doesn't show hand 
*** SUMMARY ***
Total pot $4.25 | Rake $0.20 
Board [Qc Td Jd Ks 3h]
Seat 1: xxWACKOxx collected ($4.05)
Seat 2: Alameda22 folded before Flop (didn't bet)
Seat 3: euglcs (button) folded before Flop (didn't bet)
Seat 4: gofast111 (small blind) folded on the River
Seat 5: SwitchLanes2 (big blind) folded on the Flop
Seat 6: Kukoc69 folded before Flop (didn't bet)
Seat 7: dr_octupus folded before Flop (didn't bet)
Seat 9: PokyDon folded before Flop (didn't bet)



PokerStars Game #19952439080:  Hold'em No Limit ($0.10/$0.25) - 2008/08/27 - 22:31:43 (ET)
Table 'Brangane' 9-max Seat #4 is the button
Seat 1: xxWACKOxx ($27.05 in chips) 
Seat 2: Alameda22 ($21.75 in chips) 
Seat 3: euglcs ($27.15 in chips) 
Seat 4: gofast111 ($12.90 in chips) 
Seat 5: SwitchLanes2 ($9.30 in chips) 
Seat 6: Kukoc69 ($47.45 in chips) 
Seat 9: PokyDon ($51.80 in chips) 
SwitchLanes2: posts small blind $0.10
Kukoc69: posts big blind $0.25
WooLeeJung: sits out 
betganij: sits out 
*** HOLE CARDS ***
Dealt to Alameda22 [6c Ac]
PokyDon: folds 
xxWACKOxx: folds 
Alameda22: folds 
euglcs: folds 
gofast111: raises $0.50 to $0.75
SwitchLanes2: calls $0.65
Kukoc69: folds 
*** FLOP *** [Ad 7c 6s]
SwitchLanes2: bets $0.50
gofast111: folds 
Uncalled bet ($0.50) returned to SwitchLanes2
SwitchLanes2 collected $1.70 from pot
SwitchLanes2: doesn't show hand 
*** SUMMARY ***
Total pot $1.75 | Rake $0.05 
Board [Ad 7c 6s]
Seat 1: xxWACKOxx folded before Flop (didn't bet)
Seat 2: Alameda22 folded before Flop (didn't bet)
Seat 3: euglcs folded before Flop (didn't bet)
Seat 4: gofast111 (button) folded on the Flop
Seat 5: SwitchLanes2 (small blind) collected ($1.70)
Seat 6: Kukoc69 (big blind) folded before Flop
Seat 9: PokyDon folded before Flop (didn't bet)



PokerStars Game #19952469506:  Hold'em No Limit ($0.10/$0.25) - 2008/08/27 - 22:32:57 (ET)
Table 'Brangane' 9-max Seat #5 is the button
Seat 1: xxWACKOxx ($27.05 in chips) 
Seat 2: Alameda22 ($21.75 in chips) 
Seat 3: euglcs ($27.15 in chips) 
Seat 4: gofast111 ($12.15 in chips) 
Seat 5: SwitchLanes2 ($10.25 in chips) 
Seat 6: Kukoc69 ($47.20 in chips) 
Seat 7: WooLeeJung ($25 in chips) 
Seat 9: PokyDon ($51.80 in chips) 
Kukoc69: posts small blind $0.10
WooLeeJung: posts big blind $0.25
betganij: sits out 
*** HOLE CARDS ***
Dealt to Alameda22 [3d Kh]
PokyDon: calls $0.25
xxWACKOxx: folds 
Alameda22: folds 
euglcs: calls $0.25
gofast111: calls $0.25
SwitchLanes2: calls $0.25
Kukoc69: folds 
WooLeeJung: checks 
*** FLOP *** [8d 7d 6c]
WooLeeJung: checks 
PokyDon: bets $0.70
euglcs: folds 
gofast111: calls $0.70
SwitchLanes2: folds 
WooLeeJung: folds 
*** TURN *** [8d 7d 6c] [9s]
PokyDon: bets $0.25
gofast111: raises $1 to $1.25
PokyDon: folds 
Uncalled bet ($1) returned to gofast111
gofast111 collected $3.10 from pot
gofast111: doesn't show hand 
*** SUMMARY ***
Total pot $3.25 | Rake $0.15 
Board [8d 7d 6c 9s]
Seat 1: xxWACKOxx folded before Flop (didn't bet)
Seat 2: Alameda22 folded before Flop (didn't bet)
Seat 3: euglcs folded on the Flop
Seat 4: gofast111 collected ($3.10)
Seat 5: SwitchLanes2 (button) folded on the Flop
Seat 6: Kukoc69 (small blind) folded before Flop
Seat 7: WooLeeJung (big blind) folded on the Flop
Seat 9: PokyDon folded on the Turn



PokerStars Game #19952523501:  Hold'em No Limit ($0.10/$0.25) - 2008/08/27 - 22:35:09 (ET)
Table 'Brangane' 9-max Seat #6 is the button
Seat 1: xxWACKOxx ($27.05 in chips) 
Seat 2: Alameda22 ($21.75 in chips) 
Seat 3: euglcs ($26.90 in chips) 
Seat 4: gofast111 ($14.05 in chips) 
Seat 5: SwitchLanes2 ($10 in chips) 
Seat 6: Kukoc69 ($47.10 in chips) 
Seat 7: WooLeeJung ($24.75 in chips) 
Seat 8: betganij ($5 in chips) 
Seat 9: PokyDon ($50.60 in chips) 
WooLeeJung: posts small blind $0.10
betganij: posts big blind $0.25
*** HOLE CARDS ***
Dealt to Alameda22 [9d Ad]
PokyDon: folds 
xxWACKOxx: folds 
Alameda22: folds 
euglcs: raises $0.25 to $0.50
gofast111: folds 
SwitchLanes2: folds 
Kukoc69: folds 
WooLeeJung: calls $0.40
betganij: folds 
*** FLOP *** [Kh 3d 8s]
WooLeeJung: bets $1
euglcs: folds 
Uncalled bet ($1) returned to WooLeeJung
WooLeeJung collected $1.20 from pot
WooLeeJung: doesn't show hand 
*** SUMMARY ***
Total pot $1.25 | Rake $0.05 
Board [Kh 3d 8s]
Seat 1: xxWACKOxx folded before Flop (didn't bet)
Seat 2: Alameda22 folded before Flop (didn't bet)
Seat 3: euglcs folded on the Flop
Seat 4: gofast111 folded before Flop (didn't bet)
Seat 5: SwitchLanes2 folded before Flop (didn't bet)
Seat 6: Kukoc69 (button) folded before Flop (didn't bet)
Seat 7: WooLeeJung (small blind) collected ($1.20)
Seat 8: betganij (big blind) folded before Flop
Seat 9: PokyDon folded before Flop (didn't bet)



PokerStars Game #19952557972:  Hold'em No Limit ($0.10/$0.25) - 2008/08/27 - 22:36:36 (ET)
Table 'Brangane' 9-max Seat #7 is the button
Seat 1: xxWACKOxx ($27.05 in chips) 
Seat 2: Alameda22 ($21.75 in chips) 
Seat 3: euglcs ($26.40 in chips) 
Seat 4: gofast111 ($14.05 in chips) 
Seat 5: SwitchLanes2 ($10 in chips) 
Seat 6: Kukoc69 ($47.10 in chips) 
Seat 7: WooLeeJung ($25.45 in chips) 
Seat 8: betganij ($4.75 in chips) 
Seat 9: PokyDon ($50.60 in chips) 
betganij: posts small blind $0.10
PokyDon: posts big blind $0.25
*** HOLE CARDS ***
Dealt to Alameda22 [7c 2c]
xxWACKOxx: folds 
Alameda22: folds 
euglcs: folds 
gofast111: folds 
SwitchLanes2: folds 
Kukoc69: folds 
WooLeeJung: calls $0.25
betganij: folds 
PokyDon: checks 
*** FLOP *** [6h Qs Ks]
PokyDon: checks 
WooLeeJung: bets $1
PokyDon: folds 
Uncalled bet ($1) returned to WooLeeJung
WooLeeJung collected $0.60 from pot
WooLeeJung: doesn't show hand 
*** SUMMARY ***
Total pot $0.60 | Rake $0 
Board [6h Qs Ks]
Seat 1: xxWACKOxx folded before Flop (didn't bet)
Seat 2: Alameda22 folded before Flop (didn't bet)
Seat 3: euglcs folded before Flop (didn't bet)
Seat 4: gofast111 folded before Flop (didn't bet)
Seat 5: SwitchLanes2 folded before Flop (didn't bet)
Seat 6: Kukoc69 folded before Flop (didn't bet)
Seat 7: WooLeeJung (button) collected ($0.60)
Seat 8: betganij (small blind) folded before Flop
Seat 9: PokyDon (big blind) folded on the Flop



PokerStars Game #19952583623:  Hold'em No Limit ($0.10/$0.25) - 2008/08/27 - 22:37:40 (ET)
Table 'Brangane' 9-max Seat #8 is the button
Seat 1: xxWACKOxx ($27.05 in chips) 
Seat 2: Alameda22 ($21.75 in chips) 
Seat 3: euglcs ($26.40 in chips) 
Seat 4: gofast111 ($14.05 in chips) 
Seat 5: SwitchLanes2 ($10 in chips) 
Seat 6: Kukoc69 ($47.10 in chips) 
Seat 7: WooLeeJung ($25.80 in chips) 
Seat 8: betganij ($4.65 in chips) 
Seat 9: PokyDon ($50.35 in chips) 
PokyDon: posts small blind $0.10
xxWACKOxx: posts big blind $0.25
*** HOLE CARDS ***
Dealt to Alameda22 [7c 6h]
Alameda22: folds 
euglcs: calls $0.25
gofast111: folds 
SwitchLanes2: calls $0.25
Kukoc69: folds 
WooLeeJung: folds 
betganij: raises $1.25 to $1.50
PokyDon: raises $1.50 to $3
xxWACKOxx: folds 
euglcs: folds 
SwitchLanes2: folds 
betganij: raises $1.65 to $4.65 and is all-in
PokyDon: calls $1.65
*** FLOP *** [8h 2h 5c]
*** TURN *** [8h 2h 5c] [9c]
*** RIVER *** [8h 2h 5c 9c] [2d]
*** SHOW DOWN ***
PokyDon: shows [3c Ac] (a pair of Deuces)
betganij: shows [Ah Ks] (a pair of Deuces - Ace+King kicker)
betganij collected $9.55 from pot
*** SUMMARY ***
Total pot $10.05 | Rake $0.50 
Board [8h 2h 5c 9c 2d]
Seat 1: xxWACKOxx (big blind) folded before Flop
Seat 2: Alameda22 folded before Flop (didn't bet)
Seat 3: euglcs folded before Flop
Seat 4: gofast111 folded before Flop (didn't bet)
Seat 5: SwitchLanes2 folded before Flop
Seat 6: Kukoc69 folded before Flop (didn't bet)
Seat 7: WooLeeJung folded before Flop (didn't bet)
Seat 8: betganij (button) showed [Ah Ks] and won ($9.55) with a pair of Deuces
Seat 9: PokyDon (small blind) showed [3c Ac] and lost with a pair of Deuces



PokerStars Game #19952620234:  Hold'em No Limit ($0.10/$0.25) - 2008/08/27 - 22:39:11 (ET)
Table 'Brangane' 9-max Seat #9 is the button
Seat 1: xxWACKOxx ($26.80 in chips) 
Seat 2: Alameda22 ($21.75 in chips) 
Seat 3: euglcs ($26.15 in chips) 
Seat 4: gofast111 ($14.05 in chips) 
Seat 5: SwitchLanes2 ($9.75 in chips) 
Seat 6: Kukoc69 ($47.10 in chips) 
Seat 7: WooLeeJung ($25.80 in chips) 
Seat 8: betganij ($9.55 in chips) 
Seat 9: PokyDon ($45.70 in chips) 
xxWACKOxx: posts small blind $0.10
Alameda22: posts big blind $0.25
*** HOLE CARDS ***
Dealt to Alameda22 [6h 9s]
euglcs: folds 
gofast111: folds 
SwitchLanes2: folds 
Kukoc69: folds 
WooLeeJung: folds 
betganij: folds 
PokyDon: folds 
xxWACKOxx: calls $0.15
Alameda22: checks 
*** FLOP *** [Ah Tc 3s]
xxWACKOxx: checks 
Alameda22: checks 
*** TURN *** [Ah Tc 3s] [Qc]
xxWACKOxx: checks 
Alameda22: checks 
*** RIVER *** [Ah Tc 3s Qc] [6d]
xxWACKOxx: checks 
Alameda22: checks 
*** SHOW DOWN ***
xxWACKOxx: shows [Kc 2c] (high card Ace)
Alameda22: shows [6h 9s] (a pair of Sixes)
Alameda22 collected $0.50 from pot
*** SUMMARY ***
Total pot $0.50 | Rake $0 
Board [Ah Tc 3s Qc 6d]
Seat 1: xxWACKOxx (small blind) showed [Kc 2c] and lost with high card Ace
Seat 2: Alameda22 (big blind) showed [6h 9s] and won ($0.50) with a pair of Sixes
Seat 3: euglcs folded before Flop (didn't bet)
Seat 4: gofast111 folded before Flop (didn't bet)
Seat 5: SwitchLanes2 folded before Flop (didn't bet)
Seat 6: Kukoc69 folded before Flop (didn't bet)
Seat 7: WooLeeJung folded before Flop (didn't bet)
Seat 8: betganij folded before Flop (didn't bet)
Seat 9: PokyDon (button) folded before Flop (didn't bet)



PokerStars Game #19952649377:  Hold'em No Limit ($0.10/$0.25) - 2008/08/27 - 22:40:23 (ET)
Table 'Brangane' 9-max Seat #1 is the button
Seat 1: xxWACKOxx ($26.55 in chips) 
Seat 2: Alameda22 ($22 in chips) 
Seat 3: euglcs ($26.15 in chips) 
Seat 4: gofast111 ($14.05 in chips) 
Seat 5: SwitchLanes2 ($9.75 in chips) 
Seat 6: Kukoc69 ($47.10 in chips) 
Seat 7: WooLeeJung ($25.80 in chips) 
Seat 8: betganij ($9.55 in chips) 
Seat 9: PokyDon ($45.70 in chips) 
Alameda22: posts small blind $0.10
euglcs: posts big blind $0.25
*** HOLE CARDS ***
Dealt to Alameda22 [4h 6c]
gofast111: folds 
SwitchLanes2: folds 
Kukoc69: folds 
WooLeeJung: folds 
betganij: folds 
PokyDon: folds 
xxWACKOxx: calls $0.25
Alameda22: folds 
euglcs: checks 
*** FLOP *** [Js 7s Ts]
euglcs: checks 
xxWACKOxx: checks 
*** TURN *** [Js 7s Ts] [Kc]
euglcs: checks 
xxWACKOxx: bets $0.50
euglcs: folds 
Uncalled bet ($0.50) returned to xxWACKOxx
xxWACKOxx collected $0.60 from pot
xxWACKOxx: doesn't show hand 
*** SUMMARY ***
Total pot $0.60 | Rake $0 
Board [Js 7s Ts Kc]
Seat 1: xxWACKOxx (button) collected ($0.60)
Seat 2: Alameda22 (small blind) folded before Flop
Seat 3: euglcs (big blind) folded on the Turn
Seat 4: gofast111 folded before Flop (didn't bet)
Seat 5: SwitchLanes2 folded before Flop (didn't bet)
Seat 6: Kukoc69 folded before Flop (didn't bet)
Seat 7: WooLeeJung folded before Flop (didn't bet)
Seat 8: betganij folded before Flop (didn't bet)
Seat 9: PokyDon folded before Flop (didn't bet)



PokerStars Game #19952678389:  Hold'em No Limit ($0.10/$0.25) - 2008/08/27 - 22:41:34 (ET)
Table 'Brangane' 9-max Seat #2 is the button
Seat 1: xxWACKOxx ($26.90 in chips) 
Seat 2: Alameda22 ($21.90 in chips) 
Seat 3: euglcs ($25.90 in chips) 
Seat 4: gofast111 ($14.05 in chips) 
Seat 5: SwitchLanes2 ($9.75 in chips) 
Seat 6: Kukoc69 ($47.10 in chips) 
Seat 7: WooLeeJung ($25.80 in chips) 
Seat 8: betganij ($9.55 in chips) 
Seat 9: PokyDon ($45.70 in chips) 
euglcs: posts small blind $0.10
gofast111: posts big blind $0.25
*** HOLE CARDS ***
Dealt to Alameda22 [Qh 7s]
SwitchLanes2: folds 
Kukoc69: folds 
WooLeeJung: folds 
betganij: folds 
PokyDon: folds 
xxWACKOxx: raises $0.75 to $1
Alameda22: folds 
euglcs: folds 
gofast111: folds 
Uncalled bet ($0.75) returned to xxWACKOxx
xxWACKOxx collected $0.60 from pot
xxWACKOxx: doesn't show hand 
*** SUMMARY ***
Total pot $0.60 | Rake $0 
Seat 1: xxWACKOxx collected ($0.60)
Seat 2: Alameda22 (button) folded before Flop (didn't bet)
Seat 3: euglcs (small blind) folded before Flop
Seat 4: gofast111 (big blind) folded before Flop
Seat 5: SwitchLanes2 folded before Flop (didn't bet)
Seat 6: Kukoc69 folded before Flop (didn't bet)
Seat 7: WooLeeJung folded before Flop (didn't bet)
Seat 8: betganij folded before Flop (didn't bet)
Seat 9: PokyDon folded before Flop (didn't bet)



PokerStars Game #19952692053:  Hold'em No Limit ($0.10/$0.25) - 2008/08/27 - 22:42:08 (ET)
Table 'Brangane' 9-max Seat #3 is the button
Seat 1: xxWACKOxx ($27.25 in chips) 
Seat 2: Alameda22 ($21.90 in chips) 
Seat 3: euglcs ($25.80 in chips) 
Seat 4: gofast111 ($13.80 in chips) 
Seat 5: SwitchLanes2 ($9.75 in chips) 
Seat 6: Kukoc69 ($47.10 in chips) 
Seat 7: WooLeeJung ($25.80 in chips) 
Seat 8: betganij ($9.55 in chips) 
Seat 9: PokyDon ($45.70 in chips) 
gofast111: posts small blind $0.10
SwitchLanes2: posts big blind $0.25
*** HOLE CARDS ***
Dealt to Alameda22 [Ad Jc]
Kukoc69: folds 
WooLeeJung: folds 
betganij: raises $0.75 to $1
PokyDon: folds 
xxWACKOxx: folds 
Alameda22: folds 
euglcs: folds 
gofast111: folds 
SwitchLanes2: folds 
Uncalled bet ($0.75) returned to betganij
betganij collected $0.60 from pot
betganij: doesn't show hand 
*** SUMMARY ***
Total pot $0.60 | Rake $0 
Seat 1: xxWACKOxx folded before Flop (didn't bet)
Seat 2: Alameda22 folded before Flop (didn't bet)
Seat 3: euglcs (button) folded before Flop (didn't bet)
Seat 4: gofast111 (small blind) folded before Flop
Seat 5: SwitchLanes2 (big blind) folded before Flop
Seat 6: Kukoc69 folded before Flop (didn't bet)
Seat 7: WooLeeJung folded before Flop (didn't bet)
Seat 8: betganij collected ($0.60)
Seat 9: PokyDon folded before Flop (didn't bet)



PokerStars Game #19952713716:  Hold'em No Limit ($0.10/$0.25) - 2008/08/27 - 22:43:02 (ET)
Table 'Brangane' 9-max Seat #4 is the button
Seat 1: xxWACKOxx ($27.25 in chips) 
Seat 2: Alameda22 ($21.90 in chips) 
Seat 3: euglcs ($25.80 in chips) 
Seat 4: gofast111 ($13.70 in chips) 
Seat 5: SwitchLanes2 ($9.50 in chips) 
Seat 6: Kukoc69 ($47.10 in chips) 
Seat 7: WooLeeJung ($25.80 in chips) 
Seat 8: betganij ($9.90 in chips) 
Seat 9: PokyDon ($45.70 in chips) 
SwitchLanes2: posts small blind $0.10
Kukoc69: posts big blind $0.25
*** HOLE CARDS ***
Dealt to Alameda22 [3s Kh]
WooLeeJung: folds 
betganij: folds 
PokyDon: calls $0.25
xxWACKOxx: folds 
Alameda22: folds 
euglcs: folds 
gofast111: calls $0.25
SwitchLanes2: calls $0.15
Kukoc69: raises $0.75 to $1
PokyDon: calls $0.75
gofast111: folds 
SwitchLanes2: calls $0.75
*** FLOP *** [9d 4d 5c]
SwitchLanes2: checks 
Kukoc69: checks 
PokyDon: checks 
*** TURN *** [9d 4d 5c] [Qh]
SwitchLanes2: checks 
Kukoc69: bets $3
PokyDon: folds 
SwitchLanes2: folds 
Uncalled bet ($3) returned to Kukoc69
Kukoc69 collected $3.10 from pot
Kukoc69: doesn't show hand 
*** SUMMARY ***
Total pot $3.25 | Rake $0.15 
Board [9d 4d 5c Qh]
Seat 1: xxWACKOxx folded before Flop (didn't bet)
Seat 2: Alameda22 folded before Flop (didn't bet)
Seat 3: euglcs folded before Flop (didn't bet)
Seat 4: gofast111 (button) folded before Flop
Seat 5: SwitchLanes2 (small blind) folded on the Turn
Seat 6: Kukoc69 (big blind) collected ($3.10)
Seat 7: WooLeeJung folded before Flop (didn't bet)
Seat 8: betganij folded before Flop (didn't bet)
Seat 9: PokyDon folded on the Turn



PokerStars Game #19952756899:  Hold'em No Limit ($0.10/$0.25) - 2008/08/27 - 22:44:50 (ET)
Table 'Brangane' 9-max Seat #5 is the button
Seat 1: xxWACKOxx ($27.25 in chips) 
Seat 2: Alameda22 ($21.90 in chips) 
Seat 3: euglcs ($25.80 in chips) 
Seat 4: gofast111 ($13.45 in chips) 
Seat 5: SwitchLanes2 ($8.50 in chips) 
Seat 6: Kukoc69 ($49.20 in chips) 
Seat 7: WooLeeJung ($25.80 in chips) 
Seat 8: betganij ($9.90 in chips) 
Seat 9: PokyDon ($44.70 in chips) 
Kukoc69: posts small blind $0.10
WooLeeJung: posts big blind $0.25
*** HOLE CARDS ***
Dealt to Alameda22 [8d 3d]
betganij: folds 
PokyDon: folds 
xxWACKOxx: folds 
Alameda22: folds 
euglcs: folds 
gofast111: raises $0.50 to $0.75
SwitchLanes2: folds 
Kukoc69: calls $0.65
WooLeeJung: folds 
*** FLOP *** [9d Qh 6d]
betganij leaves the table
TennePenne joins the table at seat #8 
Kukoc69: bets $1.25
gofast111: folds 
Uncalled bet ($1.25) returned to Kukoc69
Kukoc69 collected $1.70 from pot
Kukoc69: doesn't show hand 
*** SUMMARY ***
Total pot $1.75 | Rake $0.05 
Board [9d Qh 6d]
Seat 1: xxWACKOxx folded before Flop (didn't bet)
Seat 2: Alameda22 folded before Flop (didn't bet)
Seat 3: euglcs folded before Flop (didn't bet)
Seat 4: gofast111 folded on the Flop
Seat 5: SwitchLanes2 (button) folded before Flop (didn't bet)
Seat 6: Kukoc69 (small blind) collected ($1.70)
Seat 7: WooLeeJung (big blind) folded before Flop
Seat 8: betganij folded before Flop (didn't bet)
Seat 9: PokyDon folded before Flop (didn't bet)



PokerStars Game #19952785306:  Hold'em No Limit ($0.10/$0.25) - 2008/08/27 - 22:46:00 (ET)
Table 'Brangane' 9-max Seat #6 is the button
Seat 1: xxWACKOxx ($27.25 in chips) 
Seat 2: Alameda22 ($21.90 in chips) 
Seat 3: euglcs ($25.80 in chips) 
Seat 4: gofast111 ($12.70 in chips) 
Seat 5: SwitchLanes2 ($8.50 in chips) 
Seat 6: Kukoc69 ($50.15 in chips) 
Seat 7: WooLeeJung ($25.55 in chips) 
Seat 8: TennePenne ($25 in chips) 
Seat 9: PokyDon ($44.70 in chips) 
WooLeeJung: posts small blind $0.10
TennePenne: posts big blind $0.25
*** HOLE CARDS ***
Dealt to Alameda22 [Kc 3c]
PokyDon: folds 
xxWACKOxx: raises $0.50 to $0.75
Alameda22: folds 
euglcs: folds 
gofast111: folds 
SwitchLanes2: calls $0.75
Kukoc69: calls $0.75
WooLeeJung: calls $0.65
TennePenne: folds 
*** FLOP *** [Qh Qc Ts]
WooLeeJung: checks 
xxWACKOxx: bets $0.50
SwitchLanes2: calls $0.50
Kukoc69: folds 
WooLeeJung: raises $2.75 to $3.25
xxWACKOxx: folds 
SwitchLanes2: folds 
Uncalled bet ($2.75) returned to WooLeeJung
WooLeeJung collected $4.55 from pot
WooLeeJung: doesn't show hand 
*** SUMMARY ***
Total pot $4.75 | Rake $0.20 
Board [Qh Qc Ts]
Seat 1: xxWACKOxx folded on the Flop
Seat 2: Alameda22 folded before Flop (didn't bet)
Seat 3: euglcs folded before Flop (didn't bet)
Seat 4: gofast111 folded before Flop (didn't bet)
Seat 5: SwitchLanes2 folded on the Flop
Seat 6: Kukoc69 (button) folded on the Flop
Seat 7: WooLeeJung (small blind) collected ($4.55)
Seat 8: TennePenne (big blind) folded before Flop
Seat 9: PokyDon folded before Flop (didn't bet)



PokerStars Game #19952824509:  Hold'em No Limit ($0.10/$0.25) - 2008/08/27 - 22:47:38 (ET)
Table 'Brangane' 9-max Seat #7 is the button
Seat 1: xxWACKOxx ($26 in chips) 
Seat 2: Alameda22 ($21.90 in chips) 
Seat 3: euglcs ($25.80 in chips) 
Seat 4: gofast111 ($12.70 in chips) 
Seat 5: SwitchLanes2 ($7.25 in chips) 
Seat 6: Kukoc69 ($49.40 in chips) 
Seat 7: WooLeeJung ($28.85 in chips) 
Seat 8: TennePenne ($24.75 in chips) 
Seat 9: PokyDon ($44.70 in chips) 
TennePenne: posts small blind $0.10
PokyDon: posts big blind $0.25
*** HOLE CARDS ***
Dealt to Alameda22 [4d 5s]
xxWACKOxx: folds 
Alameda22: folds 
euglcs: folds 
gofast111: folds 
SwitchLanes2: folds 
Kukoc69: folds 
WooLeeJung: folds 
TennePenne: folds 
Uncalled bet ($0.15) returned to PokyDon
PokyDon collected $0.20 from pot
PokyDon: doesn't show hand 
*** SUMMARY ***
Total pot $0.20 | Rake $0 
Seat 1: xxWACKOxx folded before Flop (didn't bet)
Seat 2: Alameda22 folded before Flop (didn't bet)
Seat 3: euglcs folded before Flop (didn't bet)
Seat 4: gofast111 folded before Flop (didn't bet)
Seat 5: SwitchLanes2 folded before Flop (didn't bet)
Seat 6: Kukoc69 folded before Flop (didn't bet)
Seat 7: WooLeeJung (button) folded before Flop (didn't bet)
Seat 8: TennePenne (small blind) folded before Flop
Seat 9: PokyDon (big blind) collected ($0.20)



PokerStars Game #19952835308:  Hold'em No Limit ($0.10/$0.25) - 2008/08/27 - 22:48:05 (ET)
Table 'Brangane' 9-max Seat #8 is the button
Seat 1: xxWACKOxx ($26 in chips) 
Seat 2: Alameda22 ($21.90 in chips) 
Seat 3: euglcs ($25.80 in chips) 
Seat 4: gofast111 ($12.70 in chips) 
Seat 5: SwitchLanes2 ($7.25 in chips) 
Seat 6: Kukoc69 ($49.40 in chips) 
Seat 7: WooLeeJung ($28.85 in chips) 
Seat 8: TennePenne ($24.65 in chips) 
Seat 9: PokyDon ($44.80 in chips) 
PokyDon: posts small blind $0.10
xxWACKOxx: posts big blind $0.25
*** HOLE CARDS ***
Dealt to Alameda22 [Ks 3d]
Alameda22: folds 
euglcs: folds 
gofast111: folds 
SwitchLanes2: raises $0.50 to $0.75
Kukoc69: folds 
WooLeeJung: folds 
TennePenne: folds 
PokyDon: folds 
xxWACKOxx: folds 
Uncalled bet ($0.50) returned to SwitchLanes2
SwitchLanes2 collected $0.60 from pot
SwitchLanes2: doesn't show hand 
*** SUMMARY ***
Total pot $0.60 | Rake $0 
Seat 1: xxWACKOxx (big blind) folded before Flop
Seat 2: Alameda22 folded before Flop (didn't bet)
Seat 3: euglcs folded before Flop (didn't bet)
Seat 4: gofast111 folded before Flop (didn't bet)
Seat 5: SwitchLanes2 collected ($0.60)
Seat 6: Kukoc69 folded before Flop (didn't bet)
Seat 7: WooLeeJung folded before Flop (didn't bet)
Seat 8: TennePenne (button) folded before Flop (didn't bet)
Seat 9: PokyDon (small blind) folded before Flop



PokerStars Game #19952848353:  Hold'em No Limit ($0.10/$0.25) - 2008/08/27 - 22:48:38 (ET)
Table 'Brangane' 9-max Seat #9 is the button
Seat 1: xxWACKOxx ($25.75 in chips) 
Seat 2: Alameda22 ($21.90 in chips) 
Seat 3: euglcs ($25.80 in chips) 
Seat 4: gofast111 ($12.70 in chips) 
Seat 5: SwitchLanes2 ($7.60 in chips) 
Seat 6: Kukoc69 ($49.40 in chips) 
Seat 7: WooLeeJung ($28.85 in chips) 
Seat 8: TennePenne ($24.65 in chips) 
Seat 9: PokyDon ($44.70 in chips) 
xxWACKOxx: posts small blind $0.10
Alameda22: posts big blind $0.25
*** HOLE CARDS ***
Dealt to Alameda22 [Th 7h]
euglcs: folds 
gofast111: folds 
SwitchLanes2: folds 
Kukoc69: folds 
WooLeeJung: folds 
TennePenne: folds 
PokyDon: folds 
xxWACKOxx: folds 
Uncalled bet ($0.15) returned to Alameda22
Alameda22 collected $0.20 from pot
Alameda22: doesn't show hand 
*** SUMMARY ***
Total pot $0.20 | Rake $0 
Seat 1: xxWACKOxx (small blind) folded before Flop
Seat 2: Alameda22 (big blind) collected ($0.20)
Seat 3: euglcs folded before Flop (didn't bet)
Seat 4: gofast111 folded before Flop (didn't bet)
Seat 5: SwitchLanes2 folded before Flop (didn't bet)
Seat 6: Kukoc69 folded before Flop (didn't bet)
Seat 7: WooLeeJung folded before Flop (didn't bet)
Seat 8: TennePenne folded before Flop (didn't bet)
Seat 9: PokyDon (button) folded before Flop (didn't bet)



PokerStars Game #19952861682:  Hold'em No Limit ($0.10/$0.25) - 2008/08/27 - 22:49:10 (ET)
Table 'Brangane' 9-max Seat #1 is the button
Seat 1: xxWACKOxx ($25.65 in chips) 
Seat 2: Alameda22 ($22 in chips) 
Seat 3: euglcs ($25.80 in chips) 
Seat 4: gofast111 ($12.70 in chips) 
Seat 5: SwitchLanes2 ($7.60 in chips) 
Seat 6: Kukoc69 ($49.40 in chips) 
Seat 7: WooLeeJung ($28.85 in chips) 
Seat 8: TennePenne ($24.65 in chips) 
Seat 9: PokyDon ($44.70 in chips) 
Alameda22: posts small blind $0.10
euglcs: posts big blind $0.25
*** HOLE CARDS ***
Dealt to Alameda22 [Ac Ts]
gofast111: folds 
SwitchLanes2: folds 
Kukoc69: folds 
WooLeeJung: folds 
TennePenne: folds 
PokyDon: calls $0.25
xxWACKOxx: raises $0.50 to $0.75
Alameda22: folds 
euglcs: folds 
PokyDon: calls $0.50
*** FLOP *** [3s 3d Ah]
PokyDon: checks 
xxWACKOxx: bets $1
PokyDon: folds 
Uncalled bet ($1) returned to xxWACKOxx
xxWACKOxx collected $1.80 from pot
xxWACKOxx: doesn't show hand 
*** SUMMARY ***
Total pot $1.85 | Rake $0.05 
Board [3s 3d Ah]
Seat 1: xxWACKOxx (button) collected ($1.80)
Seat 2: Alameda22 (small blind) folded before Flop
Seat 3: euglcs (big blind) folded before Flop
Seat 4: gofast111 folded before Flop (didn't bet)
Seat 5: SwitchLanes2 folded before Flop (didn't bet)
Seat 6: Kukoc69 folded before Flop (didn't bet)
Seat 7: WooLeeJung folded before Flop (didn't bet)
Seat 8: TennePenne folded before Flop (didn't bet)
Seat 9: PokyDon folded on the Flop



PokerStars Game #19952886661:  Hold'em No Limit ($0.10/$0.25) - 2008/08/27 - 22:50:12 (ET)
Table 'Brangane' 9-max Seat #2 is the button
Seat 1: xxWACKOxx ($26.70 in chips) 
Seat 2: Alameda22 ($21.90 in chips) 
Seat 3: euglcs ($25.55 in chips) 
Seat 4: gofast111 ($12.70 in chips) 
Seat 5: SwitchLanes2 ($7.60 in chips) 
Seat 6: Kukoc69 ($49.40 in chips) 
Seat 7: WooLeeJung ($28.85 in chips) 
Seat 8: TennePenne ($24.65 in chips) 
Seat 9: PokyDon ($43.95 in chips) 
euglcs: posts small blind $0.10
gofast111: posts big blind $0.25
*** HOLE CARDS ***
Dealt to Alameda22 [Ad 8c]
SwitchLanes2: folds 
Kukoc69: folds 
WooLeeJung: folds 
TennePenne: folds 
PokyDon: folds 
xxWACKOxx: folds 
Alameda22: folds 
euglcs: folds 
Uncalled bet ($0.15) returned to gofast111
gofast111 collected $0.20 from pot
*** SUMMARY ***
Total pot $0.20 | Rake $0 
Seat 1: xxWACKOxx folded before Flop (didn't bet)
Seat 2: Alameda22 (button) folded before Flop (didn't bet)
Seat 3: euglcs (small blind) folded before Flop
Seat 4: gofast111 (big blind) collected ($0.20)
Seat 5: SwitchLanes2 folded before Flop (didn't bet)
Seat 6: Kukoc69 folded before Flop (didn't bet)
Seat 7: WooLeeJung folded before Flop (didn't bet)
Seat 8: TennePenne folded before Flop (didn't bet)
Seat 9: PokyDon folded before Flop (didn't bet)



PokerStars Game #19952894690:  Hold'em No Limit ($0.10/$0.25) - 2008/08/27 - 22:50:33 (ET)
Table 'Brangane' 9-max Seat #3 is the button
Seat 1: xxWACKOxx ($26.70 in chips) 
Seat 2: Alameda22 ($21.90 in chips) 
Seat 3: euglcs ($25.45 in chips) 
Seat 4: gofast111 ($12.80 in chips) 
Seat 5: SwitchLanes2 ($7.60 in chips) 
Seat 6: Kukoc69 ($49.40 in chips) 
Seat 7: WooLeeJung ($28.85 in chips) 
Seat 8: TennePenne ($24.65 in chips) 
Seat 9: PokyDon ($43.95 in chips) 
gofast111: posts small blind $0.10
SwitchLanes2: posts big blind $0.25
*** HOLE CARDS ***
Dealt to Alameda22 [Qs 4d]
Kukoc69: folds 
WooLeeJung: folds 
TennePenne: folds 
PokyDon: folds 
xxWACKOxx: folds 
Alameda22: folds 
euglcs: raises $0.50 to $0.75
gofast111: folds 
SwitchLanes2: calls $0.50
*** FLOP *** [7d 2h Kd]
SwitchLanes2: bets $0.75
euglcs: folds 
Uncalled bet ($0.75) returned to SwitchLanes2
SwitchLanes2 collected $1.55 from pot
SwitchLanes2: doesn't show hand 
*** SUMMARY ***
Total pot $1.60 | Rake $0.05 
Board [7d 2h Kd]
Seat 1: xxWACKOxx folded before Flop (didn't bet)
Seat 2: Alameda22 folded before Flop (didn't bet)
Seat 3: euglcs (button) folded on the Flop
Seat 4: gofast111 (small blind) folded before Flop
Seat 5: SwitchLanes2 (big blind) collected ($1.55)
Seat 6: Kukoc69 folded before Flop (didn't bet)
Seat 7: WooLeeJung folded before Flop (didn't bet)
Seat 8: TennePenne folded before Flop (didn't bet)
Seat 9: PokyDon folded before Flop (didn't bet)



PokerStars Game #19952916926:  Hold'em No Limit ($0.10/$0.25) - 2008/08/27 - 22:51:28 (ET)
Table 'Brangane' 9-max Seat #4 is the button
Seat 1: xxWACKOxx ($26.70 in chips) 
Seat 2: Alameda22 ($21.90 in chips) 
Seat 3: euglcs ($24.70 in chips) 
Seat 4: gofast111 ($12.70 in chips) 
Seat 5: SwitchLanes2 ($8.40 in chips) 
Seat 6: Kukoc69 ($49.40 in chips) 
Seat 7: WooLeeJung ($28.85 in chips) 
Seat 8: TennePenne ($24.65 in chips) 
Seat 9: PokyDon ($43.95 in chips) 
SwitchLanes2: posts small blind $0.10
Kukoc69: posts big blind $0.25
*** HOLE CARDS ***
Dealt to Alameda22 [Js Jh]
WooLeeJung: folds 
TennePenne: folds 
PokyDon: calls $0.25
xxWACKOxx: folds 
Alameda22: raises $0.75 to $1
euglcs: folds 
gofast111: folds 
SwitchLanes2: folds 
Kukoc69: folds 
PokyDon: calls $0.75
*** FLOP *** [2d Th 6h]
PokyDon: checks 
Alameda22: bets $1.50
PokyDon: folds 
Uncalled bet ($1.50) returned to Alameda22
Alameda22 collected $2.25 from pot
Alameda22: doesn't show hand 
*** SUMMARY ***
Total pot $2.35 | Rake $0.10 
Board [2d Th 6h]
Seat 1: xxWACKOxx folded before Flop (didn't bet)
Seat 2: Alameda22 collected ($2.25)
Seat 3: euglcs folded before Flop (didn't bet)
Seat 4: gofast111 (button) folded before Flop (didn't bet)
Seat 5: SwitchLanes2 (small blind) folded before Flop
Seat 6: Kukoc69 (big blind) folded before Flop
Seat 7: WooLeeJung folded before Flop (didn't bet)
Seat 8: TennePenne folded before Flop (didn't bet)
Seat 9: PokyDon folded on the Flop



PokerStars Game #19952937342:  Hold'em No Limit ($0.10/$0.25) - 2008/08/27 - 22:52:19 (ET)
Table 'Brangane' 9-max Seat #5 is the button
Seat 1: xxWACKOxx ($26.70 in chips) 
Seat 2: Alameda22 ($23.15 in chips) 
Seat 3: euglcs ($24.70 in chips) 
Seat 4: gofast111 ($12.70 in chips) 
Seat 5: SwitchLanes2 ($8.30 in chips) 
Seat 6: Kukoc69 ($49.15 in chips) 
Seat 7: WooLeeJung ($28.85 in chips) 
Seat 8: TennePenne ($24.65 in chips) 
Seat 9: PokyDon ($42.95 in chips) 
Kukoc69: posts small blind $0.10
WooLeeJung: posts big blind $0.25
*** HOLE CARDS ***
Dealt to Alameda22 [8h Td]
TennePenne: folds 
PokyDon: folds 
xxWACKOxx: folds 
Alameda22: folds 
euglcs: raises $0.25 to $0.50
gofast111: folds 
SwitchLanes2: folds 
Kukoc69: folds 
WooLeeJung: folds 
Uncalled bet ($0.25) returned to euglcs
gofast111 leaves the table
euglcs collected $0.60 from pot
*** SUMMARY ***
Total pot $0.60 | Rake $0 
Seat 1: xxWACKOxx folded before Flop (didn't bet)
Seat 2: Alameda22 folded before Flop (didn't bet)
Seat 3: euglcs collected ($0.60)
Seat 4: gofast111 folded before Flop (didn't bet)
Seat 5: SwitchLanes2 (button) folded before Flop (didn't bet)
Seat 6: Kukoc69 (small blind) folded before Flop
Seat 7: WooLeeJung (big blind) folded before Flop
Seat 8: TennePenne folded before Flop (didn't bet)
Seat 9: PokyDon folded before Flop (didn't bet)



PokerStars Game #19952950483:  Hold'em No Limit ($0.10/$0.25) - 2008/08/27 - 22:52:52 (ET)
Table 'Brangane' 9-max Seat #6 is the button
Seat 1: xxWACKOxx ($26.70 in chips) 
Seat 2: Alameda22 ($23.15 in chips) 
Seat 3: euglcs ($25.05 in chips) 
Seat 5: SwitchLanes2 ($8.30 in chips) 
Seat 6: Kukoc69 ($49.05 in chips) 
Seat 7: WooLeeJung ($28.60 in chips) 
Seat 8: TennePenne ($24.65 in chips) 
Seat 9: PokyDon ($42.95 in chips) 
WooLeeJung: posts small blind $0.10
TennePenne: posts big blind $0.25
*** HOLE CARDS ***
Dealt to Alameda22 [9s Tc]
PokyDon: folds 
xxWACKOxx: folds 
Alameda22: folds 
euglcs: folds 
SwitchLanes2: folds 
Kukoc69: folds 
WooLeeJung: folds 
Uncalled bet ($0.15) returned to TennePenne
TennePenne collected $0.20 from pot
TennePenne: doesn't show hand 
*** SUMMARY ***
Total pot $0.20 | Rake $0 
Seat 1: xxWACKOxx folded before Flop (didn't bet)
Seat 2: Alameda22 folded before Flop (didn't bet)
Seat 3: euglcs folded before Flop (didn't bet)
Seat 5: SwitchLanes2 folded before Flop (didn't bet)
Seat 6: Kukoc69 (button) folded before Flop (didn't bet)
Seat 7: WooLeeJung (small blind) folded before Flop
Seat 8: TennePenne (big blind) collected ($0.20)
Seat 9: PokyDon folded before Flop (didn't bet)



PokerStars Game #19952961306:  Hold'em No Limit ($0.10/$0.25) - 2008/08/27 - 22:53:19 (ET)
Table 'Brangane' 9-max Seat #7 is the button
Seat 1: xxWACKOxx ($26.70 in chips) 
Seat 2: Alameda22 ($23.15 in chips) 
Seat 3: euglcs ($25.05 in chips) 
Seat 5: SwitchLanes2 ($8.30 in chips) 
Seat 6: Kukoc69 ($49.05 in chips) 
Seat 7: WooLeeJung ($28.50 in chips) 
Seat 8: TennePenne ($24.75 in chips) 
Seat 9: PokyDon ($42.95 in chips) 
TennePenne: posts small blind $0.10
PokyDon: posts big blind $0.25
*** HOLE CARDS ***
Dealt to Alameda22 [3s 2d]
xxWACKOxx: raises $0.50 to $0.75
Alameda22: folds 
euglcs: folds 
SwitchLanes2: folds 
mspitolai joins the table at seat #4 
Kukoc69: folds 
WooLeeJung: folds 
TennePenne: folds 
PokyDon: calls $0.50
*** FLOP *** [6c Jc 8c]
PokyDon: checks 
xxWACKOxx: bets $0.75
PokyDon: folds 
Uncalled bet ($0.75) returned to xxWACKOxx
xxWACKOxx collected $1.55 from pot
xxWACKOxx: doesn't show hand 
*** SUMMARY ***
Total pot $1.60 | Rake $0.05 
Board [6c Jc 8c]
Seat 1: xxWACKOxx collected ($1.55)
Seat 2: Alameda22 folded before Flop (didn't bet)
Seat 3: euglcs folded before Flop (didn't bet)
Seat 5: SwitchLanes2 folded before Flop (didn't bet)
Seat 6: Kukoc69 folded before Flop (didn't bet)
Seat 7: WooLeeJung (button) folded before Flop (didn't bet)
Seat 8: TennePenne (small blind) folded before Flop
Seat 9: PokyDon (big blind) folded on the Flop



PokerStars Game #19952989097:  Hold'em No Limit ($0.10/$0.25) - 2008/08/27 - 22:54:29 (ET)
Table 'Brangane' 9-max Seat #8 is the button
Seat 1: xxWACKOxx ($27.50 in chips) 
Seat 2: Alameda22 ($23.15 in chips) 
Seat 3: euglcs ($25.05 in chips) 
Seat 5: SwitchLanes2 ($8.30 in chips) 
Seat 6: Kukoc69 ($49.05 in chips) 
Seat 7: WooLeeJung ($28.50 in chips) 
Seat 8: TennePenne ($24.65 in chips) 
Seat 9: PokyDon ($42.20 in chips) 
PokyDon: posts small blind $0.10
xxWACKOxx: posts big blind $0.25
mspitolai: sits out 
*** HOLE CARDS ***
Dealt to Alameda22 [7s 2d]
Alameda22: folds 
euglcs: folds 
SwitchLanes2: folds 
Kukoc69: folds 
WooLeeJung: folds 
TennePenne: folds 
PokyDon: calls $0.15
xxWACKOxx: checks 
*** FLOP *** [Kd 3c 9s]
PokyDon: checks 
xxWACKOxx: checks 
*** TURN *** [Kd 3c 9s] [3h]
PokyDon: checks 
xxWACKOxx: checks 
*** RIVER *** [Kd 3c 9s 3h] [5c]
PokyDon: bets $0.25
xxWACKOxx: folds 
Uncalled bet ($0.25) returned to PokyDon
PokyDon collected $0.50 from pot
PokyDon: doesn't show hand 
*** SUMMARY ***
Total pot $0.50 | Rake $0 
Board [Kd 3c 9s 3h 5c]
Seat 1: xxWACKOxx (big blind) folded on the River
Seat 2: Alameda22 folded before Flop (didn't bet)
Seat 3: euglcs folded before Flop (didn't bet)
Seat 5: SwitchLanes2 folded before Flop (didn't bet)
Seat 6: Kukoc69 folded before Flop (didn't bet)
Seat 7: WooLeeJung folded before Flop (didn't bet)
Seat 8: TennePenne (button) folded before Flop (didn't bet)
Seat 9: PokyDon (small blind) collected ($0.50)



PokerStars Game #19953014989:  Hold'em No Limit ($0.10/$0.25) - 2008/08/27 - 22:55:36 (ET)
Table 'Brangane' 9-max Seat #9 is the button
Seat 1: xxWACKOxx ($27.25 in chips) 
Seat 2: Alameda22 ($23.15 in chips) 
Seat 3: euglcs ($25.05 in chips) 
Seat 5: SwitchLanes2 ($8.30 in chips) 
Seat 6: Kukoc69 ($49.05 in chips) 
Seat 7: WooLeeJung ($28.50 in chips) 
Seat 8: TennePenne ($24.65 in chips) 
Seat 9: PokyDon ($42.45 in chips) 
xxWACKOxx: posts small blind $0.10
Alameda22: posts big blind $0.25
mspitolai: sits out 
*** HOLE CARDS ***
Dealt to Alameda22 [7h Jd]
euglcs: folds 
SwitchLanes2: calls $0.25
Kukoc69: folds 
WooLeeJung: folds 
TennePenne: folds 
PokyDon: folds 
xxWACKOxx: folds 
Alameda22: checks 
*** FLOP *** [4s 6c 5d]
Alameda22: bets $0.25
SwitchLanes2: calls $0.25
*** TURN *** [4s 6c 5d] [2d]
Alameda22: checks 
SwitchLanes2: bets $0.50
Alameda22: folds 
Uncalled bet ($0.50) returned to SwitchLanes2
SwitchLanes2 collected $1.05 from pot
SwitchLanes2: doesn't show hand 
*** SUMMARY ***
Total pot $1.10 | Rake $0.05 
Board [4s 6c 5d 2d]
Seat 1: xxWACKOxx (small blind) folded before Flop
Seat 2: Alameda22 (big blind) folded on the Turn
Seat 3: euglcs folded before Flop (didn't bet)
Seat 5: SwitchLanes2 collected ($1.05)
Seat 6: Kukoc69 folded before Flop (didn't bet)
Seat 7: WooLeeJung folded before Flop (didn't bet)
Seat 8: TennePenne folded before Flop (didn't bet)
Seat 9: PokyDon (button) folded before Flop (didn't bet)



PokerStars Game #19953036747:  Hold'em No Limit ($0.10/$0.25) - 2008/08/27 - 22:56:32 (ET)
Table 'Brangane' 9-max Seat #1 is the button
Seat 1: xxWACKOxx ($27.15 in chips) 
Seat 2: Alameda22 ($22.65 in chips) 
Seat 3: euglcs ($25.05 in chips) 
Seat 5: SwitchLanes2 ($8.85 in chips) 
Seat 6: Kukoc69 ($49.05 in chips) 
Seat 7: WooLeeJung ($28.50 in chips) 
Seat 8: TennePenne ($25 in chips) 
Seat 9: PokyDon ($42.45 in chips) 
Alameda22: posts small blind $0.10
euglcs: posts big blind $0.25
mspitolai: sits out 
*** HOLE CARDS ***
Dealt to Alameda22 [8d 5d]
SwitchLanes2: folds 
Kukoc69: folds 
WooLeeJung: folds 
TennePenne: raises $0.75 to $1
PokyDon: folds 
xxWACKOxx: calls $1
Alameda22: folds 
euglcs: folds 
*** FLOP *** [Kh Ad Kd]
TennePenne: bets $1.60
xxWACKOxx: calls $1.60
*** TURN *** [Kh Ad Kd] [Qc]
TennePenne: checks 
xxWACKOxx: checks 
*** RIVER *** [Kh Ad Kd Qc] [3s]
TennePenne: checks 
xxWACKOxx: bets $1
TennePenne: calls $1
*** SHOW DOWN ***
xxWACKOxx: shows [Js Jh] (two pair, Kings and Jacks)
TennePenne: mucks hand 
xxWACKOxx collected $7.20 from pot
*** SUMMARY ***
Total pot $7.55 | Rake $0.35 
Board [Kh Ad Kd Qc 3s]
Seat 1: xxWACKOxx (button) showed [Js Jh] and won ($7.20) with two pair, Kings and Jacks
Seat 2: Alameda22 (small blind) folded before Flop
Seat 3: euglcs (big blind) folded before Flop
Seat 5: SwitchLanes2 folded before Flop (didn't bet)
Seat 6: Kukoc69 folded before Flop (didn't bet)
Seat 7: WooLeeJung folded before Flop (didn't bet)
Seat 8: TennePenne mucked [6s 6h]
Seat 9: PokyDon folded before Flop (didn't bet)



PokerStars Game #19953068394:  Hold'em No Limit ($0.10/$0.25) - 2008/08/27 - 22:57:53 (ET)
Table 'Brangane' 9-max Seat #2 is the button
Seat 1: xxWACKOxx ($30.75 in chips) 
Seat 2: Alameda22 ($22.55 in chips) 
Seat 3: euglcs ($24.80 in chips) 
Seat 4: mspitolai ($25 in chips) 
Seat 5: SwitchLanes2 ($8.85 in chips) 
Seat 6: Kukoc69 ($49.05 in chips) 
Seat 7: WooLeeJung ($28.50 in chips) 
Seat 8: TennePenne ($25 in chips) 
Seat 9: PokyDon ($42.45 in chips) 
euglcs: posts small blind $0.10
mspitolai: posts big blind $0.25
*** HOLE CARDS ***
Dealt to Alameda22 [3c Qd]
SwitchLanes2: calls $0.25
Kukoc69: folds 
WooLeeJung: folds 
TennePenne: folds 
PokyDon: calls $0.25
xxWACKOxx: calls $0.25
Alameda22: folds 
euglcs: folds 
mspitolai: checks 
*** FLOP *** [6c 6d Qh]
mspitolai: checks 
SwitchLanes2: bets $0.25
PokyDon: folds 
xxWACKOxx: calls $0.25
mspitolai: folds 
*** TURN *** [6c 6d Qh] [Tc]
SwitchLanes2: bets $0.25
xxWACKOxx: calls $0.25
*** RIVER *** [6c 6d Qh Tc] [8c]
SwitchLanes2: bets $1.50
xxWACKOxx: folds 
Uncalled bet ($1.50) returned to SwitchLanes2
SwitchLanes2 collected $2 from pot
SwitchLanes2: doesn't show hand 
*** SUMMARY ***
Total pot $2.10 | Rake $0.10 
Board [6c 6d Qh Tc 8c]
Seat 1: xxWACKOxx folded on the River
Seat 2: Alameda22 (button) folded before Flop (didn't bet)
Seat 3: euglcs (small blind) folded before Flop
Seat 4: mspitolai (big blind) folded on the Flop
Seat 5: SwitchLanes2 collected ($2)
Seat 6: Kukoc69 folded before Flop (didn't bet)
Seat 7: WooLeeJung folded before Flop (didn't bet)
Seat 8: TennePenne folded before Flop (didn't bet)
Seat 9: PokyDon folded on the Flop



PokerStars Game #19953103485:  Hold'em No Limit ($0.10/$0.25) - 2008/08/27 - 22:59:23 (ET)
Table 'Brangane' 9-max Seat #3 is the button
Seat 1: xxWACKOxx ($30 in chips) 
Seat 2: Alameda22 ($22.55 in chips) 
Seat 3: euglcs ($24.70 in chips) 
Seat 4: mspitolai ($24.75 in chips) 
Seat 5: SwitchLanes2 ($10.10 in chips) 
Seat 6: Kukoc69 ($49.05 in chips) 
Seat 7: WooLeeJung ($28.50 in chips) 
Seat 8: TennePenne ($25 in chips) 
Seat 9: PokyDon ($42.20 in chips) 
mspitolai: posts small blind $0.10
SwitchLanes2: posts big blind $0.25
*** HOLE CARDS ***
Dealt to Alameda22 [2d Qh]
Kukoc69: folds 
WooLeeJung: folds 
TennePenne: folds 
PokyDon: calls $0.25
xxWACKOxx: calls $0.25
WooLeeJung is sitting out
Alameda22: folds 
euglcs: folds 
mspitolai: calls $0.15
SwitchLanes2: checks 
*** FLOP *** [Tc 9h 9d]
mspitolai: checks 
SwitchLanes2: bets $0.25
PokyDon: calls $0.25
xxWACKOxx: calls $0.25
mspitolai: calls $0.25
*** TURN *** [Tc 9h 9d] [Jd]
mspitolai: checks 
SwitchLanes2: bets $0.75
PokyDon: calls $0.75
xxWACKOxx: raises $1.25 to $2
mspitolai: folds 
SwitchLanes2: raises $2.50 to $4.50
PokyDon: folds 
xxWACKOxx: calls $2.50
*** RIVER *** [Tc 9h 9d Jd] [Js]
SwitchLanes2: bets $5.10 and is all-in
xxWACKOxx: folds 
Uncalled bet ($5.10) returned to SwitchLanes2
SwitchLanes2 collected $11.20 from pot
SwitchLanes2: doesn't show hand 
*** SUMMARY ***
Total pot $11.75 | Rake $0.55 
Board [Tc 9h 9d Jd Js]
Seat 1: xxWACKOxx folded on the River
Seat 2: Alameda22 folded before Flop (didn't bet)
Seat 3: euglcs (button) folded before Flop (didn't bet)
Seat 4: mspitolai (small blind) folded on the Turn
Seat 5: SwitchLanes2 (big blind) collected ($11.20)
Seat 6: Kukoc69 folded before Flop (didn't bet)
Seat 7: WooLeeJung folded before Flop (didn't bet)
Seat 8: TennePenne folded before Flop (didn't bet)
Seat 9: PokyDon folded on the Turn



PokerStars Game #19953169598:  Hold'em No Limit ($0.10/$0.25) - 2008/08/27 - 23:02:08 (ET)
Table 'Brangane' 9-max Seat #4 is the button
Seat 1: xxWACKOxx ($25 in chips) 
Seat 2: Alameda22 ($22.55 in chips) 
Seat 3: euglcs ($24.70 in chips) 
Seat 4: mspitolai ($24.25 in chips) 
Seat 5: SwitchLanes2 ($16.30 in chips) 
Seat 6: Kukoc69 ($49.05 in chips) 
Seat 8: TennePenne ($25 in chips) 
Seat 9: PokyDon ($40.95 in chips) 
SwitchLanes2: posts small blind $0.10
Kukoc69: posts big blind $0.25
*** HOLE CARDS ***
Dealt to Alameda22 [9h 3d]
TennePenne: folds 
PokyDon: folds 
xxWACKOxx: folds 
Alameda22: folds 
euglcs: raises $0.25 to $0.50
mspitolai: folds 
SwitchLanes2: folds 
Kukoc69: folds 
Uncalled bet ($0.25) returned to euglcs
euglcs collected $0.60 from pot
euglcs: doesn't show hand 
*** SUMMARY ***
Total pot $0.60 | Rake $0 
Seat 1: xxWACKOxx folded before Flop (didn't bet)
Seat 2: Alameda22 folded before Flop (didn't bet)
Seat 3: euglcs collected ($0.60)
Seat 4: mspitolai (button) folded before Flop (didn't bet)
Seat 5: SwitchLanes2 (small blind) folded before Flop
Seat 6: Kukoc69 (big blind) folded before Flop
Seat 8: TennePenne folded before Flop (didn't bet)
Seat 9: PokyDon folded before Flop (didn't bet)



PokerStars Game #19953189284:  Hold'em No Limit ($0.10/$0.25) - 2008/08/27 - 23:02:58 (ET)
Table 'Brangane' 9-max Seat #5 is the button
Seat 1: xxWACKOxx ($25 in chips) 
Seat 2: Alameda22 ($22.55 in chips) 
Seat 3: euglcs ($25.05 in chips) 
Seat 4: mspitolai ($25 in chips) 
Seat 5: SwitchLanes2 ($16.20 in chips) 
Seat 6: Kukoc69 ($48.80 in chips) 
Seat 8: TennePenne ($25 in chips) 
Seat 9: PokyDon ($40.95 in chips) 
Kukoc69: posts small blind $0.10
TennePenne: posts big blind $0.25
*** HOLE CARDS ***
Dealt to Alameda22 [Tc Ad]
PokyDon: folds 
xxWACKOxx: folds 
Alameda22: folds 
euglcs: folds 
mspitolai: folds 
SwitchLanes2: folds 
Kukoc69: raises $0.75 to $1
TennePenne: folds 
Uncalled bet ($0.75) returned to Kukoc69
Kukoc69 collected $0.50 from pot
Kukoc69: doesn't show hand 
*** SUMMARY ***
Total pot $0.50 | Rake $0 
Seat 1: xxWACKOxx folded before Flop (didn't bet)
Seat 2: Alameda22 folded before Flop (didn't bet)
Seat 3: euglcs folded before Flop (didn't bet)
Seat 4: mspitolai folded before Flop (didn't bet)
Seat 5: SwitchLanes2 (button) folded before Flop (didn't bet)
Seat 6: Kukoc69 (small blind) collected ($0.50)
Seat 8: TennePenne (big blind) folded before Flop
Seat 9: PokyDon folded before Flop (didn't bet)



PokerStars Game #19953200203:  Hold'em No Limit ($0.10/$0.25) - 2008/08/27 - 23:03:26 (ET)
Table 'Brangane' 9-max Seat #6 is the button
Seat 1: xxWACKOxx ($25 in chips) 
Seat 2: Alameda22 ($22.55 in chips) 
Seat 3: euglcs ($25.05 in chips) 
Seat 4: mspitolai ($25 in chips) 
Seat 5: SwitchLanes2 ($16.20 in chips) 
Seat 6: Kukoc69 ($49.05 in chips) 
Seat 8: TennePenne ($24.75 in chips) 
Seat 9: PokyDon ($40.95 in chips) 
TennePenne: posts small blind $0.10
PokyDon: posts big blind $0.25
*** HOLE CARDS ***
Dealt to Alameda22 [4d 8c]
xxWACKOxx: folds 
Alameda22: folds 
euglcs: folds 
mspitolai: folds 
SwitchLanes2: calls $0.25
Kukoc69: folds 
TennePenne: folds 
PokyDon: checks 
*** FLOP *** [Jh 6c 8h]
PokyDon: bets $0.25
SwitchLanes2: calls $0.25
*** TURN *** [Jh 6c 8h] [9d]
WooLeeJung has returned
PokyDon: bets $0.50
SwitchLanes2: calls $0.50
*** RIVER *** [Jh 6c 8h 9d] [7d]
PokyDon: checks 
SwitchLanes2: bets $2
PokyDon: folds 
Uncalled bet ($2) returned to SwitchLanes2
SwitchLanes2 collected $2 from pot
SwitchLanes2: doesn't show hand 
*** SUMMARY ***
Total pot $2.10 | Rake $0.10 
Board [Jh 6c 8h 9d 7d]
Seat 1: xxWACKOxx folded before Flop (didn't bet)
Seat 2: Alameda22 folded before Flop (didn't bet)
Seat 3: euglcs folded before Flop (didn't bet)
Seat 4: mspitolai folded before Flop (didn't bet)
Seat 5: SwitchLanes2 collected ($2)
Seat 6: Kukoc69 (button) folded before Flop (didn't bet)
Seat 8: TennePenne (small blind) folded before Flop
Seat 9: PokyDon (big blind) folded on the River



PokerStars Game #19953232184:  Hold'em No Limit ($0.10/$0.25) - 2008/08/27 - 23:04:47 (ET)
Table 'Brangane' 9-max Seat #8 is the button
Seat 1: xxWACKOxx ($25 in chips) 
Seat 2: Alameda22 ($22.55 in chips) 
Seat 3: euglcs ($25.05 in chips) 
Seat 4: mspitolai ($25 in chips) 
Seat 5: SwitchLanes2 ($17.20 in chips) 
Seat 6: Kukoc69 ($49.05 in chips) 
Seat 8: TennePenne ($24.65 in chips) 
Seat 9: PokyDon ($39.95 in chips) 
PokyDon: posts small blind $0.10
xxWACKOxx: posts big blind $0.25
WooLeeJung: sits out 
*** HOLE CARDS ***
Dealt to Alameda22 [9h 6s]
Alameda22: folds 
euglcs: folds 
mspitolai: folds 
SwitchLanes2: folds 
Kukoc69: folds 
TennePenne: raises $0.75 to $1
PokyDon: raises $2 to $3
xxWACKOxx: folds 
TennePenne: folds 
Uncalled bet ($2) returned to PokyDon
PokyDon collected $2.25 from pot
PokyDon: doesn't show hand 
*** SUMMARY ***
Total pot $2.25 | Rake $0 
Seat 1: xxWACKOxx (big blind) folded before Flop
Seat 2: Alameda22 folded before Flop (didn't bet)
Seat 3: euglcs folded before Flop (didn't bet)
Seat 4: mspitolai folded before Flop (didn't bet)
Seat 5: SwitchLanes2 folded before Flop (didn't bet)
Seat 6: Kukoc69 folded before Flop (didn't bet)
Seat 8: TennePenne (button) folded before Flop
Seat 9: PokyDon (small blind) collected ($2.25)



PokerStars Game #19953256572:  Hold'em No Limit ($0.10/$0.25) - 2008/08/27 - 23:05:48 (ET)
Table 'Brangane' 9-max Seat #9 is the button
Seat 1: xxWACKOxx ($24.75 in chips) 
Seat 2: Alameda22 ($22.55 in chips) 
Seat 3: euglcs ($25.05 in chips) 
Seat 4: mspitolai ($25 in chips) 
Seat 5: SwitchLanes2 ($17.20 in chips) 
Seat 6: Kukoc69 ($49.05 in chips) 
Seat 8: TennePenne ($23.65 in chips) 
Seat 9: PokyDon ($41.20 in chips) 
xxWACKOxx: posts small blind $0.10
Alameda22: posts big blind $0.25
WooLeeJung: sits out 
*** HOLE CARDS ***
Dealt to Alameda22 [Kh 9h]
euglcs: folds 
mspitolai: folds 
SwitchLanes2: calls $0.25
Kukoc69: folds 
TennePenne: folds 
PokyDon: folds 
xxWACKOxx: calls $0.15
Alameda22: checks 
*** FLOP *** [Ac 8d Jc]
xxWACKOxx: checks 
Alameda22: checks 
SwitchLanes2: bets $0.75
xxWACKOxx: folds 
Alameda22: folds 
Uncalled bet ($0.75) returned to SwitchLanes2
SwitchLanes2 collected $0.75 from pot
SwitchLanes2: doesn't show hand 
*** SUMMARY ***
Total pot $0.75 | Rake $0 
Board [Ac 8d Jc]
Seat 1: xxWACKOxx (small blind) folded on the Flop
Seat 2: Alameda22 (big blind) folded on the Flop
Seat 3: euglcs folded before Flop (didn't bet)
Seat 4: mspitolai folded before Flop (didn't bet)
Seat 5: SwitchLanes2 collected ($0.75)
Seat 6: Kukoc69 folded before Flop (didn't bet)
Seat 8: TennePenne folded before Flop (didn't bet)
Seat 9: PokyDon (button) folded before Flop (didn't bet)



PokerStars Game #19953278720:  Hold'em No Limit ($0.10/$0.25) - 2008/08/27 - 23:06:44 (ET)
Table 'Brangane' 9-max Seat #1 is the button
Seat 1: xxWACKOxx ($24.50 in chips) 
Seat 2: Alameda22 ($22.30 in chips) 
Seat 3: euglcs ($25.05 in chips) 
Seat 4: mspitolai ($25 in chips) 
Seat 5: SwitchLanes2 ($17.70 in chips) 
Seat 6: Kukoc69 ($49.05 in chips) 
Seat 8: TennePenne ($23.65 in chips) 
Seat 9: PokyDon ($41.20 in chips) 
Alameda22: posts small blind $0.10
euglcs: posts big blind $0.25
WooLeeJung: sits out 
*** HOLE CARDS ***
Dealt to Alameda22 [8s 2c]
mspitolai: folds 
SwitchLanes2: folds 
Kukoc69: folds 
TennePenne: folds 
PokyDon: folds 
xxWACKOxx: calls $0.25
Alameda22: folds 
euglcs: checks 
*** FLOP *** [4d 9h Ac]
euglcs: checks 
xxWACKOxx: checks 
*** TURN *** [4d 9h Ac] [4h]
euglcs: checks 
xxWACKOxx: checks 
*** RIVER *** [4d 9h Ac 4h] [Jd]
euglcs: checks 
xxWACKOxx: checks 
*** SHOW DOWN ***
euglcs: shows [6h 7s] (a pair of Fours)
xxWACKOxx: shows [Ks Tc] (a pair of Fours - Ace+King kicker)
xxWACKOxx collected $0.60 from pot
*** SUMMARY ***
Total pot $0.60 | Rake $0 
Board [4d 9h Ac 4h Jd]
Seat 1: xxWACKOxx (button) showed [Ks Tc] and won ($0.60) with a pair of Fours
Seat 2: Alameda22 (small blind) folded before Flop
Seat 3: euglcs (big blind) showed [6h 7s] and lost with a pair of Fours
Seat 4: mspitolai folded before Flop (didn't bet)
Seat 5: SwitchLanes2 folded before Flop (didn't bet)
Seat 6: Kukoc69 folded before Flop (didn't bet)
Seat 8: TennePenne folded before Flop (didn't bet)
Seat 9: PokyDon folded before Flop (didn't bet)



PokerStars Game #19953301212:  Hold'em No Limit ($0.10/$0.25) - 2008/08/27 - 23:07:41 (ET)
Table 'Brangane' 9-max Seat #2 is the button
Seat 1: xxWACKOxx ($24.85 in chips) 
Seat 2: Alameda22 ($22.20 in chips) 
Seat 3: euglcs ($24.80 in chips) 
Seat 4: mspitolai ($25 in chips) 
Seat 5: SwitchLanes2 ($17.70 in chips) 
Seat 6: Kukoc69 ($49.05 in chips) 
Seat 8: TennePenne ($23.65 in chips) 
Seat 9: PokyDon ($41.20 in chips) 
euglcs: posts small blind $0.10
mspitolai: posts big blind $0.25
WooLeeJung: sits out 
*** HOLE CARDS ***
Dealt to Alameda22 [Qh Jh]
SwitchLanes2: folds 
Kukoc69: folds 
TennePenne: folds 
PokyDon: folds 
xxWACKOxx: calls $0.25
Alameda22: calls $0.25
euglcs: calls $0.15
mspitolai: checks 
*** FLOP *** [5h 9h Ac]
euglcs: bets $0.25
mspitolai: folds 
xxWACKOxx: calls $0.25
SwitchLanes2 leaves the table
Alameda22: calls $0.25
*** TURN *** [5h 9h Ac] [Ad]
euglcs: bets $1
xxWACKOxx: folds 
Alameda22: folds 
Uncalled bet ($1) returned to euglcs
TennePenne leaves the table
euglcs collected $1.70 from pot
euglcs: doesn't show hand 
*** SUMMARY ***
Total pot $1.75 | Rake $0.05 
Board [5h 9h Ac Ad]
Seat 1: xxWACKOxx folded on the Turn
Seat 2: Alameda22 (button) folded on the Turn
Seat 3: euglcs (small blind) collected ($1.70)
Seat 4: mspitolai (big blind) folded on the Flop
Seat 5: SwitchLanes2 folded before Flop (didn't bet)
Seat 6: Kukoc69 folded before Flop (didn't bet)
Seat 8: TennePenne folded before Flop (didn't bet)
Seat 9: PokyDon folded before Flop (didn't bet)



PokerStars Game #19953339805:  Hold'em No Limit ($0.10/$0.25) - 2008/08/27 - 23:09:20 (ET)
Table 'Brangane' 9-max Seat #3 is the button
Seat 1: xxWACKOxx ($25 in chips) 
Seat 2: Alameda22 ($21.70 in chips) 
Seat 3: euglcs ($26 in chips) 
Seat 4: mspitolai ($25 in chips) 
Seat 6: Kukoc69 ($49.05 in chips) 
Seat 9: PokyDon ($41.20 in chips) 
mspitolai: posts small blind $0.10
Kukoc69: posts big blind $0.25
WooLeeJung: sits out 
*** HOLE CARDS ***
Dealt to Alameda22 [5s 5d]
PokyDon: folds 
xxWACKOxx: folds 
Alameda22: calls $0.25
euglcs: folds 
mspitolai: calls $0.15
Kukoc69: checks 
*** FLOP *** [9c 3c Jd]
mspitolai: checks 
Kukoc69: checks 
Alameda22: checks 
*** TURN *** [9c 3c Jd] [7d]
mspitolai: checks 
Kukoc69: bets $1.25
Alameda22: folds 
mspitolai: folds 
Uncalled bet ($1.25) returned to Kukoc69
Kukoc69 collected $0.75 from pot
Kukoc69: doesn't show hand 
*** SUMMARY ***
Total pot $0.75 | Rake $0 
Board [9c 3c Jd 7d]
Seat 1: xxWACKOxx folded before Flop (didn't bet)
Seat 2: Alameda22 folded on the Turn
Seat 3: euglcs (button) folded before Flop (didn't bet)
Seat 4: mspitolai (small blind) folded on the Turn
Seat 6: Kukoc69 (big blind) collected ($0.75)
Seat 9: PokyDon folded before Flop (didn't bet)



PokerStars Game #19953371967:  Hold'em No Limit ($0.10/$0.25) - 2008/08/27 - 23:10:44 (ET)
Table 'Brangane' 9-max Seat #4 is the button
Seat 1: xxWACKOxx ($25 in chips) 
Seat 2: Alameda22 ($21.45 in chips) 
Seat 3: euglcs ($26 in chips) 
Seat 4: mspitolai ($24.75 in chips) 
Seat 6: Kukoc69 ($49.55 in chips) 
Seat 7: WooLeeJung ($28.50 in chips) 
Seat 9: PokyDon ($41.20 in chips) 
Kukoc69: posts small blind $0.10
WooLeeJung: posts big blind $0.25
*** HOLE CARDS ***
Dealt to Alameda22 [Kh 6d]
PokyDon: folds 
xxWACKOxx: folds 
Alameda22: folds 
euglcs: folds 
mspitolai: calls $0.25
Kukoc69: calls $0.15
WooLeeJung: checks 
*** FLOP *** [Td Ts 3c]
Kukoc69: folds 
Kukoc69 leaves the table
WooLeeJung: checks 
mspitolai: checks 
*** TURN *** [Td Ts 3c] [4h]
WooLeeJung: checks 
mspitolai: bets $0.50
WooLeeJung: calls $0.50
*** RIVER *** [Td Ts 3c 4h] [5d]
WooLeeJung: checks 
mspitolai: bets $1
WooLeeJung: folds 
Uncalled bet ($1) returned to mspitolai
mspitolai collected $1.70 from pot
mspitolai: doesn't show hand 
*** SUMMARY ***
Total pot $1.75 | Rake $0.05 
Board [Td Ts 3c 4h 5d]
Seat 1: xxWACKOxx folded before Flop (didn't bet)
Seat 2: Alameda22 folded before Flop (didn't bet)
Seat 3: euglcs folded before Flop (didn't bet)
Seat 4: mspitolai (button) collected ($1.70)
Seat 6: Kukoc69 (small blind) folded on the Flop
Seat 7: WooLeeJung (big blind) folded on the River
Seat 9: PokyDon folded before Flop (didn't bet)



PokerStars Game #19953405839:  Hold'em No Limit ($0.10/$0.25) - 2008/08/27 - 23:12:12 (ET)
Table 'Brangane' 9-max Seat #7 is the button
Seat 1: xxWACKOxx ($25 in chips) 
Seat 2: Alameda22 ($21.45 in chips) 
Seat 3: euglcs ($26 in chips) 
Seat 4: mspitolai ($25.70 in chips) 
Seat 7: WooLeeJung ($27.75 in chips) 
PokyDon: is sitting out 
xxWACKOxx: posts small blind $0.10
Alameda22: posts big blind $0.25
*** HOLE CARDS ***
Dealt to Alameda22 [4d 7c]
PokyDon leaves the table
euglcs: folds 
euglcs leaves the table
mspitolai: folds 
mspitolai leaves the table
WooLeeJung: folds 
xxWACKOxx: folds 
Uncalled bet ($0.15) returned to Alameda22
xxWACKOxx leaves the table
Alameda22 collected $0.20 from pot
Alameda22: doesn't show hand 
*** SUMMARY ***
Total pot $0.20 | Rake $0 
Seat 1: xxWACKOxx (small blind) folded before Flop
Seat 2: Alameda22 (big blind) collected ($0.20)
Seat 3: euglcs folded before Flop (didn't bet)
Seat 4: mspitolai folded before Flop (didn't bet)
Seat 7: WooLeeJung (button) folded before Flop (didn't bet)



