PokerStars Game #19969854158:  Hold'em No Limit ($0.10/$0.25) - 2008/08/28 - 16:23:19 (ET)
Table 'Ilmatar III' 9-max Seat #3 is the button
Seat 1: northwood ($33.25 in chips) 
Seat 2: Alameda22 ($25 in chips) 
Seat 3: Boombasi ($55 in chips) 
Seat 4: knakeddefguy ($23.35 in chips) 
Seat 5: Merdah Lorr ($17.75 in chips) 
Seat 6: Maggy54 ($4.65 in chips) 
Seat 7: psychop4th ($36.55 in chips) 
Seat 8: Jozso77 ($4.20 in chips) 
Seat 9: godfather_AA ($28.50 in chips) 
knakeddefguy: posts small blind $0.10
Merdah Lorr: posts big blind $0.25
Alameda22: posts big blind $0.25
*** HOLE CARDS ***
Dealt to Alameda22 [5h 9s]
Maggy54: folds 
psychop4th: folds 
Jozso77: folds 
godfather_AA: folds 
northwood: folds 
Alameda22: checks 
Boombasi: folds 
knakeddefguy: folds 
Merdah Lorr: checks 
*** FLOP *** [Jc Jh 6s]
Merdah Lorr: checks 
Alameda22: checks 
*** TURN *** [Jc Jh 6s] [4d]
Merdah Lorr: bets $0.50
Alameda22: folds 
Uncalled bet ($0.50) returned to Merdah Lorr
Merdah Lorr collected $0.60 from pot
Merdah Lorr: doesn't show hand 
*** SUMMARY ***
Total pot $0.60 | Rake $0 
Board [Jc Jh 6s 4d]
Seat 1: northwood folded before Flop (didn't bet)
Seat 2: Alameda22 folded on the Turn
Seat 3: Boombasi (button) folded before Flop (didn't bet)
Seat 4: knakeddefguy (small blind) folded before Flop
Seat 5: Merdah Lorr (big blind) collected ($0.60)
Seat 6: Maggy54 folded before Flop (didn't bet)
Seat 7: psychop4th folded before Flop (didn't bet)
Seat 8: Jozso77 folded before Flop (didn't bet)
Seat 9: godfather_AA folded before Flop (didn't bet)



PokerStars Game #19969880081:  Hold'em No Limit ($0.10/$0.25) - 2008/08/28 - 16:24:22 (ET)
Table 'Ilmatar III' 9-max Seat #4 is the button
Seat 1: northwood ($33.25 in chips) 
Seat 2: Alameda22 ($24.75 in chips) 
Seat 3: Boombasi ($55 in chips) 
Seat 4: knakeddefguy ($23.25 in chips) 
Seat 5: Merdah Lorr ($18.10 in chips) 
Seat 6: Maggy54 ($4.65 in chips) 
Seat 7: psychop4th ($36.55 in chips) 
Seat 8: Jozso77 ($4.20 in chips) 
Seat 9: godfather_AA ($28.50 in chips) 
Merdah Lorr: posts small blind $0.10
Maggy54: posts big blind $0.25
*** HOLE CARDS ***
Dealt to Alameda22 [Kc 2c]
psychop4th: folds 
Jozso77: folds 
godfather_AA: folds 
northwood: folds 
Alameda22: folds 
Boombasi: folds 
knakeddefguy: folds 
Merdah Lorr: calls $0.15
Maggy54: checks 
*** FLOP *** [Js 4h 2d]
Merdah Lorr: bets $0.25
Maggy54: folds 
Uncalled bet ($0.25) returned to Merdah Lorr
Merdah Lorr collected $0.50 from pot
Merdah Lorr: doesn't show hand 
*** SUMMARY ***
Total pot $0.50 | Rake $0 
Board [Js 4h 2d]
Seat 1: northwood folded before Flop (didn't bet)
Seat 2: Alameda22 folded before Flop (didn't bet)
Seat 3: Boombasi folded before Flop (didn't bet)
Seat 4: knakeddefguy (button) folded before Flop (didn't bet)
Seat 5: Merdah Lorr (small blind) collected ($0.50)
Seat 6: Maggy54 (big blind) folded on the Flop
Seat 7: psychop4th folded before Flop (didn't bet)
Seat 8: Jozso77 folded before Flop (didn't bet)
Seat 9: godfather_AA folded before Flop (didn't bet)



PokerStars Game #19969901218:  Hold'em No Limit ($0.10/$0.25) - 2008/08/28 - 16:25:13 (ET)
Table 'Ilmatar III' 9-max Seat #5 is the button
Seat 1: northwood ($33.25 in chips) 
Seat 2: Alameda22 ($24.75 in chips) 
Seat 3: Boombasi ($55 in chips) 
Seat 4: knakeddefguy ($23.25 in chips) 
Seat 5: Merdah Lorr ($18.35 in chips) 
Seat 6: Maggy54 ($4.40 in chips) 
Seat 7: psychop4th ($36.55 in chips) 
Seat 8: Jozso77 ($4.20 in chips) 
Seat 9: godfather_AA ($28.50 in chips) 
Maggy54: posts small blind $0.10
psychop4th: posts big blind $0.25
*** HOLE CARDS ***
Dealt to Alameda22 [Kh 7s]
Jozso77: folds 
godfather_AA: folds 
northwood: folds 
Alameda22: folds 
Boombasi: folds 
knakeddefguy: folds 
Merdah Lorr: folds 
Maggy54: folds 
Uncalled bet ($0.15) returned to psychop4th
psychop4th collected $0.20 from pot
psychop4th: doesn't show hand 
*** SUMMARY ***
Total pot $0.20 | Rake $0 
Seat 1: northwood folded before Flop (didn't bet)
Seat 2: Alameda22 folded before Flop (didn't bet)
Seat 3: Boombasi folded before Flop (didn't bet)
Seat 4: knakeddefguy folded before Flop (didn't bet)
Seat 5: Merdah Lorr (button) folded before Flop (didn't bet)
Seat 6: Maggy54 (small blind) folded before Flop
Seat 7: psychop4th (big blind) collected ($0.20)
Seat 8: Jozso77 folded before Flop (didn't bet)
Seat 9: godfather_AA folded before Flop (didn't bet)



PokerStars Game #19969918077:  Hold'em No Limit ($0.10/$0.25) - 2008/08/28 - 16:25:53 (ET)
Table 'Ilmatar III' 9-max Seat #6 is the button
Seat 1: northwood ($33.25 in chips) 
Seat 2: Alameda22 ($24.75 in chips) 
Seat 3: Boombasi ($55 in chips) 
Seat 4: knakeddefguy ($23.25 in chips) 
Seat 5: Merdah Lorr ($18.35 in chips) 
Seat 6: Maggy54 ($4.30 in chips) 
Seat 7: psychop4th ($36.65 in chips) 
Seat 8: Jozso77 ($4.20 in chips) 
Seat 9: godfather_AA ($28.50 in chips) 
psychop4th: posts small blind $0.10
Jozso77: posts big blind $0.25
*** HOLE CARDS ***
Dealt to Alameda22 [Qc 3d]
godfather_AA: folds 
northwood: folds 
Alameda22: folds 
Boombasi: folds 
knakeddefguy: folds 
Merdah Lorr: folds 
Maggy54: folds 
psychop4th: folds 
Uncalled bet ($0.15) returned to Jozso77
Jozso77 collected $0.20 from pot
Jozso77: doesn't show hand 
*** SUMMARY ***
Total pot $0.20 | Rake $0 
Seat 1: northwood folded before Flop (didn't bet)
Seat 2: Alameda22 folded before Flop (didn't bet)
Seat 3: Boombasi folded before Flop (didn't bet)
Seat 4: knakeddefguy folded before Flop (didn't bet)
Seat 5: Merdah Lorr folded before Flop (didn't bet)
Seat 6: Maggy54 (button) folded before Flop (didn't bet)
Seat 7: psychop4th (small blind) folded before Flop
Seat 8: Jozso77 (big blind) collected ($0.20)
Seat 9: godfather_AA folded before Flop (didn't bet)



PokerStars Game #19969928311:  Hold'em No Limit ($0.10/$0.25) - 2008/08/28 - 16:26:18 (ET)
Table 'Ilmatar III' 9-max Seat #7 is the button
Seat 1: northwood ($33.25 in chips) 
Seat 2: Alameda22 ($24.75 in chips) 
Seat 3: Boombasi ($55 in chips) 
Seat 4: knakeddefguy ($23.25 in chips) 
Seat 5: Merdah Lorr ($18.35 in chips) 
Seat 6: Maggy54 ($4.30 in chips) 
Seat 7: psychop4th ($36.55 in chips) 
Seat 8: Jozso77 ($4.30 in chips) 
Seat 9: godfather_AA ($28.50 in chips) 
Jozso77: posts small blind $0.10
godfather_AA: posts big blind $0.25
*** HOLE CARDS ***
Dealt to Alameda22 [2d Jc]
northwood: folds 
Alameda22: folds 
Boombasi: folds 
knakeddefguy: folds 
Merdah Lorr: calls $0.25
Maggy54: raises $0.75 to $1
psychop4th: folds 
Jozso77: folds 
godfather_AA: folds 
Merdah Lorr: folds 
Uncalled bet ($0.75) returned to Maggy54
Maggy54 collected $0.85 from pot
Maggy54: doesn't show hand 
*** SUMMARY ***
Total pot $0.85 | Rake $0 
Seat 1: northwood folded before Flop (didn't bet)
Seat 2: Alameda22 folded before Flop (didn't bet)
Seat 3: Boombasi folded before Flop (didn't bet)
Seat 4: knakeddefguy folded before Flop (didn't bet)
Seat 5: Merdah Lorr folded before Flop
Seat 6: Maggy54 collected ($0.85)
Seat 7: psychop4th (button) folded before Flop (didn't bet)
Seat 8: Jozso77 (small blind) folded before Flop
Seat 9: godfather_AA (big blind) folded before Flop



PokerStars Game #19969947167:  Hold'em No Limit ($0.10/$0.25) - 2008/08/28 - 16:27:03 (ET)
Table 'Ilmatar III' 9-max Seat #8 is the button
Seat 1: northwood ($33.25 in chips) 
Seat 2: Alameda22 ($24.75 in chips) 
Seat 3: Boombasi ($55 in chips) 
Seat 4: knakeddefguy ($23.25 in chips) 
Seat 5: Merdah Lorr ($18.10 in chips) 
Seat 6: Maggy54 ($4.90 in chips) 
Seat 7: psychop4th ($36.55 in chips) 
Seat 8: Jozso77 ($4.20 in chips) 
Seat 9: godfather_AA ($28.25 in chips) 
godfather_AA: posts small blind $0.10
northwood: posts big blind $0.25
*** HOLE CARDS ***
Dealt to Alameda22 [2d 5s]
Alameda22: folds 
Boombasi: folds 
knakeddefguy: raises $0.50 to $0.75
Merdah Lorr: folds 
Maggy54: folds 
psychop4th: folds 
Jozso77: raises $1.50 to $2.25
godfather_AA: folds 
northwood: folds 
knakeddefguy: folds 
Uncalled bet ($1.50) returned to Jozso77
Jozso77 collected $1.85 from pot
Jozso77: doesn't show hand 
*** SUMMARY ***
Total pot $1.85 | Rake $0 
Seat 1: northwood (big blind) folded before Flop
Seat 2: Alameda22 folded before Flop (didn't bet)
Seat 3: Boombasi folded before Flop (didn't bet)
Seat 4: knakeddefguy folded before Flop
Seat 5: Merdah Lorr folded before Flop (didn't bet)
Seat 6: Maggy54 folded before Flop (didn't bet)
Seat 7: psychop4th folded before Flop (didn't bet)
Seat 8: Jozso77 (button) collected ($1.85)
Seat 9: godfather_AA (small blind) folded before Flop



PokerStars Game #19969968727:  Hold'em No Limit ($0.10/$0.25) - 2008/08/28 - 16:27:55 (ET)
Table 'Ilmatar III' 9-max Seat #9 is the button
Seat 1: northwood ($33 in chips) 
Seat 2: Alameda22 ($24.75 in chips) 
Seat 3: Boombasi ($55 in chips) 
Seat 4: knakeddefguy ($22.50 in chips) 
Seat 5: Merdah Lorr ($18.10 in chips) 
Seat 6: Maggy54 ($4.90 in chips) 
Seat 7: psychop4th ($36.55 in chips) 
Seat 8: Jozso77 ($5.30 in chips) 
Seat 9: godfather_AA ($28.15 in chips) 
northwood: posts small blind $0.10
Alameda22: posts big blind $0.25
*** HOLE CARDS ***
Dealt to Alameda22 [2s 9d]
Boombasi: folds 
knakeddefguy: folds 
Merdah Lorr: folds 
Maggy54: folds 
psychop4th: raises $0.50 to $0.75
Jozso77: folds 
godfather_AA: folds 
northwood: folds 
Alameda22: folds 
Uncalled bet ($0.50) returned to psychop4th
psychop4th collected $0.60 from pot
psychop4th: doesn't show hand 
*** SUMMARY ***
Total pot $0.60 | Rake $0 
Seat 1: northwood (small blind) folded before Flop
Seat 2: Alameda22 (big blind) folded before Flop
Seat 3: Boombasi folded before Flop (didn't bet)
Seat 4: knakeddefguy folded before Flop (didn't bet)
Seat 5: Merdah Lorr folded before Flop (didn't bet)
Seat 6: Maggy54 folded before Flop (didn't bet)
Seat 7: psychop4th collected ($0.60)
Seat 8: Jozso77 folded before Flop (didn't bet)
Seat 9: godfather_AA (button) folded before Flop (didn't bet)



PokerStars Game #19969985952:  Hold'em No Limit ($0.10/$0.25) - 2008/08/28 - 16:28:37 (ET)
Table 'Ilmatar III' 9-max Seat #1 is the button
Seat 1: northwood ($32.90 in chips) 
Seat 2: Alameda22 ($24.50 in chips) 
Seat 3: Boombasi ($55 in chips) 
Seat 4: knakeddefguy ($22.50 in chips) 
Seat 5: Merdah Lorr ($18.10 in chips) 
Seat 6: Maggy54 ($4.90 in chips) 
Seat 7: psychop4th ($36.90 in chips) 
Seat 8: Jozso77 ($5.30 in chips) 
Seat 9: godfather_AA ($28.15 in chips) 
Alameda22: posts small blind $0.10
Boombasi: posts big blind $0.25
*** HOLE CARDS ***
Dealt to Alameda22 [9d 4c]
knakeddefguy: folds 
Merdah Lorr: folds 
Maggy54: folds 
psychop4th: folds 
Jozso77: folds 
godfather_AA: folds 
northwood: folds 
Alameda22: folds 
Uncalled bet ($0.15) returned to Boombasi
Boombasi collected $0.20 from pot
Boombasi: doesn't show hand 
*** SUMMARY ***
Total pot $0.20 | Rake $0 
Seat 1: northwood (button) folded before Flop (didn't bet)
Seat 2: Alameda22 (small blind) folded before Flop
Seat 3: Boombasi (big blind) collected ($0.20)
Seat 4: knakeddefguy folded before Flop (didn't bet)
Seat 5: Merdah Lorr folded before Flop (didn't bet)
Seat 6: Maggy54 folded before Flop (didn't bet)
Seat 7: psychop4th folded before Flop (didn't bet)
Seat 8: Jozso77 folded before Flop (didn't bet)
Seat 9: godfather_AA folded before Flop (didn't bet)



PokerStars Game #19970003771:  Hold'em No Limit ($0.10/$0.25) - 2008/08/28 - 16:29:19 (ET)
Table 'Ilmatar III' 9-max Seat #2 is the button
Seat 1: northwood ($32.90 in chips) 
Seat 2: Alameda22 ($24.40 in chips) 
Seat 3: Boombasi ($55.10 in chips) 
Seat 4: knakeddefguy ($22.50 in chips) 
Seat 5: Merdah Lorr ($18.10 in chips) 
Seat 6: Maggy54 ($4.90 in chips) 
Seat 7: psychop4th ($36.90 in chips) 
Seat 8: Jozso77 ($5.30 in chips) 
Seat 9: godfather_AA ($28.15 in chips) 
Boombasi: posts small blind $0.10
knakeddefguy: posts big blind $0.25
*** HOLE CARDS ***
Dealt to Alameda22 [2s 4d]
Merdah Lorr: calls $0.25
Maggy54: folds 
psychop4th: folds 
Jozso77: folds 
godfather_AA: folds 
northwood: folds 
Alameda22: folds 
Boombasi: calls $0.15
knakeddefguy: checks 
*** FLOP *** [8h Jc 5c]
Boombasi: checks 
knakeddefguy: checks 
Merdah Lorr: bets $0.25
Boombasi: calls $0.25
knakeddefguy: folds 
*** TURN *** [8h Jc 5c] [Jd]
Boombasi: checks 
Merdah Lorr: bets $0.50
Boombasi: calls $0.50
*** RIVER *** [8h Jc 5c Jd] [5s]
Boombasi: checks 
Merdah Lorr: bets $1
Boombasi: raises $2.50 to $3.50
Merdah Lorr: folds 
Uncalled bet ($2.50) returned to Boombasi
Boombasi collected $4.05 from pot
Boombasi: doesn't show hand 
*** SUMMARY ***
Total pot $4.25 | Rake $0.20 
Board [8h Jc 5c Jd 5s]
Seat 1: northwood folded before Flop (didn't bet)
Seat 2: Alameda22 (button) folded before Flop (didn't bet)
Seat 3: Boombasi (small blind) collected ($4.05)
Seat 4: knakeddefguy (big blind) folded on the Flop
Seat 5: Merdah Lorr folded on the River
Seat 6: Maggy54 folded before Flop (didn't bet)
Seat 7: psychop4th folded before Flop (didn't bet)
Seat 8: Jozso77 folded before Flop (didn't bet)
Seat 9: godfather_AA folded before Flop (didn't bet)



PokerStars Game #19970040511:  Hold'em No Limit ($0.10/$0.25) - 2008/08/28 - 16:30:47 (ET)
Table 'Ilmatar III' 9-max Seat #3 is the button
Seat 1: northwood ($32.90 in chips) 
Seat 2: Alameda22 ($24.40 in chips) 
Seat 3: Boombasi ($57.15 in chips) 
Seat 4: knakeddefguy ($22.25 in chips) 
Seat 5: Merdah Lorr ($16.10 in chips) 
Seat 6: Maggy54 ($4.90 in chips) 
Seat 7: psychop4th ($36.90 in chips) 
Seat 8: Jozso77 ($5.30 in chips) 
Seat 9: godfather_AA ($28.15 in chips) 
knakeddefguy: posts small blind $0.10
Merdah Lorr: posts big blind $0.25
*** HOLE CARDS ***
Dealt to Alameda22 [Qh 4h]
Maggy54: folds 
psychop4th: folds 
Jozso77: raises $0.75 to $1
godfather_AA: folds 
northwood: folds 
Alameda22: folds 
Boombasi: folds 
knakeddefguy: folds 
Merdah Lorr: calls $0.75
*** FLOP *** [4c 9c 6h]
Merdah Lorr: bets $0.50
Jozso77: raises $1.75 to $2.25
Merdah Lorr: folds 
Uncalled bet ($1.75) returned to Jozso77
Jozso77 collected $2.95 from pot
Jozso77: doesn't show hand 
*** SUMMARY ***
Total pot $3.10 | Rake $0.15 
Board [4c 9c 6h]
Seat 1: northwood folded before Flop (didn't bet)
Seat 2: Alameda22 folded before Flop (didn't bet)
Seat 3: Boombasi (button) folded before Flop (didn't bet)
Seat 4: knakeddefguy (small blind) folded before Flop
Seat 5: Merdah Lorr (big blind) folded on the Flop
Seat 6: Maggy54 folded before Flop (didn't bet)
Seat 7: psychop4th folded before Flop (didn't bet)
Seat 8: Jozso77 collected ($2.95)
Seat 9: godfather_AA folded before Flop (didn't bet)



PokerStars Game #19970069683:  Hold'em No Limit ($0.10/$0.25) - 2008/08/28 - 16:31:59 (ET)
Table 'Ilmatar III' 9-max Seat #4 is the button
Seat 1: northwood ($32.90 in chips) 
Seat 2: Alameda22 ($24.40 in chips) 
Seat 3: Boombasi ($57.15 in chips) 
Seat 4: knakeddefguy ($22.15 in chips) 
Seat 5: Merdah Lorr ($14.60 in chips) 
Seat 6: Maggy54 ($4.90 in chips) 
Seat 7: psychop4th ($36.90 in chips) 
Seat 8: Jozso77 ($6.75 in chips) 
Seat 9: godfather_AA ($28.15 in chips) 
Merdah Lorr: posts small blind $0.10
Maggy54: posts big blind $0.25
*** HOLE CARDS ***
Dealt to Alameda22 [4h 9d]
psychop4th: folds 
Jozso77: folds 
godfather_AA: folds 
northwood: calls $0.25
Alameda22: folds 
Boombasi: folds 
knakeddefguy: folds 
Merdah Lorr: calls $0.15
Maggy54: checks 
*** FLOP *** [5d 6c 7c]
Merdah Lorr: bets $0.50
Maggy54: folds 
northwood: calls $0.50
*** TURN *** [5d 6c 7c] [2h]
Merdah Lorr: bets $0.50
northwood: calls $0.50
*** RIVER *** [5d 6c 7c 2h] [Ah]
Merdah Lorr: bets $1
northwood: calls $1
*** SHOW DOWN ***
Merdah Lorr: shows [Kh 7h] (a pair of Sevens)
northwood: shows [Ac 8c] (a pair of Aces)
northwood collected $4.55 from pot
*** SUMMARY ***
Total pot $4.75 | Rake $0.20 
Board [5d 6c 7c 2h Ah]
Seat 1: northwood showed [Ac 8c] and won ($4.55) with a pair of Aces
Seat 2: Alameda22 folded before Flop (didn't bet)
Seat 3: Boombasi folded before Flop (didn't bet)
Seat 4: knakeddefguy (button) folded before Flop (didn't bet)
Seat 5: Merdah Lorr (small blind) showed [Kh 7h] and lost with a pair of Sevens
Seat 6: Maggy54 (big blind) folded on the Flop
Seat 7: psychop4th folded before Flop (didn't bet)
Seat 8: Jozso77 folded before Flop (didn't bet)
Seat 9: godfather_AA folded before Flop (didn't bet)



PokerStars Game #19970103610:  Hold'em No Limit ($0.10/$0.25) - 2008/08/28 - 16:33:22 (ET)
Table 'Ilmatar III' 9-max Seat #5 is the button
Seat 1: northwood ($35.20 in chips) 
Seat 2: Alameda22 ($24.40 in chips) 
Seat 3: Boombasi ($57.15 in chips) 
Seat 4: knakeddefguy ($22.15 in chips) 
Seat 5: Merdah Lorr ($12.35 in chips) 
Seat 6: Maggy54 ($4.65 in chips) 
Seat 9: godfather_AA ($28.15 in chips) 
Maggy54: posts small blind $0.10
psychop4th: is sitting out 
Jozso77: is sitting out 
godfather_AA: posts big blind $0.25
*** HOLE CARDS ***
Dealt to Alameda22 [3c 6c]
Jozso77 leaves the table
northwood: calls $0.25
psychop4th leaves the table
Alameda22: folds 
Boombasi: folds 
knakeddefguy: folds 
Merdah Lorr: folds 
Maggy54: raises $1 to $1.25
godfather_AA: folds 
aediles joins the table at seat #7 
northwood: folds 
Uncalled bet ($1) returned to Maggy54
Maggy54 collected $0.75 from pot
Maggy54: doesn't show hand 
*** SUMMARY ***
Total pot $0.75 | Rake $0 
Seat 1: northwood folded before Flop
Seat 2: Alameda22 folded before Flop (didn't bet)
Seat 3: Boombasi folded before Flop (didn't bet)
Seat 4: knakeddefguy folded before Flop (didn't bet)
Seat 5: Merdah Lorr (button) folded before Flop (didn't bet)
Seat 6: Maggy54 (small blind) collected ($0.75)
Seat 9: godfather_AA (big blind) folded before Flop



PokerStars Game #19970118743:  Hold'em No Limit ($0.10/$0.25) - 2008/08/28 - 16:33:59 (ET)
Table 'Ilmatar III' 9-max Seat #6 is the button
Seat 1: northwood ($34.95 in chips) 
Seat 2: Alameda22 ($24.40 in chips) 
Seat 3: Boombasi ($57.15 in chips) 
Seat 4: knakeddefguy ($22.15 in chips) 
Seat 5: Merdah Lorr ($12.35 in chips) 
Seat 6: Maggy54 ($5.15 in chips) 
Seat 9: godfather_AA ($27.90 in chips) 
aediles will be allowed to play after the button
godfather_AA: posts small blind $0.10
northwood: posts big blind $0.25
*** HOLE CARDS ***
Dealt to Alameda22 [Ah 4s]
Alameda22: folds 
aediles leaves the table
Boombasi: folds 
jbdb3 joins the table at seat #8 
knakeddefguy: folds 
Merdah Lorr: folds 
Maggy54: folds 
Marco296 joins the table at seat #7 
godfather_AA: raises $0.50 to $0.75
northwood: raises $2.50 to $3.25
godfather_AA: folds 
Uncalled bet ($2.50) returned to northwood
northwood collected $1.50 from pot
northwood: doesn't show hand 
*** SUMMARY ***
Total pot $1.50 | Rake $0 
Seat 1: northwood (big blind) collected ($1.50)
Seat 2: Alameda22 folded before Flop (didn't bet)
Seat 3: Boombasi folded before Flop (didn't bet)
Seat 4: knakeddefguy folded before Flop (didn't bet)
Seat 5: Merdah Lorr folded before Flop (didn't bet)
Seat 6: Maggy54 (button) folded before Flop (didn't bet)
Seat 9: godfather_AA (small blind) folded before Flop



PokerStars Game #19970139524:  Hold'em No Limit ($0.10/$0.25) - 2008/08/28 - 16:34:50 (ET)
Table 'Ilmatar III' 9-max Seat #9 is the button
Seat 1: northwood ($35.70 in chips) 
Seat 2: Alameda22 ($24.40 in chips) 
Seat 3: Boombasi ($57.15 in chips) 
Seat 4: knakeddefguy ($22.15 in chips) 
Seat 5: Merdah Lorr ($12.35 in chips) 
Seat 6: Maggy54 ($5.15 in chips) 
Seat 9: godfather_AA ($27.15 in chips) 
northwood: posts small blind $0.10
Alameda22: posts big blind $0.25
Marco296: sits out 
jbdb3: sits out 
*** HOLE CARDS ***
Dealt to Alameda22 [8h 6d]
Boombasi: folds 
knakeddefguy: folds 
Merdah Lorr: folds 
Maggy54: folds 
godfather_AA: folds 
northwood: folds 
Uncalled bet ($0.15) returned to Alameda22
Alameda22 collected $0.20 from pot
Alameda22: doesn't show hand 
*** SUMMARY ***
Total pot $0.20 | Rake $0 
Seat 1: northwood (small blind) folded before Flop
Seat 2: Alameda22 (big blind) collected ($0.20)
Seat 3: Boombasi folded before Flop (didn't bet)
Seat 4: knakeddefguy folded before Flop (didn't bet)
Seat 5: Merdah Lorr folded before Flop (didn't bet)
Seat 6: Maggy54 folded before Flop (didn't bet)
Seat 9: godfather_AA (button) folded before Flop (didn't bet)



PokerStars Game #19970149246:  Hold'em No Limit ($0.10/$0.25) - 2008/08/28 - 16:35:14 (ET)
Table 'Ilmatar III' 9-max Seat #1 is the button
Seat 1: northwood ($35.60 in chips) 
Seat 2: Alameda22 ($24.50 in chips) 
Seat 3: Boombasi ($57.15 in chips) 
Seat 4: knakeddefguy ($22.15 in chips) 
Seat 5: Merdah Lorr ($12.35 in chips) 
Seat 6: Maggy54 ($5.15 in chips) 
Seat 9: godfather_AA ($27.15 in chips) 
Alameda22: posts small blind $0.10
Boombasi: posts big blind $0.25
Marco296: sits out 
jbdb3: sits out 
*** HOLE CARDS ***
Dealt to Alameda22 [Kc 4s]
knakeddefguy: folds 
Merdah Lorr: folds 
Maggy54: folds 
godfather_AA: folds 
northwood: raises $0.50 to $0.75
Alameda22: folds 
Boombasi: folds 
Uncalled bet ($0.50) returned to northwood
northwood collected $0.60 from pot
northwood: doesn't show hand 
*** SUMMARY ***
Total pot $0.60 | Rake $0 
Seat 1: northwood (button) collected ($0.60)
Seat 2: Alameda22 (small blind) folded before Flop
Seat 3: Boombasi (big blind) folded before Flop
Seat 4: knakeddefguy folded before Flop (didn't bet)
Seat 5: Merdah Lorr folded before Flop (didn't bet)
Seat 6: Maggy54 folded before Flop (didn't bet)
Seat 9: godfather_AA folded before Flop (didn't bet)



PokerStars Game #19970168235:  Hold'em No Limit ($0.10/$0.25) - 2008/08/28 - 16:36:00 (ET)
Table 'Ilmatar III' 9-max Seat #2 is the button
Seat 1: northwood ($35.95 in chips) 
Seat 2: Alameda22 ($24.40 in chips) 
Seat 3: Boombasi ($56.90 in chips) 
Seat 4: knakeddefguy ($22.15 in chips) 
Seat 5: Merdah Lorr ($12.35 in chips) 
Seat 6: Maggy54 ($5.15 in chips) 
Seat 9: godfather_AA ($27.15 in chips) 
Boombasi: posts small blind $0.10
knakeddefguy: posts big blind $0.25
Marco296: sits out 
jbdb3: sits out 
*** HOLE CARDS ***
Dealt to Alameda22 [Qs 7d]
Merdah Lorr: folds 
Maggy54: folds 
godfather_AA: folds 
northwood: raises $0.50 to $0.75
Alameda22: folds 
Boombasi: folds 
knakeddefguy: folds 
Uncalled bet ($0.50) returned to northwood
northwood collected $0.60 from pot
northwood: doesn't show hand 
*** SUMMARY ***
Total pot $0.60 | Rake $0 
Seat 1: northwood collected ($0.60)
Seat 2: Alameda22 (button) folded before Flop (didn't bet)
Seat 3: Boombasi (small blind) folded before Flop
Seat 4: knakeddefguy (big blind) folded before Flop
Seat 5: Merdah Lorr folded before Flop (didn't bet)
Seat 6: Maggy54 folded before Flop (didn't bet)
Seat 9: godfather_AA folded before Flop (didn't bet)



PokerStars Game #19970182723:  Hold'em No Limit ($0.10/$0.25) - 2008/08/28 - 16:36:35 (ET)
Table 'Ilmatar III' 9-max Seat #3 is the button
Seat 1: northwood ($36.30 in chips) 
Seat 2: Alameda22 ($24.40 in chips) 
Seat 3: Boombasi ($56.80 in chips) 
Seat 4: knakeddefguy ($21.90 in chips) 
Seat 5: Merdah Lorr ($12.35 in chips) 
Seat 6: Maggy54 ($5.15 in chips) 
Seat 9: godfather_AA ($27.15 in chips) 
knakeddefguy: posts small blind $0.10
Merdah Lorr: posts big blind $0.25
Marco296: sits out 
jbdb3: sits out 
*** HOLE CARDS ***
Dealt to Alameda22 [3d Qc]
Maggy54: folds 
godfather_AA: raises $0.75 to $1
northwood: folds 
Alameda22: folds 
Boombasi: folds 
knakeddefguy: folds 
Merdah Lorr: folds 
Uncalled bet ($0.75) returned to godfather_AA
godfather_AA collected $0.60 from pot
godfather_AA: doesn't show hand 
*** SUMMARY ***
Total pot $0.60 | Rake $0 
Seat 1: northwood folded before Flop (didn't bet)
Seat 2: Alameda22 folded before Flop (didn't bet)
Seat 3: Boombasi (button) folded before Flop (didn't bet)
Seat 4: knakeddefguy (small blind) folded before Flop
Seat 5: Merdah Lorr (big blind) folded before Flop
Seat 6: Maggy54 folded before Flop (didn't bet)
Seat 9: godfather_AA collected ($0.60)



PokerStars Game #19970196345:  Hold'em No Limit ($0.10/$0.25) - 2008/08/28 - 16:37:09 (ET)
Table 'Ilmatar III' 9-max Seat #4 is the button
Seat 1: northwood ($36.30 in chips) 
Seat 2: Alameda22 ($24.40 in chips) 
Seat 3: Boombasi ($56.80 in chips) 
Seat 4: knakeddefguy ($21.80 in chips) 
Seat 5: Merdah Lorr ($12.10 in chips) 
Seat 6: Maggy54 ($5.15 in chips) 
Seat 9: godfather_AA ($27.50 in chips) 
Merdah Lorr: posts small blind $0.10
Maggy54: posts big blind $0.25
Marco296: sits out 
jbdb3: sits out 
*** HOLE CARDS ***
Dealt to Alameda22 [Ad 8d]
godfather_AA: folds 
northwood: folds 
Alameda22: folds 
Boombasi: folds 
knakeddefguy: folds 
Merdah Lorr: folds 
Uncalled bet ($0.15) returned to Maggy54
Maggy54 collected $0.20 from pot
Maggy54: doesn't show hand 
*** SUMMARY ***
Total pot $0.20 | Rake $0 
Seat 1: northwood folded before Flop (didn't bet)
Seat 2: Alameda22 folded before Flop (didn't bet)
Seat 3: Boombasi folded before Flop (didn't bet)
Seat 4: knakeddefguy (button) folded before Flop (didn't bet)
Seat 5: Merdah Lorr (small blind) folded before Flop
Seat 6: Maggy54 (big blind) collected ($0.20)
Seat 9: godfather_AA folded before Flop (didn't bet)



PokerStars Game #19970213566:  Hold'em No Limit ($0.10/$0.25) - 2008/08/28 - 16:37:51 (ET)
Table 'Ilmatar III' 9-max Seat #5 is the button
Seat 1: northwood ($36.30 in chips) 
Seat 2: Alameda22 ($24.40 in chips) 
Seat 3: Boombasi ($56.80 in chips) 
Seat 4: knakeddefguy ($21.80 in chips) 
Seat 5: Merdah Lorr ($12 in chips) 
Seat 6: Maggy54 ($5.25 in chips) 
Seat 7: Marco296 ($5 in chips) 
Seat 9: godfather_AA ($27.50 in chips) 
Maggy54: posts small blind $0.10
Marco296: posts big blind $0.25
jbdb3: sits out 
*** HOLE CARDS ***
Dealt to Alameda22 [7h Jh]
godfather_AA: folds 
northwood: folds 
Alameda22: folds 
Boombasi: folds 
knakeddefguy: folds 
Merdah Lorr: calls $0.25
Maggy54: folds 
Marco296: checks 
*** FLOP *** [5h 6s Kh]
Marco296: checks 
Merdah Lorr: bets $0.25
Marco296: folds 
Uncalled bet ($0.25) returned to Merdah Lorr
Merdah Lorr collected $0.60 from pot
Merdah Lorr: doesn't show hand 
*** SUMMARY ***
Total pot $0.60 | Rake $0 
Board [5h 6s Kh]
Seat 1: northwood folded before Flop (didn't bet)
Seat 2: Alameda22 folded before Flop (didn't bet)
Seat 3: Boombasi folded before Flop (didn't bet)
Seat 4: knakeddefguy folded before Flop (didn't bet)
Seat 5: Merdah Lorr (button) collected ($0.60)
Seat 6: Maggy54 (small blind) folded before Flop
Seat 7: Marco296 (big blind) folded on the Flop
Seat 9: godfather_AA folded before Flop (didn't bet)



PokerStars Game #19970248669:  Hold'em No Limit ($0.10/$0.25) - 2008/08/28 - 16:39:15 (ET)
Table 'Ilmatar III' 9-max Seat #6 is the button
Seat 1: northwood ($36.30 in chips) 
Seat 2: Alameda22 ($24.40 in chips) 
Seat 3: Boombasi ($56.80 in chips) 
Seat 4: knakeddefguy ($21.80 in chips) 
Seat 5: Merdah Lorr ($12.35 in chips) 
Seat 6: Maggy54 ($5.15 in chips) 
Seat 7: Marco296 ($4.75 in chips) 
Seat 8: jbdb3 ($25 in chips) 
Seat 9: godfather_AA ($27.50 in chips) 
Marco296: posts small blind $0.10
jbdb3: posts big blind $0.25
*** HOLE CARDS ***
Dealt to Alameda22 [9d Ad]
godfather_AA: folds 
northwood: raises $0.50 to $0.75
Alameda22: folds 
Boombasi: folds 
knakeddefguy: folds 
Merdah Lorr: folds 
Maggy54: folds 
Marco296: folds 
jbdb3: folds 
Uncalled bet ($0.50) returned to northwood
northwood collected $0.60 from pot
northwood: doesn't show hand 
*** SUMMARY ***
Total pot $0.60 | Rake $0 
Seat 1: northwood collected ($0.60)
Seat 2: Alameda22 folded before Flop (didn't bet)
Seat 3: Boombasi folded before Flop (didn't bet)
Seat 4: knakeddefguy folded before Flop (didn't bet)
Seat 5: Merdah Lorr folded before Flop (didn't bet)
Seat 6: Maggy54 (button) folded before Flop (didn't bet)
Seat 7: Marco296 (small blind) folded before Flop
Seat 8: jbdb3 (big blind) folded before Flop
Seat 9: godfather_AA folded before Flop (didn't bet)



PokerStars Game #19970263098:  Hold'em No Limit ($0.10/$0.25) - 2008/08/28 - 16:39:50 (ET)
Table 'Ilmatar III' 9-max Seat #7 is the button
Seat 1: northwood ($36.65 in chips) 
Seat 2: Alameda22 ($24.40 in chips) 
Seat 3: Boombasi ($56.80 in chips) 
Seat 4: knakeddefguy ($21.80 in chips) 
Seat 5: Merdah Lorr ($12.35 in chips) 
Seat 6: Maggy54 ($5.15 in chips) 
Seat 7: Marco296 ($4.65 in chips) 
Seat 8: jbdb3 ($24.75 in chips) 
Seat 9: godfather_AA ($27.50 in chips) 
jbdb3: posts small blind $0.10
godfather_AA: posts big blind $0.25
*** HOLE CARDS ***
Dealt to Alameda22 [Kd 9d]
northwood: folds 
Alameda22: folds 
Boombasi: folds 
knakeddefguy: folds 
Merdah Lorr: calls $0.25
Maggy54: folds 
Marco296: folds 
jbdb3: folds 
godfather_AA: checks 
*** FLOP *** [Ad Js 3d]
godfather_AA: checks 
Merdah Lorr: checks 
*** TURN *** [Ad Js 3d] [Kh]
godfather_AA: checks 
Merdah Lorr: checks 
*** RIVER *** [Ad Js 3d Kh] [2c]
godfather_AA: bets $0.50
Merdah Lorr: folds 
Uncalled bet ($0.50) returned to godfather_AA
godfather_AA collected $0.60 from pot
godfather_AA: doesn't show hand 
*** SUMMARY ***
Total pot $0.60 | Rake $0 
Board [Ad Js 3d Kh 2c]
Seat 1: northwood folded before Flop (didn't bet)
Seat 2: Alameda22 folded before Flop (didn't bet)
Seat 3: Boombasi folded before Flop (didn't bet)
Seat 4: knakeddefguy folded before Flop (didn't bet)
Seat 5: Merdah Lorr folded on the River
Seat 6: Maggy54 folded before Flop (didn't bet)
Seat 7: Marco296 (button) folded before Flop (didn't bet)
Seat 8: jbdb3 (small blind) folded before Flop
Seat 9: godfather_AA (big blind) collected ($0.60)



PokerStars Game #19970285689:  Hold'em No Limit ($0.10/$0.25) - 2008/08/28 - 16:40:44 (ET)
Table 'Ilmatar III' 9-max Seat #8 is the button
Seat 1: northwood ($36.65 in chips) 
Seat 2: Alameda22 ($24.40 in chips) 
Seat 3: Boombasi ($56.80 in chips) 
Seat 4: knakeddefguy ($21.80 in chips) 
Seat 5: Merdah Lorr ($12.10 in chips) 
Seat 6: Maggy54 ($5.15 in chips) 
Seat 7: Marco296 ($4.65 in chips) 
Seat 8: jbdb3 ($24.65 in chips) 
Seat 9: godfather_AA ($27.85 in chips) 
godfather_AA: posts small blind $0.10
northwood: posts big blind $0.25
*** HOLE CARDS ***
Dealt to Alameda22 [Ac 9s]
Alameda22: folds 
Boombasi: folds 
knakeddefguy: folds 
Merdah Lorr: folds 
Maggy54: folds 
Marco296: raises $0.75 to $1
jbdb3: folds 
godfather_AA: folds 
northwood: folds 
Uncalled bet ($0.75) returned to Marco296
Marco296 collected $0.60 from pot
Marco296: doesn't show hand 
*** SUMMARY ***
Total pot $0.60 | Rake $0 
Seat 1: northwood (big blind) folded before Flop
Seat 2: Alameda22 folded before Flop (didn't bet)
Seat 3: Boombasi folded before Flop (didn't bet)
Seat 4: knakeddefguy folded before Flop (didn't bet)
Seat 5: Merdah Lorr folded before Flop (didn't bet)
Seat 6: Maggy54 folded before Flop (didn't bet)
Seat 7: Marco296 collected ($0.60)
Seat 8: jbdb3 (button) folded before Flop (didn't bet)
Seat 9: godfather_AA (small blind) folded before Flop



PokerStars Game #19970299862:  Hold'em No Limit ($0.10/$0.25) - 2008/08/28 - 16:41:18 (ET)
Table 'Ilmatar III' 9-max Seat #9 is the button
Seat 1: northwood ($36.40 in chips) 
Seat 2: Alameda22 ($24.40 in chips) 
Seat 3: Boombasi ($56.80 in chips) 
Seat 4: knakeddefguy ($21.80 in chips) 
Seat 5: Merdah Lorr ($12.10 in chips) 
Seat 6: Maggy54 ($5.15 in chips) 
Seat 7: Marco296 ($5 in chips) 
Seat 8: jbdb3 ($24.65 in chips) 
Seat 9: godfather_AA ($27.75 in chips) 
northwood: posts small blind $0.10
Alameda22: posts big blind $0.25
*** HOLE CARDS ***
Dealt to Alameda22 [Qh 7c]
Boombasi: folds 
knakeddefguy: folds 
Merdah Lorr: folds 
Maggy54: raises $0.75 to $1
Marco296: folds 
jbdb3: folds 
godfather_AA: folds 
northwood: folds 
Alameda22: folds 
Uncalled bet ($0.75) returned to Maggy54
northwood leaves the table
Maggy54 collected $0.60 from pot
Maggy54: doesn't show hand 
*** SUMMARY ***
Total pot $0.60 | Rake $0 
Seat 1: northwood (small blind) folded before Flop
Seat 2: Alameda22 (big blind) folded before Flop
Seat 3: Boombasi folded before Flop (didn't bet)
Seat 4: knakeddefguy folded before Flop (didn't bet)
Seat 5: Merdah Lorr folded before Flop (didn't bet)
Seat 6: Maggy54 collected ($0.60)
Seat 7: Marco296 folded before Flop (didn't bet)
Seat 8: jbdb3 folded before Flop (didn't bet)
Seat 9: godfather_AA (button) folded before Flop (didn't bet)



PokerStars Game #19970316626:  Hold'em No Limit ($0.10/$0.25) - 2008/08/28 - 16:41:58 (ET)
Table 'Ilmatar III' 9-max Seat #2 is the button
Seat 2: Alameda22 ($24.15 in chips) 
Seat 3: Boombasi ($56.80 in chips) 
Seat 4: knakeddefguy ($21.80 in chips) 
Seat 5: Merdah Lorr ($12.10 in chips) 
Seat 6: Maggy54 ($5.50 in chips) 
Seat 7: Marco296 ($5 in chips) 
Seat 8: jbdb3 ($24.65 in chips) 
Seat 9: godfather_AA ($27.75 in chips) 
Boombasi: posts small blind $0.10
knakeddefguy: posts big blind $0.25
*** HOLE CARDS ***
Dealt to Alameda22 [2s 3c]
Merdah Lorr: folds 
Maggy54: folds 
Marco296: folds 
jbdb3: folds 
godfather_AA: folds 
Alameda22: folds 
Boombasi: folds 
Uncalled bet ($0.15) returned to knakeddefguy
Boew joins the table at seat #1 
knakeddefguy collected $0.20 from pot
knakeddefguy: doesn't show hand 
*** SUMMARY ***
Total pot $0.20 | Rake $0 
Seat 2: Alameda22 (button) folded before Flop (didn't bet)
Seat 3: Boombasi (small blind) folded before Flop
Seat 4: knakeddefguy (big blind) collected ($0.20)
Seat 5: Merdah Lorr folded before Flop (didn't bet)
Seat 6: Maggy54 folded before Flop (didn't bet)
Seat 7: Marco296 folded before Flop (didn't bet)
Seat 8: jbdb3 folded before Flop (didn't bet)
Seat 9: godfather_AA folded before Flop (didn't bet)



PokerStars Game #19970334546:  Hold'em No Limit ($0.10/$0.25) - 2008/08/28 - 16:42:42 (ET)
Table 'Ilmatar III' 9-max Seat #3 is the button
Seat 1: Boew ($25 in chips) 
Seat 2: Alameda22 ($24.15 in chips) 
Seat 3: Boombasi ($56.70 in chips) 
Seat 4: knakeddefguy ($21.90 in chips) 
Seat 5: Merdah Lorr ($12.10 in chips) 
Seat 6: Maggy54 ($5.50 in chips) 
Seat 7: Marco296 ($5 in chips) 
Seat 8: jbdb3 ($24.65 in chips) 
Seat 9: godfather_AA ($27.75 in chips) 
knakeddefguy: posts small blind $0.10
Merdah Lorr: posts big blind $0.25
Boew: posts big blind $0.25
*** HOLE CARDS ***
Dealt to Alameda22 [4c 6d]
Maggy54: folds 
Marco296: folds 
jbdb3: folds 
godfather_AA: folds 
Boew: checks 
Alameda22: folds 
Boombasi: folds 
knakeddefguy: folds 
Merdah Lorr: raises $0.25 to $0.50
Boew: raises $1 to $1.50
Merdah Lorr: raises $1 to $2.50
Boew: calls $1
*** FLOP *** [Ah 3d 9d]
Merdah Lorr: bets $2
Boew: folds 
Uncalled bet ($2) returned to Merdah Lorr
Merdah Lorr collected $4.85 from pot
Merdah Lorr: doesn't show hand 
*** SUMMARY ***
Total pot $5.10 | Rake $0.25 
Board [Ah 3d 9d]
Seat 1: Boew folded on the Flop
Seat 2: Alameda22 folded before Flop (didn't bet)
Seat 3: Boombasi (button) folded before Flop (didn't bet)
Seat 4: knakeddefguy (small blind) folded before Flop
Seat 5: Merdah Lorr (big blind) collected ($4.85)
Seat 6: Maggy54 folded before Flop (didn't bet)
Seat 7: Marco296 folded before Flop (didn't bet)
Seat 8: jbdb3 folded before Flop (didn't bet)
Seat 9: godfather_AA folded before Flop (didn't bet)



PokerStars Game #19970371664:  Hold'em No Limit ($0.10/$0.25) - 2008/08/28 - 16:44:11 (ET)
Table 'Ilmatar III' 9-max Seat #4 is the button
Seat 1: Boew ($22.50 in chips) 
Seat 2: Alameda22 ($24.15 in chips) 
Seat 3: Boombasi ($56.70 in chips) 
Seat 4: knakeddefguy ($21.80 in chips) 
Seat 5: Merdah Lorr ($14.45 in chips) 
Seat 6: Maggy54 ($5.50 in chips) 
Seat 7: Marco296 ($5 in chips) 
Seat 8: jbdb3 ($24.65 in chips) 
Seat 9: godfather_AA ($27.75 in chips) 
Merdah Lorr: posts small blind $0.10
Maggy54: posts big blind $0.25
*** HOLE CARDS ***
Dealt to Alameda22 [Th 6h]
Marco296: folds 
jbdb3: folds 
godfather_AA: folds 
Boew: calls $0.25
Alameda22: folds 
Boombasi: folds 
knakeddefguy: folds 
Merdah Lorr: calls $0.15
Maggy54: checks 
*** FLOP *** [Jc Kd 9h]
Merdah Lorr: checks 
Maggy54: checks 
Boew: bets $0.50
Merdah Lorr: folds 
Maggy54: folds 
Uncalled bet ($0.50) returned to Boew
Boew collected $0.75 from pot
*** SUMMARY ***
Total pot $0.75 | Rake $0 
Board [Jc Kd 9h]
Seat 1: Boew collected ($0.75)
Seat 2: Alameda22 folded before Flop (didn't bet)
Seat 3: Boombasi folded before Flop (didn't bet)
Seat 4: knakeddefguy (button) folded before Flop (didn't bet)
Seat 5: Merdah Lorr (small blind) folded on the Flop
Seat 6: Maggy54 (big blind) folded on the Flop
Seat 7: Marco296 folded before Flop (didn't bet)
Seat 8: jbdb3 folded before Flop (didn't bet)
Seat 9: godfather_AA folded before Flop (didn't bet)



PokerStars Game #19970400249:  Hold'em No Limit ($0.10/$0.25) - 2008/08/28 - 16:45:21 (ET)
Table 'Ilmatar III' 9-max Seat #5 is the button
Seat 1: Boew ($23 in chips) 
Seat 2: Alameda22 ($24.15 in chips) 
Seat 3: Boombasi ($56.70 in chips) 
Seat 4: knakeddefguy ($21.80 in chips) 
Seat 5: Merdah Lorr ($14.20 in chips) 
Seat 6: Maggy54 ($5.25 in chips) 
Seat 7: Marco296 ($5 in chips) 
Seat 8: jbdb3 ($24.65 in chips) 
Seat 9: godfather_AA ($27.75 in chips) 
Maggy54: posts small blind $0.10
Marco296: posts big blind $0.25
*** HOLE CARDS ***
Dealt to Alameda22 [2h 4d]
jbdb3: folds 
godfather_AA: folds 
Boew: calls $0.25
Alameda22: folds 
Boombasi: folds 
knakeddefguy: folds 
Merdah Lorr: folds 
Maggy54: folds 
Marco296: checks 
*** FLOP *** [9c Tc 7c]
Marco296: checks 
Boew: bets $0.50
Marco296: folds 
Uncalled bet ($0.50) returned to Boew
Boew collected $0.60 from pot
*** SUMMARY ***
Total pot $0.60 | Rake $0 
Board [9c Tc 7c]
Seat 1: Boew collected ($0.60)
Seat 2: Alameda22 folded before Flop (didn't bet)
Seat 3: Boombasi folded before Flop (didn't bet)
Seat 4: knakeddefguy folded before Flop (didn't bet)
Seat 5: Merdah Lorr (button) folded before Flop (didn't bet)
Seat 6: Maggy54 (small blind) folded before Flop
Seat 7: Marco296 (big blind) folded on the Flop
Seat 8: jbdb3 folded before Flop (didn't bet)
Seat 9: godfather_AA folded before Flop (didn't bet)



PokerStars Game #19970418437:  Hold'em No Limit ($0.10/$0.25) - 2008/08/28 - 16:46:05 (ET)
Table 'Ilmatar III' 9-max Seat #6 is the button
Seat 1: Boew ($23.35 in chips) 
Seat 2: Alameda22 ($24.15 in chips) 
Seat 3: Boombasi ($56.70 in chips) 
Seat 4: knakeddefguy ($21.80 in chips) 
Seat 5: Merdah Lorr ($14.20 in chips) 
Seat 6: Maggy54 ($5.15 in chips) 
Seat 7: Marco296 ($4.75 in chips) 
Seat 8: jbdb3 ($24.65 in chips) 
Seat 9: godfather_AA ($27.75 in chips) 
Marco296: posts small blind $0.10
jbdb3: posts big blind $0.25
*** HOLE CARDS ***
Dealt to Alameda22 [4c 7h]
godfather_AA: raises $0.50 to $0.75
Boew: folds 
Alameda22: folds 
Boombasi: folds 
knakeddefguy: folds 
Merdah Lorr: folds 
Maggy54: folds 
Marco296: folds 
jbdb3: folds 
Uncalled bet ($0.50) returned to godfather_AA
godfather_AA collected $0.60 from pot
godfather_AA: doesn't show hand 
*** SUMMARY ***
Total pot $0.60 | Rake $0 
Seat 1: Boew folded before Flop (didn't bet)
Seat 2: Alameda22 folded before Flop (didn't bet)
Seat 3: Boombasi folded before Flop (didn't bet)
Seat 4: knakeddefguy folded before Flop (didn't bet)
Seat 5: Merdah Lorr folded before Flop (didn't bet)
Seat 6: Maggy54 (button) folded before Flop (didn't bet)
Seat 7: Marco296 (small blind) folded before Flop
Seat 8: jbdb3 (big blind) folded before Flop
Seat 9: godfather_AA collected ($0.60)



PokerStars Game #19970432851:  Hold'em No Limit ($0.10/$0.25) - 2008/08/28 - 16:46:39 (ET)
Table 'Ilmatar III' 9-max Seat #7 is the button
Seat 1: Boew ($23.35 in chips) 
Seat 2: Alameda22 ($24.15 in chips) 
Seat 3: Boombasi ($56.70 in chips) 
Seat 4: knakeddefguy ($21.80 in chips) 
Seat 5: Merdah Lorr ($14.20 in chips) 
Seat 6: Maggy54 ($5.15 in chips) 
Seat 7: Marco296 ($4.65 in chips) 
Seat 8: jbdb3 ($24.40 in chips) 
Seat 9: godfather_AA ($28.10 in chips) 
jbdb3: posts small blind $0.10
godfather_AA: posts big blind $0.25
*** HOLE CARDS ***
Dealt to Alameda22 [8c 9c]
Boew: calls $0.25
Alameda22: folds 
Boombasi: folds 
knakeddefguy: folds 
Merdah Lorr: folds 
Maggy54: folds 
Marco296: folds 
jbdb3: calls $0.15
godfather_AA: raises $1 to $1.25
Boew: folds 
jbdb3: folds 
Uncalled bet ($1) returned to godfather_AA
godfather_AA collected $0.75 from pot
godfather_AA: doesn't show hand 
*** SUMMARY ***
Total pot $0.75 | Rake $0 
Seat 1: Boew folded before Flop
Seat 2: Alameda22 folded before Flop (didn't bet)
Seat 3: Boombasi folded before Flop (didn't bet)
Seat 4: knakeddefguy folded before Flop (didn't bet)
Seat 5: Merdah Lorr folded before Flop (didn't bet)
Seat 6: Maggy54 folded before Flop (didn't bet)
Seat 7: Marco296 (button) folded before Flop (didn't bet)
Seat 8: jbdb3 (small blind) folded before Flop
Seat 9: godfather_AA (big blind) collected ($0.75)



PokerStars Game #19970450908:  Hold'em No Limit ($0.10/$0.25) - 2008/08/28 - 16:47:24 (ET)
Table 'Ilmatar III' 9-max Seat #8 is the button
Seat 1: Boew ($23.10 in chips) 
Seat 2: Alameda22 ($24.15 in chips) 
Seat 3: Boombasi ($56.70 in chips) 
Seat 4: knakeddefguy ($21.80 in chips) 
Seat 5: Merdah Lorr ($14.20 in chips) 
Seat 6: Maggy54 ($5.15 in chips) 
Seat 7: Marco296 ($4.65 in chips) 
Seat 8: jbdb3 ($24.15 in chips) 
Seat 9: godfather_AA ($28.60 in chips) 
godfather_AA: posts small blind $0.10
Boew: posts big blind $0.25
*** HOLE CARDS ***
Dealt to Alameda22 [Qc Th]
Alameda22: folds 
Boombasi: folds 
knakeddefguy: folds 
Merdah Lorr: folds 
Maggy54: raises $0.75 to $1
Marco296: folds 
jbdb3: folds 
godfather_AA: folds 
Boew: folds 
Uncalled bet ($0.75) returned to Maggy54
Maggy54 collected $0.60 from pot
Maggy54: doesn't show hand 
*** SUMMARY ***
Total pot $0.60 | Rake $0 
Seat 1: Boew (big blind) folded before Flop
Seat 2: Alameda22 folded before Flop (didn't bet)
Seat 3: Boombasi folded before Flop (didn't bet)
Seat 4: knakeddefguy folded before Flop (didn't bet)
Seat 5: Merdah Lorr folded before Flop (didn't bet)
Seat 6: Maggy54 collected ($0.60)
Seat 7: Marco296 folded before Flop (didn't bet)
Seat 8: jbdb3 (button) folded before Flop (didn't bet)
Seat 9: godfather_AA (small blind) folded before Flop



PokerStars Game #19970468411:  Hold'em No Limit ($0.10/$0.25) - 2008/08/28 - 16:48:06 (ET)
Table 'Ilmatar III' 9-max Seat #9 is the button
Seat 1: Boew ($22.85 in chips) 
Seat 2: Alameda22 ($24.15 in chips) 
Seat 3: Boombasi ($56.70 in chips) 
Seat 4: knakeddefguy ($21.80 in chips) 
Seat 5: Merdah Lorr ($14.20 in chips) 
Seat 6: Maggy54 ($5.50 in chips) 
Seat 7: Marco296 ($4.65 in chips) 
Seat 8: jbdb3 ($24.15 in chips) 
Seat 9: godfather_AA ($28.50 in chips) 
Boew: posts small blind $0.10
Alameda22: posts big blind $0.25
*** HOLE CARDS ***
Dealt to Alameda22 [Jh 4s]
Boombasi: folds 
knakeddefguy: calls $0.25
Merdah Lorr: calls $0.25
Maggy54: folds 
Marco296: folds 
jbdb3: folds 
godfather_AA: folds 
Boew: calls $0.15
Alameda22: checks 
*** FLOP *** [3d 2h 4c]
Boew: bets $0.50
Alameda22: folds 
knakeddefguy: folds 
Merdah Lorr: folds 
Uncalled bet ($0.50) returned to Boew
Boew collected $0.95 from pot
*** SUMMARY ***
Total pot $1 | Rake $0.05 
Board [3d 2h 4c]
Seat 1: Boew (small blind) collected ($0.95)
Seat 2: Alameda22 (big blind) folded on the Flop
Seat 3: Boombasi folded before Flop (didn't bet)
Seat 4: knakeddefguy folded on the Flop
Seat 5: Merdah Lorr folded on the Flop
Seat 6: Maggy54 folded before Flop (didn't bet)
Seat 7: Marco296 folded before Flop (didn't bet)
Seat 8: jbdb3 folded before Flop (didn't bet)
Seat 9: godfather_AA (button) folded before Flop (didn't bet)



PokerStars Game #19970495801:  Hold'em No Limit ($0.10/$0.25) - 2008/08/28 - 16:49:13 (ET)
Table 'Ilmatar III' 9-max Seat #1 is the button
Seat 1: Boew ($23.55 in chips) 
Seat 2: Alameda22 ($23.90 in chips) 
Seat 3: Boombasi ($56.70 in chips) 
Seat 4: knakeddefguy ($21.55 in chips) 
Seat 5: Merdah Lorr ($13.95 in chips) 
Seat 6: Maggy54 ($5.50 in chips) 
Seat 7: Marco296 ($4.65 in chips) 
Seat 8: jbdb3 ($24.15 in chips) 
Seat 9: godfather_AA ($28.50 in chips) 
Alameda22: posts small blind $0.10
Boombasi: posts big blind $0.25
*** HOLE CARDS ***
Dealt to Alameda22 [5d Ks]
knakeddefguy: calls $0.25
Merdah Lorr: folds 
Maggy54: folds 
Marco296: folds 
jbdb3: folds 
godfather_AA: folds 
Boew: calls $0.25
Alameda22: folds 
Boombasi: checks 
*** FLOP *** [Jh 7c As]
Boombasi: checks 
knakeddefguy: checks 
Boew: bets $0.50
Boombasi: folds 
knakeddefguy: folds 
Uncalled bet ($0.50) returned to Boew
Boew collected $0.85 from pot
*** SUMMARY ***
Total pot $0.85 | Rake $0 
Board [Jh 7c As]
Seat 1: Boew (button) collected ($0.85)
Seat 2: Alameda22 (small blind) folded before Flop
Seat 3: Boombasi (big blind) folded on the Flop
Seat 4: knakeddefguy folded on the Flop
Seat 5: Merdah Lorr folded before Flop (didn't bet)
Seat 6: Maggy54 folded before Flop (didn't bet)
Seat 7: Marco296 folded before Flop (didn't bet)
Seat 8: jbdb3 folded before Flop (didn't bet)
Seat 9: godfather_AA folded before Flop (didn't bet)



PokerStars Game #19970520925:  Hold'em No Limit ($0.10/$0.25) - 2008/08/28 - 16:50:15 (ET)
Table 'Ilmatar III' 9-max Seat #2 is the button
Seat 1: Boew ($24.15 in chips) 
Seat 2: Alameda22 ($23.80 in chips) 
Seat 3: Boombasi ($56.45 in chips) 
Seat 4: knakeddefguy ($21.30 in chips) 
Seat 5: Merdah Lorr ($13.95 in chips) 
Seat 6: Maggy54 ($5.50 in chips) 
Seat 7: Marco296 ($4.65 in chips) 
Seat 8: jbdb3 ($24.15 in chips) 
Seat 9: godfather_AA ($28.50 in chips) 
Boombasi: posts small blind $0.10
knakeddefguy: posts big blind $0.25
*** HOLE CARDS ***
Dealt to Alameda22 [8c Qh]
Merdah Lorr: folds 
Maggy54: folds 
Marco296: folds 
jbdb3: folds 
godfather_AA: folds 
Boew: calls $0.25
Alameda22: folds 
Boombasi: folds 
knakeddefguy: checks 
*** FLOP *** [Ts 4s 9c]
knakeddefguy: checks 
Boew: bets $0.75
knakeddefguy: folds 
Uncalled bet ($0.75) returned to Boew
Boew collected $0.60 from pot
*** SUMMARY ***
Total pot $0.60 | Rake $0 
Board [Ts 4s 9c]
Seat 1: Boew collected ($0.60)
Seat 2: Alameda22 (button) folded before Flop (didn't bet)
Seat 3: Boombasi (small blind) folded before Flop
Seat 4: knakeddefguy (big blind) folded on the Flop
Seat 5: Merdah Lorr folded before Flop (didn't bet)
Seat 6: Maggy54 folded before Flop (didn't bet)
Seat 7: Marco296 folded before Flop (didn't bet)
Seat 8: jbdb3 folded before Flop (didn't bet)
Seat 9: godfather_AA folded before Flop (didn't bet)



PokerStars Game #19970544036:  Hold'em No Limit ($0.10/$0.25) - 2008/08/28 - 16:51:11 (ET)
Table 'Ilmatar III' 9-max Seat #3 is the button
Seat 1: Boew ($24.50 in chips) 
Seat 2: Alameda22 ($23.80 in chips) 
Seat 3: Boombasi ($56.35 in chips) 
Seat 4: knakeddefguy ($21.05 in chips) 
Seat 5: Merdah Lorr ($13.95 in chips) 
Seat 6: Maggy54 ($5.50 in chips) 
Seat 7: Marco296 ($4.65 in chips) 
Seat 8: jbdb3 ($24.15 in chips) 
Seat 9: godfather_AA ($28.50 in chips) 
knakeddefguy: posts small blind $0.10
Merdah Lorr: posts big blind $0.25
*** HOLE CARDS ***
Dealt to Alameda22 [Ac Kh]
Maggy54: raises $0.75 to $1
Marco296: folds 
jbdb3: folds 
godfather_AA: folds 
Boew: folds 
Alameda22: raises $2 to $3
Boombasi: folds 
knakeddefguy: folds 
Merdah Lorr: folds 
Maggy54: folds 
Uncalled bet ($2) returned to Alameda22
Alameda22 collected $2.35 from pot
Alameda22: doesn't show hand 
*** SUMMARY ***
Total pot $2.35 | Rake $0 
Seat 1: Boew folded before Flop (didn't bet)
Seat 2: Alameda22 collected ($2.35)
Seat 3: Boombasi (button) folded before Flop (didn't bet)
Seat 4: knakeddefguy (small blind) folded before Flop
Seat 5: Merdah Lorr (big blind) folded before Flop
Seat 6: Maggy54 folded before Flop
Seat 7: Marco296 folded before Flop (didn't bet)
Seat 8: jbdb3 folded before Flop (didn't bet)
Seat 9: godfather_AA folded before Flop (didn't bet)



PokerStars Game #19970572003:  Hold'em No Limit ($0.10/$0.25) - 2008/08/28 - 16:52:20 (ET)
Table 'Ilmatar III' 9-max Seat #4 is the button
Seat 1: Boew ($24.50 in chips) 
Seat 2: Alameda22 ($25.15 in chips) 
Seat 3: Boombasi ($56.35 in chips) 
Seat 4: knakeddefguy ($20.95 in chips) 
Seat 5: Merdah Lorr ($13.70 in chips) 
Seat 6: Maggy54 ($4.50 in chips) 
Seat 7: Marco296 ($4.65 in chips) 
Seat 8: jbdb3 ($24.15 in chips) 
Seat 9: godfather_AA ($28.50 in chips) 
Merdah Lorr: posts small blind $0.10
Maggy54: posts big blind $0.25
*** HOLE CARDS ***
Dealt to Alameda22 [4d 9c]
Marco296: folds 
jbdb3: folds 
godfather_AA: raises $0.50 to $0.75
Boew: calls $0.75
Alameda22: folds 
Boombasi: folds 
knakeddefguy: calls $0.75
Merdah Lorr: folds 
Maggy54: folds 
*** FLOP *** [9h Jh 4s]
godfather_AA: bets $1.25
Boew: raises $1.75 to $3
knakeddefguy: folds 
godfather_AA: calls $1.75
*** TURN *** [9h Jh 4s] [2c]
godfather_AA: checks 
Boew: bets $2.75
godfather_AA: calls $2.75
*** RIVER *** [9h Jh 4s 2c] [6d]
godfather_AA: checks 
Boew: bets $3
godfather_AA: calls $3
*** SHOW DOWN ***
Boew: shows [Jd Kd] (a pair of Jacks)
godfather_AA: mucks hand 
Boew collected $19.15 from pot
*** SUMMARY ***
Total pot $20.10 | Rake $0.95 
Board [9h Jh 4s 2c 6d]
Seat 1: Boew showed [Jd Kd] and won ($19.15) with a pair of Jacks
Seat 2: Alameda22 folded before Flop (didn't bet)
Seat 3: Boombasi folded before Flop (didn't bet)
Seat 4: knakeddefguy (button) folded on the Flop
Seat 5: Merdah Lorr (small blind) folded before Flop
Seat 6: Maggy54 (big blind) folded before Flop
Seat 7: Marco296 folded before Flop (didn't bet)
Seat 8: jbdb3 folded before Flop (didn't bet)
Seat 9: godfather_AA mucked [Qh Js]



PokerStars Game #19970616067:  Hold'em No Limit ($0.10/$0.25) - 2008/08/28 - 16:54:08 (ET)
Table 'Ilmatar III' 9-max Seat #5 is the button
Seat 1: Boew ($34.15 in chips) 
Seat 2: Alameda22 ($25.15 in chips) 
Seat 3: Boombasi ($56.35 in chips) 
Seat 4: knakeddefguy ($20.20 in chips) 
Seat 5: Merdah Lorr ($13.60 in chips) 
Seat 6: Maggy54 ($4.25 in chips) 
Seat 7: Marco296 ($4.65 in chips) 
Seat 8: jbdb3 ($24.15 in chips) 
Seat 9: godfather_AA ($19 in chips) 
Maggy54: posts small blind $0.10
Marco296: posts big blind $0.25
*** HOLE CARDS ***
Dealt to Alameda22 [9c 3h]
jbdb3: folds 
godfather_AA: folds 
Boew: calls $0.25
Alameda22: folds 
Boombasi: folds 
knakeddefguy: folds 
Merdah Lorr: folds 
Maggy54: raises $1 to $1.25
Marco296: folds 
Boew: calls $1
*** FLOP *** [9h 9s 4d]
Maggy54: bets $1.50
Boew: folds 
Uncalled bet ($1.50) returned to Maggy54
Maggy54 collected $2.65 from pot
Maggy54: doesn't show hand 
*** SUMMARY ***
Total pot $2.75 | Rake $0.10 
Board [9h 9s 4d]
Seat 1: Boew folded on the Flop
Seat 2: Alameda22 folded before Flop (didn't bet)
Seat 3: Boombasi folded before Flop (didn't bet)
Seat 4: knakeddefguy folded before Flop (didn't bet)
Seat 5: Merdah Lorr (button) folded before Flop (didn't bet)
Seat 6: Maggy54 (small blind) collected ($2.65)
Seat 7: Marco296 (big blind) folded before Flop
Seat 8: jbdb3 folded before Flop (didn't bet)
Seat 9: godfather_AA folded before Flop (didn't bet)



PokerStars Game #19970652057:  Hold'em No Limit ($0.10/$0.25) - 2008/08/28 - 16:55:37 (ET)
Table 'Ilmatar III' 9-max Seat #6 is the button
Seat 1: Boew ($32.90 in chips) 
Seat 2: Alameda22 ($25.15 in chips) 
Seat 3: Boombasi ($56.35 in chips) 
Seat 4: knakeddefguy ($20.20 in chips) 
Seat 5: Merdah Lorr ($13.60 in chips) 
Seat 6: Maggy54 ($5.65 in chips) 
Seat 7: Marco296 ($4.40 in chips) 
Seat 8: jbdb3 ($24.15 in chips) 
Seat 9: godfather_AA ($19 in chips) 
Marco296: posts small blind $0.10
jbdb3: posts big blind $0.25
*** HOLE CARDS ***
Dealt to Alameda22 [4s 8h]
godfather_AA: raises $0.50 to $0.75
Boew: folds 
Alameda22: folds 
Boombasi: folds 
knakeddefguy: folds 
Merdah Lorr: folds 
Maggy54: folds 
Marco296: folds 
jbdb3: folds 
Uncalled bet ($0.50) returned to godfather_AA
godfather_AA collected $0.60 from pot
godfather_AA: doesn't show hand 
*** SUMMARY ***
Total pot $0.60 | Rake $0 
Seat 1: Boew folded before Flop (didn't bet)
Seat 2: Alameda22 folded before Flop (didn't bet)
Seat 3: Boombasi folded before Flop (didn't bet)
Seat 4: knakeddefguy folded before Flop (didn't bet)
Seat 5: Merdah Lorr folded before Flop (didn't bet)
Seat 6: Maggy54 (button) folded before Flop (didn't bet)
Seat 7: Marco296 (small blind) folded before Flop
Seat 8: jbdb3 (big blind) folded before Flop
Seat 9: godfather_AA collected ($0.60)



PokerStars Game #19970671413:  Hold'em No Limit ($0.10/$0.25) - 2008/08/28 - 16:56:24 (ET)
Table 'Ilmatar III' 9-max Seat #7 is the button
Seat 1: Boew ($32.90 in chips) 
Seat 2: Alameda22 ($25.15 in chips) 
Seat 3: Boombasi ($56.35 in chips) 
Seat 4: knakeddefguy ($20.20 in chips) 
Seat 5: Merdah Lorr ($13.60 in chips) 
Seat 6: Maggy54 ($5.65 in chips) 
Seat 7: Marco296 ($4.30 in chips) 
Seat 8: jbdb3 ($23.90 in chips) 
Seat 9: godfather_AA ($19.35 in chips) 
jbdb3: posts small blind $0.10
godfather_AA: posts big blind $0.25
*** HOLE CARDS ***
Dealt to Alameda22 [Kd Ac]
Boew: folds 
Alameda22: raises $0.50 to $0.75
Boombasi: folds 
knakeddefguy: folds 
Merdah Lorr: folds 
Maggy54: folds 
Marco296: folds 
jbdb3: folds 
godfather_AA: folds 
Uncalled bet ($0.50) returned to Alameda22
Alameda22 collected $0.60 from pot
Alameda22: doesn't show hand 
*** SUMMARY ***
Total pot $0.60 | Rake $0 
Seat 1: Boew folded before Flop (didn't bet)
Seat 2: Alameda22 collected ($0.60)
Seat 3: Boombasi folded before Flop (didn't bet)
Seat 4: knakeddefguy folded before Flop (didn't bet)
Seat 5: Merdah Lorr folded before Flop (didn't bet)
Seat 6: Maggy54 folded before Flop (didn't bet)
Seat 7: Marco296 (button) folded before Flop (didn't bet)
Seat 8: jbdb3 (small blind) folded before Flop
Seat 9: godfather_AA (big blind) folded before Flop



PokerStars Game #19970687524:  Hold'em No Limit ($0.10/$0.25) - 2008/08/28 - 16:57:04 (ET)
Table 'Ilmatar III' 9-max Seat #8 is the button
Seat 1: Boew ($32.90 in chips) 
Seat 2: Alameda22 ($25.50 in chips) 
Seat 3: Boombasi ($56.35 in chips) 
Seat 4: knakeddefguy ($20.20 in chips) 
Seat 5: Merdah Lorr ($13.60 in chips) 
Seat 6: Maggy54 ($5.65 in chips) 
Seat 7: Marco296 ($4.30 in chips) 
Seat 8: jbdb3 ($23.80 in chips) 
Seat 9: godfather_AA ($19.10 in chips) 
godfather_AA: posts small blind $0.10
Boew: posts big blind $0.25
*** HOLE CARDS ***
Dealt to Alameda22 [Qc 7h]
Alameda22: folds 
Boombasi: folds 
knakeddefguy: raises $0.50 to $0.75
Merdah Lorr: folds 
Maggy54: folds 
Marco296: folds 
jbdb3: folds 
godfather_AA: folds 
Boew: calls $0.50
*** FLOP *** [Qd 7c 3d]
Boew: checks 
knakeddefguy: bets $1.50
Boew: raises $1.50 to $3
knakeddefguy: calls $1.50
*** TURN *** [Qd 7c 3d] [Tc]
Boew: bets $0.25
knakeddefguy: raises $4.75 to $5
Boew: raises $24.15 to $29.15 and is all-in
knakeddefguy: folds 
Uncalled bet ($24.15) returned to Boew
Boew collected $16.75 from pot
*** SUMMARY ***
Total pot $17.60 | Rake $0.85 
Board [Qd 7c 3d Tc]
Seat 1: Boew (big blind) collected ($16.75)
Seat 2: Alameda22 folded before Flop (didn't bet)
Seat 3: Boombasi folded before Flop (didn't bet)
Seat 4: knakeddefguy folded on the Turn
Seat 5: Merdah Lorr folded before Flop (didn't bet)
Seat 6: Maggy54 folded before Flop (didn't bet)
Seat 7: Marco296 folded before Flop (didn't bet)
Seat 8: jbdb3 (button) folded before Flop (didn't bet)
Seat 9: godfather_AA (small blind) folded before Flop



PokerStars Game #19970727523:  Hold'em No Limit ($0.10/$0.25) - 2008/08/28 - 16:58:44 (ET)
Table 'Ilmatar III' 9-max Seat #9 is the button
Seat 1: Boew ($40.90 in chips) 
Seat 2: Alameda22 ($25.50 in chips) 
Seat 3: Boombasi ($56.35 in chips) 
Seat 4: knakeddefguy ($11.45 in chips) 
Seat 5: Merdah Lorr ($13.60 in chips) 
Seat 6: Maggy54 ($5.65 in chips) 
Seat 7: Marco296 ($4.30 in chips) 
Seat 8: jbdb3 ($23.80 in chips) 
Seat 9: godfather_AA ($19 in chips) 
Boew: posts small blind $0.10
Alameda22: posts big blind $0.25
*** HOLE CARDS ***
Dealt to Alameda22 [7d 9s]
Boombasi: folds 
knakeddefguy: folds 
Merdah Lorr: calls $0.25
Maggy54: folds 
Marco296: folds 
jbdb3: folds 
godfather_AA: folds 
Boew: calls $0.15
Alameda22: checks 
*** FLOP *** [2d Jh 3s]
Boew: bets $0.75
Alameda22: folds 
Merdah Lorr: folds 
Uncalled bet ($0.75) returned to Boew
Boew collected $0.75 from pot
*** SUMMARY ***
Total pot $0.75 | Rake $0 
Board [2d Jh 3s]
Seat 1: Boew (small blind) collected ($0.75)
Seat 2: Alameda22 (big blind) folded on the Flop
Seat 3: Boombasi folded before Flop (didn't bet)
Seat 4: knakeddefguy folded before Flop (didn't bet)
Seat 5: Merdah Lorr folded on the Flop
Seat 6: Maggy54 folded before Flop (didn't bet)
Seat 7: Marco296 folded before Flop (didn't bet)
Seat 8: jbdb3 folded before Flop (didn't bet)
Seat 9: godfather_AA (button) folded before Flop (didn't bet)



PokerStars Game #19970750276:  Hold'em No Limit ($0.10/$0.25) - 2008/08/28 - 16:59:41 (ET)
Table 'Ilmatar III' 9-max Seat #1 is the button
Seat 1: Boew ($41.40 in chips) 
Seat 2: Alameda22 ($25.25 in chips) 
Seat 3: Boombasi ($56.35 in chips) 
Seat 4: knakeddefguy ($25 in chips) 
Seat 5: Merdah Lorr ($13.35 in chips) 
Seat 6: Maggy54 ($5.65 in chips) 
Seat 7: Marco296 ($4.30 in chips) 
Seat 8: jbdb3 ($23.80 in chips) 
Seat 9: godfather_AA ($19 in chips) 
Alameda22: posts small blind $0.10
Boombasi: posts big blind $0.25
*** HOLE CARDS ***
Dealt to Alameda22 [Ks 9s]
knakeddefguy: folds 
Merdah Lorr: calls $0.25
Maggy54: folds 
Marco296: folds 
jbdb3: folds 
godfather_AA: folds 
Boew: calls $0.25
Alameda22: folds 
Boombasi: checks 
*** FLOP *** [4s Js 9d]
Boombasi: checks 
Merdah Lorr: bets $0.25
Boew: folds 
Boombasi: calls $0.25
*** TURN *** [4s Js 9d] [8s]
Boombasi: checks 
Merdah Lorr: bets $0.25
Boombasi: calls $0.25
*** RIVER *** [4s Js 9d 8s] [Kd]
Boombasi: checks 
Merdah Lorr: bets $0.25
Boombasi: calls $0.25
*** SHOW DOWN ***
Merdah Lorr: shows [Tc 9c] (a pair of Nines)
Boombasi: shows [Jc 3s] (a pair of Jacks)
Boombasi collected $2.25 from pot
*** SUMMARY ***
Total pot $2.35 | Rake $0.10 
Board [4s Js 9d 8s Kd]
Seat 1: Boew (button) folded on the Flop
Seat 2: Alameda22 (small blind) folded before Flop
Seat 3: Boombasi (big blind) showed [Jc 3s] and won ($2.25) with a pair of Jacks
Seat 4: knakeddefguy folded before Flop (didn't bet)
Seat 5: Merdah Lorr showed [Tc 9c] and lost with a pair of Nines
Seat 6: Maggy54 folded before Flop (didn't bet)
Seat 7: Marco296 folded before Flop (didn't bet)
Seat 8: jbdb3 folded before Flop (didn't bet)
Seat 9: godfather_AA folded before Flop (didn't bet)



PokerStars Game #19970780832:  Hold'em No Limit ($0.10/$0.25) - 2008/08/28 - 17:00:56 (ET)
Table 'Ilmatar III' 9-max Seat #2 is the button
Seat 1: Boew ($41.15 in chips) 
Seat 2: Alameda22 ($25.15 in chips) 
Seat 3: Boombasi ($57.60 in chips) 
Seat 4: knakeddefguy ($25 in chips) 
Seat 5: Merdah Lorr ($12.35 in chips) 
Seat 6: Maggy54 ($5.65 in chips) 
Seat 7: Marco296 ($4.30 in chips) 
Seat 8: jbdb3 ($23.80 in chips) 
Seat 9: godfather_AA ($19 in chips) 
Boombasi: posts small blind $0.10
knakeddefguy: posts big blind $0.25
*** HOLE CARDS ***
Dealt to Alameda22 [Kc 3d]
Merdah Lorr: folds 
Merdah Lorr leaves the table
Maggy54: folds 
Marco296: folds 
jbdb3: folds 
godfather_AA: raises $0.75 to $1
Boew: folds 
Alameda22: folds 
Boombasi: folds 
knakeddefguy: folds 
Uncalled bet ($0.75) returned to godfather_AA
godfather_AA collected $0.60 from pot
godfather_AA: doesn't show hand 
*** SUMMARY ***
Total pot $0.60 | Rake $0 
Seat 1: Boew folded before Flop (didn't bet)
Seat 2: Alameda22 (button) folded before Flop (didn't bet)
Seat 3: Boombasi (small blind) folded before Flop
Seat 4: knakeddefguy (big blind) folded before Flop
Seat 5: Merdah Lorr folded before Flop (didn't bet)
Seat 6: Maggy54 folded before Flop (didn't bet)
Seat 7: Marco296 folded before Flop (didn't bet)
Seat 8: jbdb3 folded before Flop (didn't bet)
Seat 9: godfather_AA collected ($0.60)



PokerStars Game #19970803833:  Hold'em No Limit ($0.10/$0.25) - 2008/08/28 - 17:01:52 (ET)
Table 'Ilmatar III' 9-max Seat #3 is the button
Seat 1: Boew ($41.15 in chips) 
Seat 2: Alameda22 ($25.15 in chips) 
Seat 3: Boombasi ($57.50 in chips) 
Seat 4: knakeddefguy ($24.75 in chips) 
Seat 6: Maggy54 ($5.65 in chips) 
Seat 7: Marco296 ($4.30 in chips) 
Seat 8: jbdb3 ($23.80 in chips) 
Seat 9: godfather_AA ($19.35 in chips) 
knakeddefguy: posts small blind $0.10
Maggy54: posts big blind $0.25
*** HOLE CARDS ***
Dealt to Alameda22 [5c Kc]
Marco296: raises $0.75 to $1
jbdb3: folds 
godfather_AA: calls $1
Boew: folds 
Alameda22: folds 
Boombasi: folds 
knakeddefguy: folds 
Maggy54: folds 
*** FLOP *** [Qd 5h 4h]
Marco296: bets $1.75
godfather_AA: raises $2.75 to $4.50
Marco296: calls $1.55 and is all-in
Uncalled bet ($1.20) returned to godfather_AA
*** TURN *** [Qd 5h 4h] [8h]
*** RIVER *** [Qd 5h 4h 8h] [7s]
*** SHOW DOWN ***
Marco296: shows [Ah Ad] (a pair of Aces)
godfather_AA: mucks hand 
Marco296 collected $8.55 from pot
*** SUMMARY ***
Total pot $8.95 | Rake $0.40 
Board [Qd 5h 4h 8h 7s]
Seat 1: Boew folded before Flop (didn't bet)
Seat 2: Alameda22 folded before Flop (didn't bet)
Seat 3: Boombasi (button) folded before Flop (didn't bet)
Seat 4: knakeddefguy (small blind) folded before Flop
Seat 6: Maggy54 (big blind) folded before Flop
Seat 7: Marco296 showed [Ah Ad] and won ($8.55) with a pair of Aces
Seat 8: jbdb3 folded before Flop (didn't bet)
Seat 9: godfather_AA mucked [Kh Ks]



PokerStars Game #19970830373:  Hold'em No Limit ($0.10/$0.25) - 2008/08/28 - 17:02:57 (ET)
Table 'Ilmatar III' 9-max Seat #4 is the button
Seat 1: Boew ($41.15 in chips) 
Seat 2: Alameda22 ($25.15 in chips) 
Seat 3: Boombasi ($57.50 in chips) 
Seat 4: knakeddefguy ($24.65 in chips) 
Seat 6: Maggy54 ($5.40 in chips) 
Seat 8: jbdb3 ($23.80 in chips) 
Seat 9: godfather_AA ($15.05 in chips) 
Maggy54: posts small blind $0.10
Marco296: is sitting out 
jbdb3: posts big blind $0.25
*** HOLE CARDS ***
Dealt to Alameda22 [5h Ad]
Marco296 leaves the table
godfather_AA: folds 
Boew: folds 
Alameda22: folds 
Boombasi: folds 
knakeddefguy: raises $0.50 to $0.75
Maggy54: folds 
jbdb3: folds 
Uncalled bet ($0.50) returned to knakeddefguy
knakeddefguy collected $0.60 from pot
knakeddefguy: doesn't show hand 
*** SUMMARY ***
Total pot $0.60 | Rake $0 
Seat 1: Boew folded before Flop (didn't bet)
Seat 2: Alameda22 folded before Flop (didn't bet)
Seat 3: Boombasi folded before Flop (didn't bet)
Seat 4: knakeddefguy (button) collected ($0.60)
Seat 6: Maggy54 (small blind) folded before Flop
Seat 8: jbdb3 (big blind) folded before Flop
Seat 9: godfather_AA folded before Flop (didn't bet)



PokerStars Game #19970851677:  Hold'em No Limit ($0.10/$0.25) - 2008/08/28 - 17:03:49 (ET)
Table 'Ilmatar III' 9-max Seat #6 is the button
Seat 1: Boew ($41.15 in chips) 
Seat 2: Alameda22 ($25.15 in chips) 
Seat 3: Boombasi ($57.50 in chips) 
Seat 4: knakeddefguy ($25 in chips) 
Seat 6: Maggy54 ($5.30 in chips) 
Seat 8: jbdb3 ($23.55 in chips) 
Seat 9: godfather_AA ($15.05 in chips) 
jbdb3: posts small blind $0.10
godfather_AA: posts big blind $0.25
*** HOLE CARDS ***
Dealt to Alameda22 [9s 4s]
Boew: folds 
Alameda22: folds 
Boombasi: folds 
knakeddefguy: raises $0.75 to $1
Maggy54: folds 
jbdb3: folds 
godfather_AA: folds 
Uncalled bet ($0.75) returned to knakeddefguy
knakeddefguy collected $0.60 from pot
*** SUMMARY ***
Total pot $0.60 | Rake $0 
Seat 1: Boew folded before Flop (didn't bet)
Seat 2: Alameda22 folded before Flop (didn't bet)
Seat 3: Boombasi folded before Flop (didn't bet)
Seat 4: knakeddefguy collected ($0.60)
Seat 6: Maggy54 (button) folded before Flop (didn't bet)
Seat 8: jbdb3 (small blind) folded before Flop
Seat 9: godfather_AA (big blind) folded before Flop



PokerStars Game #19970869303:  Hold'em No Limit ($0.10/$0.25) - 2008/08/28 - 17:04:32 (ET)
Table 'Ilmatar III' 9-max Seat #8 is the button
Seat 1: Boew ($41.15 in chips) 
Seat 2: Alameda22 ($25.15 in chips) 
Seat 3: Boombasi ($57.50 in chips) 
Seat 4: knakeddefguy ($25.35 in chips) 
Seat 6: Maggy54 ($5.30 in chips) 
Seat 8: jbdb3 ($23.45 in chips) 
Seat 9: godfather_AA ($14.80 in chips) 
godfather_AA: posts small blind $0.10
Boew: posts big blind $0.25
*** HOLE CARDS ***
Dealt to Alameda22 [Qd 8d]
Selli999 joins the table at seat #7 
Alameda22: folds 
Boombasi: folds 
knakeddefguy: folds 
Maggy54: folds 
jbdb3: raises $0.50 to $0.75
godfather_AA: folds 
Boew: folds 
Uncalled bet ($0.50) returned to jbdb3
jbdb3 collected $0.60 from pot
*** SUMMARY ***
Total pot $0.60 | Rake $0 
Seat 1: Boew (big blind) folded before Flop
Seat 2: Alameda22 folded before Flop (didn't bet)
Seat 3: Boombasi folded before Flop (didn't bet)
Seat 4: knakeddefguy folded before Flop (didn't bet)
Seat 6: Maggy54 folded before Flop (didn't bet)
Seat 8: jbdb3 (button) collected ($0.60)
Seat 9: godfather_AA (small blind) folded before Flop



PokerStars Game #19970882625:  Hold'em No Limit ($0.10/$0.25) - 2008/08/28 - 17:05:04 (ET)
Table 'Ilmatar III' 9-max Seat #9 is the button
Seat 1: Boew ($40.90 in chips) 
Seat 2: Alameda22 ($25.15 in chips) 
Seat 3: Boombasi ($57.50 in chips) 
Seat 4: knakeddefguy ($25.35 in chips) 
Seat 6: Maggy54 ($5.30 in chips) 
Seat 7: Selli999 ($10 in chips) 
Seat 8: jbdb3 ($23.80 in chips) 
Seat 9: godfather_AA ($14.70 in chips) 
Boew: posts small blind $0.10
Alameda22: posts big blind $0.25
Selli999: posts big blind $0.25
*** HOLE CARDS ***
Dealt to Alameda22 [8s 3c]
Boombasi: folds 
knakeddefguy: folds 
Maggy54: folds 
Selli999: checks 
jbdb3: folds 
godfather_AA: folds 
Boew: calls $0.15
Alameda22: checks 
*** FLOP *** [6c 7s Jh]
Boew: bets $0.50
Alameda22: folds 
Selli999: folds 
Uncalled bet ($0.50) returned to Boew
Boew collected $0.75 from pot
*** SUMMARY ***
Total pot $0.75 | Rake $0 
Board [6c 7s Jh]
Seat 1: Boew (small blind) collected ($0.75)
Seat 2: Alameda22 (big blind) folded on the Flop
Seat 3: Boombasi folded before Flop (didn't bet)
Seat 4: knakeddefguy folded before Flop (didn't bet)
Seat 6: Maggy54 folded before Flop (didn't bet)
Seat 7: Selli999 folded on the Flop
Seat 8: jbdb3 folded before Flop (didn't bet)
Seat 9: godfather_AA (button) folded before Flop (didn't bet)



PokerStars Game #19970917652:  Hold'em No Limit ($0.10/$0.25) - 2008/08/28 - 17:06:30 (ET)
Table 'Ilmatar III' 9-max Seat #1 is the button
Seat 1: Boew ($41.40 in chips) 
Seat 2: Alameda22 ($24.90 in chips) 
Seat 3: Boombasi ($57.50 in chips) 
Seat 4: knakeddefguy ($25.35 in chips) 
Seat 6: Maggy54 ($5.30 in chips) 
Seat 7: Selli999 ($9.75 in chips) 
Seat 8: jbdb3 ($23.80 in chips) 
Seat 9: godfather_AA ($14.70 in chips) 
Alameda22: posts small blind $0.10
Boombasi: posts big blind $0.25
*** HOLE CARDS ***
Dealt to Alameda22 [4s Td]
knakeddefguy: folds 
Maggy54: folds 
Selli999: folds 
Aylindirk joins the table at seat #5 
jbdb3: folds 
godfather_AA: folds 
Boew: calls $0.25
Alameda22: folds 
Boombasi: checks 
*** FLOP *** [Ac 6s 2s]
Boombasi: checks 
Boew: bets $0.25
Boombasi: folds 
Uncalled bet ($0.25) returned to Boew
Boew collected $0.60 from pot
*** SUMMARY ***
Total pot $0.60 | Rake $0 
Board [Ac 6s 2s]
Seat 1: Boew (button) collected ($0.60)
Seat 2: Alameda22 (small blind) folded before Flop
Seat 3: Boombasi (big blind) folded on the Flop
Seat 4: knakeddefguy folded before Flop (didn't bet)
Seat 6: Maggy54 folded before Flop (didn't bet)
Seat 7: Selli999 folded before Flop (didn't bet)
Seat 8: jbdb3 folded before Flop (didn't bet)
Seat 9: godfather_AA folded before Flop (didn't bet)



PokerStars Game #19970943203:  Hold'em No Limit ($0.10/$0.25) - 2008/08/28 - 17:07:32 (ET)
Table 'Ilmatar III' 9-max Seat #2 is the button
Seat 1: Boew ($41.75 in chips) 
Seat 2: Alameda22 ($24.80 in chips) 
Seat 3: Boombasi ($57.25 in chips) 
Seat 4: knakeddefguy ($25.35 in chips) 
Seat 6: Maggy54 ($5.30 in chips) 
Seat 7: Selli999 ($9.75 in chips) 
Seat 8: jbdb3 ($23.80 in chips) 
Seat 9: godfather_AA ($14.70 in chips) 
Boombasi: posts small blind $0.10
knakeddefguy: posts big blind $0.25
Aylindirk: sits out 
*** HOLE CARDS ***
Dealt to Alameda22 [Jh 5d]
Maggy54: folds 
Selli999: folds 
jbdb3: folds 
godfather_AA: folds 
Boew: calls $0.25
Alameda22: folds 
Boombasi: folds 
knakeddefguy: checks 
*** FLOP *** [6h Js 8d]
knakeddefguy: checks 
Boew: bets $0.75
knakeddefguy: folds 
Uncalled bet ($0.75) returned to Boew
Boew collected $0.60 from pot
*** SUMMARY ***
Total pot $0.60 | Rake $0 
Board [6h Js 8d]
Seat 1: Boew collected ($0.60)
Seat 2: Alameda22 (button) folded before Flop (didn't bet)
Seat 3: Boombasi (small blind) folded before Flop
Seat 4: knakeddefguy (big blind) folded on the Flop
Seat 6: Maggy54 folded before Flop (didn't bet)
Seat 7: Selli999 folded before Flop (didn't bet)
Seat 8: jbdb3 folded before Flop (didn't bet)
Seat 9: godfather_AA folded before Flop (didn't bet)



PokerStars Game #19970960652:  Hold'em No Limit ($0.10/$0.25) - 2008/08/28 - 17:08:15 (ET)
Table 'Ilmatar III' 9-max Seat #3 is the button
Seat 1: Boew ($42.10 in chips) 
Seat 2: Alameda22 ($24.80 in chips) 
Seat 3: Boombasi ($57.15 in chips) 
Seat 4: knakeddefguy ($25.10 in chips) 
Seat 5: Aylindirk ($5 in chips) 
Seat 6: Maggy54 ($5.30 in chips) 
Seat 7: Selli999 ($9.75 in chips) 
Seat 8: jbdb3 ($23.80 in chips) 
Seat 9: godfather_AA ($14.70 in chips) 
knakeddefguy: posts small blind $0.10
Aylindirk: posts big blind $0.25
*** HOLE CARDS ***
Dealt to Alameda22 [Qh Qs]
Maggy54: folds 
Selli999: folds 
jbdb3: folds 
godfather_AA: folds 
Boew: folds 
Alameda22: raises $0.50 to $0.75
Boombasi: calls $0.75
knakeddefguy: folds 
Aylindirk: folds 
*** FLOP *** [4h 5c 2c]
Alameda22: bets $1.25
Boombasi: folds 
Uncalled bet ($1.25) returned to Alameda22
Alameda22 collected $1.80 from pot
Alameda22: doesn't show hand 
*** SUMMARY ***
Total pot $1.85 | Rake $0.05 
Board [4h 5c 2c]
Seat 1: Boew folded before Flop (didn't bet)
Seat 2: Alameda22 collected ($1.80)
Seat 3: Boombasi (button) folded on the Flop
Seat 4: knakeddefguy (small blind) folded before Flop
Seat 5: Aylindirk (big blind) folded before Flop
Seat 6: Maggy54 folded before Flop (didn't bet)
Seat 7: Selli999 folded before Flop (didn't bet)
Seat 8: jbdb3 folded before Flop (didn't bet)
Seat 9: godfather_AA folded before Flop (didn't bet)



PokerStars Game #19970983528:  Hold'em No Limit ($0.10/$0.25) - 2008/08/28 - 17:09:11 (ET)
Table 'Ilmatar III' 9-max Seat #4 is the button
Seat 1: Boew ($42.10 in chips) 
Seat 2: Alameda22 ($25.85 in chips) 
Seat 3: Boombasi ($56.40 in chips) 
Seat 4: knakeddefguy ($25 in chips) 
Seat 5: Aylindirk ($4.75 in chips) 
Seat 6: Maggy54 ($5.30 in chips) 
Seat 7: Selli999 ($9.75 in chips) 
Seat 8: jbdb3 ($23.80 in chips) 
Seat 9: godfather_AA ($14.70 in chips) 
Aylindirk: posts small blind $0.10
Maggy54: posts big blind $0.25
*** HOLE CARDS ***
Dealt to Alameda22 [Qc 8d]
Selli999: folds 
jbdb3: folds 
godfather_AA: folds 
Boew: calls $0.25
Alameda22: folds 
Boombasi: folds 
knakeddefguy: folds 
Aylindirk: folds 
Maggy54: checks 
*** FLOP *** [9s Qh 5c]
Maggy54: checks 
Boew: bets $0.75
Maggy54: folds 
Uncalled bet ($0.75) returned to Boew
Boew collected $0.60 from pot
*** SUMMARY ***
Total pot $0.60 | Rake $0 
Board [9s Qh 5c]
Seat 1: Boew collected ($0.60)
Seat 2: Alameda22 folded before Flop (didn't bet)
Seat 3: Boombasi folded before Flop (didn't bet)
Seat 4: knakeddefguy (button) folded before Flop (didn't bet)
Seat 5: Aylindirk (small blind) folded before Flop
Seat 6: Maggy54 (big blind) folded on the Flop
Seat 7: Selli999 folded before Flop (didn't bet)
Seat 8: jbdb3 folded before Flop (didn't bet)
Seat 9: godfather_AA folded before Flop (didn't bet)



PokerStars Game #19971007635:  Hold'em No Limit ($0.10/$0.25) - 2008/08/28 - 17:10:10 (ET)
Table 'Ilmatar III' 9-max Seat #5 is the button
Seat 1: Boew ($42.45 in chips) 
Seat 2: Alameda22 ($25.85 in chips) 
Seat 3: Boombasi ($56.40 in chips) 
Seat 4: knakeddefguy ($25 in chips) 
Seat 5: Aylindirk ($4.65 in chips) 
Seat 6: Maggy54 ($5.05 in chips) 
Seat 7: Selli999 ($9.75 in chips) 
Seat 8: jbdb3 ($23.80 in chips) 
Seat 9: godfather_AA ($24.70 in chips) 
Maggy54: posts small blind $0.10
Selli999: posts big blind $0.25
*** HOLE CARDS ***
Dealt to Alameda22 [Ts 9d]
jbdb3: folds 
godfather_AA: folds 
Boew: calls $0.25
Alameda22: folds 
Boombasi: calls $0.25
knakeddefguy: folds 
Aylindirk: folds 
Maggy54: folds 
Selli999: checks 
*** FLOP *** [7h Th 5d]
Selli999: checks 
Boew: bets $1
Boombasi: calls $1
Selli999: folds 
*** TURN *** [7h Th 5d] [Kd]
Boew: bets $2
Boombasi: folds 
Uncalled bet ($2) returned to Boew
Boew collected $2.75 from pot
*** SUMMARY ***
Total pot $2.85 | Rake $0.10 
Board [7h Th 5d Kd]
Seat 1: Boew collected ($2.75)
Seat 2: Alameda22 folded before Flop (didn't bet)
Seat 3: Boombasi folded on the Turn
Seat 4: knakeddefguy folded before Flop (didn't bet)
Seat 5: Aylindirk (button) folded before Flop (didn't bet)
Seat 6: Maggy54 (small blind) folded before Flop
Seat 7: Selli999 (big blind) folded on the Flop
Seat 8: jbdb3 folded before Flop (didn't bet)
Seat 9: godfather_AA folded before Flop (didn't bet)



PokerStars Game #19971043976:  Hold'em No Limit ($0.10/$0.25) - 2008/08/28 - 17:11:39 (ET)
Table 'Ilmatar III' 9-max Seat #6 is the button
Seat 1: Boew ($43.95 in chips) 
Seat 2: Alameda22 ($25.85 in chips) 
Seat 3: Boombasi ($55.15 in chips) 
Seat 4: knakeddefguy ($25 in chips) 
Seat 5: Aylindirk ($4.65 in chips) 
Seat 6: Maggy54 ($4.95 in chips) 
Seat 7: Selli999 ($9.50 in chips) 
Seat 8: jbdb3 ($23.80 in chips) 
Seat 9: godfather_AA ($24.70 in chips) 
Selli999: posts small blind $0.10
jbdb3: posts big blind $0.25
*** HOLE CARDS ***
Dealt to Alameda22 [2h 7c]
godfather_AA: folds 
Boew: calls $0.25
Alameda22: folds 
Boombasi: folds 
knakeddefguy: folds 
Aylindirk: folds 
Maggy54: folds 
Selli999: calls $0.15
jbdb3: checks 
*** FLOP *** [Qs As 5s]
Selli999: checks 
jbdb3: checks 
Boew: bets $1
Selli999: folds 
jbdb3: folds 
Uncalled bet ($1) returned to Boew
Boew collected $0.75 from pot
*** SUMMARY ***
Total pot $0.75 | Rake $0 
Board [Qs As 5s]
Seat 1: Boew collected ($0.75)
Seat 2: Alameda22 folded before Flop (didn't bet)
Seat 3: Boombasi folded before Flop (didn't bet)
Seat 4: knakeddefguy folded before Flop (didn't bet)
Seat 5: Aylindirk folded before Flop (didn't bet)
Seat 6: Maggy54 (button) folded before Flop (didn't bet)
Seat 7: Selli999 (small blind) folded on the Flop
Seat 8: jbdb3 (big blind) folded on the Flop
Seat 9: godfather_AA folded before Flop (didn't bet)



PokerStars Game #19971069572:  Hold'em No Limit ($0.10/$0.25) - 2008/08/28 - 17:12:42 (ET)
Table 'Ilmatar III' 9-max Seat #7 is the button
Seat 1: Boew ($44.45 in chips) 
Seat 2: Alameda22 ($25.85 in chips) 
Seat 3: Boombasi ($55.15 in chips) 
Seat 4: knakeddefguy ($25 in chips) 
Seat 5: Aylindirk ($4.65 in chips) 
Seat 6: Maggy54 ($4.95 in chips) 
Seat 7: Selli999 ($9.25 in chips) 
Seat 8: jbdb3 ($23.55 in chips) 
Seat 9: godfather_AA ($24.70 in chips) 
jbdb3: posts small blind $0.10
godfather_AA: posts big blind $0.25
*** HOLE CARDS ***
Dealt to Alameda22 [Kc 5d]
Boew: calls $0.25
Alameda22: folds 
Boombasi: calls $0.25
knakeddefguy: raises $0.75 to $1
Aylindirk: folds 
Maggy54: folds 
Selli999: folds 
jbdb3: folds 
godfather_AA: folds 
Boew: calls $0.75
Boombasi: calls $0.75
*** FLOP *** [5h 9d Qc]
Boew: checks 
Boombasi: checks 
knakeddefguy: bets $2
Boew: folds 
Boombasi: calls $2
*** TURN *** [5h 9d Qc] [Ah]
Boombasi: checks 
knakeddefguy: checks 
*** RIVER *** [5h 9d Qc Ah] [2s]
Boombasi: bets $5
knakeddefguy: folds 
Uncalled bet ($5) returned to Boombasi
Boombasi collected $7 from pot
Boombasi: doesn't show hand 
*** SUMMARY ***
Total pot $7.35 | Rake $0.35 
Board [5h 9d Qc Ah 2s]
Seat 1: Boew folded on the Flop
Seat 2: Alameda22 folded before Flop (didn't bet)
Seat 3: Boombasi collected ($7)
Seat 4: knakeddefguy folded on the River
Seat 5: Aylindirk folded before Flop (didn't bet)
Seat 6: Maggy54 folded before Flop (didn't bet)
Seat 7: Selli999 (button) folded before Flop (didn't bet)
Seat 8: jbdb3 (small blind) folded before Flop
Seat 9: godfather_AA (big blind) folded before Flop



PokerStars Game #19971123101:  Hold'em No Limit ($0.10/$0.25) - 2008/08/28 - 17:14:53 (ET)
Table 'Ilmatar III' 9-max Seat #8 is the button
Seat 1: Boew ($43.45 in chips) 
Seat 2: Alameda22 ($25.85 in chips) 
Seat 3: Boombasi ($59.15 in chips) 
Seat 4: knakeddefguy ($22 in chips) 
Seat 5: Aylindirk ($4.65 in chips) 
Seat 6: Maggy54 ($4.95 in chips) 
Seat 7: Selli999 ($9.25 in chips) 
Seat 8: jbdb3 ($23.45 in chips) 
Seat 9: godfather_AA ($24.45 in chips) 
godfather_AA: posts small blind $0.10
Boew: posts big blind $0.25
*** HOLE CARDS ***
Dealt to Alameda22 [4d Ad]
Alameda22: folds 
Boombasi: folds 
knakeddefguy: raises $0.50 to $0.75
Aylindirk: folds 
Maggy54: folds 
Selli999: folds 
jbdb3: calls $0.75
godfather_AA: folds 
Boew: folds 
*** FLOP *** [8c 3s Js]
knakeddefguy: bets $1
jbdb3: calls $1
*** TURN *** [8c 3s Js] [5c]
knakeddefguy: bets $2.50
jbdb3: calls $2.50
*** RIVER *** [8c 3s Js 5c] [2d]
knakeddefguy: bets $4
jbdb3: folds 
Uncalled bet ($4) returned to knakeddefguy
knakeddefguy collected $8.45 from pot
knakeddefguy: doesn't show hand 
*** SUMMARY ***
Total pot $8.85 | Rake $0.40 
Board [8c 3s Js 5c 2d]
Seat 1: Boew (big blind) folded before Flop
Seat 2: Alameda22 folded before Flop (didn't bet)
Seat 3: Boombasi folded before Flop (didn't bet)
Seat 4: knakeddefguy collected ($8.45)
Seat 5: Aylindirk folded before Flop (didn't bet)
Seat 6: Maggy54 folded before Flop (didn't bet)
Seat 7: Selli999 folded before Flop (didn't bet)
Seat 8: jbdb3 (button) folded on the River
Seat 9: godfather_AA (small blind) folded before Flop



PokerStars Game #19971149300:  Hold'em No Limit ($0.10/$0.25) - 2008/08/28 - 17:15:57 (ET)
Table 'Ilmatar III' 9-max Seat #9 is the button
Seat 1: Boew ($43.20 in chips) 
Seat 2: Alameda22 ($25.85 in chips) 
Seat 3: Boombasi ($59.15 in chips) 
Seat 4: knakeddefguy ($26.20 in chips) 
Seat 5: Aylindirk ($4.65 in chips) 
Seat 6: Maggy54 ($4.95 in chips) 
Seat 7: Selli999 ($9.25 in chips) 
Seat 8: jbdb3 ($19.20 in chips) 
Seat 9: godfather_AA ($24.35 in chips) 
Boew: posts small blind $0.10
Alameda22: posts big blind $0.25
*** HOLE CARDS ***
Dealt to Alameda22 [Qs Ts]
Boombasi: folds 
knakeddefguy: folds 
Aylindirk: folds 
Maggy54: folds 
Selli999: folds 
jbdb3: folds 
godfather_AA: folds 
Boew: calls $0.15
Alameda22: checks 
*** FLOP *** [Qh Ad Kh]
Boew: bets $0.75
Alameda22: folds 
Uncalled bet ($0.75) returned to Boew
Boew collected $0.50 from pot
*** SUMMARY ***
Total pot $0.50 | Rake $0 
Board [Qh Ad Kh]
Seat 1: Boew (small blind) collected ($0.50)
Seat 2: Alameda22 (big blind) folded on the Flop
Seat 3: Boombasi folded before Flop (didn't bet)
Seat 4: knakeddefguy folded before Flop (didn't bet)
Seat 5: Aylindirk folded before Flop (didn't bet)
Seat 6: Maggy54 folded before Flop (didn't bet)
Seat 7: Selli999 folded before Flop (didn't bet)
Seat 8: jbdb3 folded before Flop (didn't bet)
Seat 9: godfather_AA (button) folded before Flop (didn't bet)



PokerStars Game #19971173093:  Hold'em No Limit ($0.10/$0.25) - 2008/08/28 - 17:16:54 (ET)
Table 'Ilmatar III' 9-max Seat #1 is the button
Seat 1: Boew ($43.45 in chips) 
Seat 2: Alameda22 ($25.60 in chips) 
Seat 3: Boombasi ($59.15 in chips) 
Seat 4: knakeddefguy ($26.20 in chips) 
Seat 5: Aylindirk ($4.65 in chips) 
Seat 6: Maggy54 ($4.95 in chips) 
Seat 7: Selli999 ($9.25 in chips) 
Seat 8: jbdb3 ($19.20 in chips) 
Seat 9: godfather_AA ($24.35 in chips) 
Alameda22: posts small blind $0.10
Boombasi: posts big blind $0.25
*** HOLE CARDS ***
Dealt to Alameda22 [Qh 7d]
knakeddefguy: folds 
Aylindirk: folds 
Maggy54: folds 
Selli999: raises $0.25 to $0.50
jbdb3: folds 
godfather_AA: calls $0.50
Boew: calls $0.50
Alameda22: folds 
Boombasi: calls $0.25
*** FLOP *** [Kd 9c 9d]
Boombasi: checks 
Selli999: bets $0.75
godfather_AA: folds 
Boew: folds 
Boombasi: calls $0.75
*** TURN *** [Kd 9c 9d] [2c]
Boombasi: checks 
Selli999: checks 
*** RIVER *** [Kd 9c 9d 2c] [6d]
Boombasi: checks 
Selli999: bets $2
Boombasi: folds 
Uncalled bet ($2) returned to Selli999
Selli999 collected $3.45 from pot
Selli999: doesn't show hand 
*** SUMMARY ***
Total pot $3.60 | Rake $0.15 
Board [Kd 9c 9d 2c 6d]
Seat 1: Boew (button) folded on the Flop
Seat 2: Alameda22 (small blind) folded before Flop
Seat 3: Boombasi (big blind) folded on the River
Seat 4: knakeddefguy folded before Flop (didn't bet)
Seat 5: Aylindirk folded before Flop (didn't bet)
Seat 6: Maggy54 folded before Flop (didn't bet)
Seat 7: Selli999 collected ($3.45)
Seat 8: jbdb3 folded before Flop (didn't bet)
Seat 9: godfather_AA folded on the Flop



PokerStars Game #19971221577:  Hold'em No Limit ($0.10/$0.25) - 2008/08/28 - 17:18:54 (ET)
Table 'Ilmatar III' 9-max Seat #2 is the button
Seat 1: Boew ($42.95 in chips) 
Seat 2: Alameda22 ($25.50 in chips) 
Seat 3: Boombasi ($57.90 in chips) 
Seat 4: knakeddefguy ($26.20 in chips) 
Seat 5: Aylindirk ($4.65 in chips) 
Seat 6: Maggy54 ($4.95 in chips) 
Seat 7: Selli999 ($11.45 in chips) 
Seat 8: jbdb3 ($19.20 in chips) 
Seat 9: godfather_AA ($23.85 in chips) 
Boombasi: posts small blind $0.10
knakeddefguy: posts big blind $0.25
*** HOLE CARDS ***
Dealt to Alameda22 [2h 4c]
Aylindirk: folds 
Maggy54: folds 
Selli999: folds 
jbdb3: folds 
godfather_AA: folds 
Boew: folds 
Alameda22: folds 
Boombasi: folds 
Uncalled bet ($0.15) returned to knakeddefguy
knakeddefguy collected $0.20 from pot
*** SUMMARY ***
Total pot $0.20 | Rake $0 
Seat 1: Boew folded before Flop (didn't bet)
Seat 2: Alameda22 (button) folded before Flop (didn't bet)
Seat 3: Boombasi (small blind) folded before Flop
Seat 4: knakeddefguy (big blind) collected ($0.20)
Seat 5: Aylindirk folded before Flop (didn't bet)
Seat 6: Maggy54 folded before Flop (didn't bet)
Seat 7: Selli999 folded before Flop (didn't bet)
Seat 8: jbdb3 folded before Flop (didn't bet)
Seat 9: godfather_AA folded before Flop (didn't bet)



PokerStars Game #19971234688:  Hold'em No Limit ($0.10/$0.25) - 2008/08/28 - 17:19:27 (ET)
Table 'Ilmatar III' 9-max Seat #3 is the button
Seat 1: Boew ($42.95 in chips) 
Seat 2: Alameda22 ($25.50 in chips) 
Seat 3: Boombasi ($57.80 in chips) 
Seat 4: knakeddefguy ($26.30 in chips) 
Seat 5: Aylindirk ($4.65 in chips) 
Seat 6: Maggy54 ($4.95 in chips) 
Seat 7: Selli999 ($11.45 in chips) 
Seat 8: jbdb3 ($19.20 in chips) 
Seat 9: godfather_AA ($23.85 in chips) 
knakeddefguy: posts small blind $0.10
Aylindirk: posts big blind $0.25
*** HOLE CARDS ***
Dealt to Alameda22 [Td 8d]
Maggy54: folds 
Selli999: folds 
jbdb3: raises $0.50 to $0.75
godfather_AA: calls $0.75
Boew: calls $0.75
Alameda22: folds 
Boombasi: folds 
knakeddefguy: folds 
Aylindirk: folds 
*** FLOP *** [Jh 2d 3d]
jbdb3: checks 
godfather_AA: bets $1.25
Boew: raises $2.50 to $3.75
jbdb3: folds 
godfather_AA: folds 
Uncalled bet ($2.50) returned to Boew
Boew collected $4.85 from pot
*** SUMMARY ***
Total pot $5.10 | Rake $0.25 
Board [Jh 2d 3d]
Seat 1: Boew collected ($4.85)
Seat 2: Alameda22 folded before Flop (didn't bet)
Seat 3: Boombasi (button) folded before Flop (didn't bet)
Seat 4: knakeddefguy (small blind) folded before Flop
Seat 5: Aylindirk (big blind) folded before Flop
Seat 6: Maggy54 folded before Flop (didn't bet)
Seat 7: Selli999 folded before Flop (didn't bet)
Seat 8: jbdb3 folded on the Flop
Seat 9: godfather_AA folded on the Flop



PokerStars Game #19971283382:  Hold'em No Limit ($0.10/$0.25) - 2008/08/28 - 17:21:26 (ET)
Table 'Ilmatar III' 9-max Seat #4 is the button
Seat 1: Boew ($45.80 in chips) 
Seat 2: Alameda22 ($25.50 in chips) 
Seat 3: Boombasi ($57.80 in chips) 
Seat 4: knakeddefguy ($26.20 in chips) 
Seat 5: Aylindirk ($4.40 in chips) 
Seat 6: Maggy54 ($4.95 in chips) 
Seat 7: Selli999 ($11.45 in chips) 
Seat 8: jbdb3 ($18.45 in chips) 
Seat 9: godfather_AA ($21.85 in chips) 
Aylindirk: posts small blind $0.10
Maggy54: posts big blind $0.25
*** HOLE CARDS ***
Dealt to Alameda22 [Qd Ks]
Selli999: folds 
jbdb3: calls $0.25
godfather_AA: folds 
Boew: raises $0.25 to $0.50
Alameda22: folds 
Boombasi: folds 
knakeddefguy: folds 
Aylindirk: folds 
Maggy54: folds 
Selli999 leaves the table
jbdb3: calls $0.25
*** FLOP *** [Ac 5h Th]
jbdb3: bets $0.50
Boew: calls $0.50
*** TURN *** [Ac 5h Th] [Jc]
jbdb3: checks 
Aylindirk is sitting out
Boew: bets $2.25
jbdb3: calls $2.25
*** RIVER *** [Ac 5h Th Jc] [5d]
jbdb3: checks 
Boew: bets $10.50
jbdb3: folds 
Uncalled bet ($10.50) returned to Boew
Boew collected $6.55 from pot
*** SUMMARY ***
Total pot $6.85 | Rake $0.30 
Board [Ac 5h Th Jc 5d]
Seat 1: Boew collected ($6.55)
Seat 2: Alameda22 folded before Flop (didn't bet)
Seat 3: Boombasi folded before Flop (didn't bet)
Seat 4: knakeddefguy (button) folded before Flop (didn't bet)
Seat 5: Aylindirk (small blind) folded before Flop
Seat 6: Maggy54 (big blind) folded before Flop
Seat 7: Selli999 folded before Flop (didn't bet)
Seat 8: jbdb3 folded on the River
Seat 9: godfather_AA folded before Flop (didn't bet)



PokerStars Game #19971346580:  Hold'em No Limit ($0.10/$0.25) - 2008/08/28 - 17:24:03 (ET)
Table 'Ilmatar III' 9-max Seat #6 is the button
Seat 1: Boew ($49.10 in chips) 
Seat 2: Alameda22 ($25.50 in chips) 
Seat 3: Boombasi ($57.80 in chips) 
Seat 4: knakeddefguy ($26.20 in chips) 
Seat 6: Maggy54 ($4.70 in chips) 
Seat 8: jbdb3 ($15.20 in chips) 
Seat 9: godfather_AA ($21.85 in chips) 
jbdb3: posts small blind $0.10
godfather_AA: posts big blind $0.25
*** HOLE CARDS ***
Dealt to Alameda22 [Ac 6s]
Boew: folds 
Alameda22: folds 
Boombasi: folds 
knakeddefguy: raises $0.50 to $0.75
Maggy54: folds 
jbdb3: folds 
godfather_AA: folds 
Uncalled bet ($0.50) returned to knakeddefguy
knakeddefguy collected $0.60 from pot
knakeddefguy: doesn't show hand 
*** SUMMARY ***
Total pot $0.60 | Rake $0 
Seat 1: Boew folded before Flop (didn't bet)
Seat 2: Alameda22 folded before Flop (didn't bet)
Seat 3: Boombasi folded before Flop (didn't bet)
Seat 4: knakeddefguy collected ($0.60)
Seat 6: Maggy54 (button) folded before Flop (didn't bet)
Seat 8: jbdb3 (small blind) folded before Flop
Seat 9: godfather_AA (big blind) folded before Flop



PokerStars Game #19971364056:  Hold'em No Limit ($0.10/$0.25) - 2008/08/28 - 17:24:46 (ET)
Table 'Ilmatar III' 9-max Seat #8 is the button
Seat 1: Boew ($49.10 in chips) 
Seat 2: Alameda22 ($25.50 in chips) 
Seat 3: Boombasi ($57.80 in chips) 
Seat 4: knakeddefguy ($26.55 in chips) 
Seat 6: Maggy54 ($4.70 in chips) 
Seat 8: jbdb3 ($15.10 in chips) 
Seat 9: godfather_AA ($21.60 in chips) 
godfather_AA: posts small blind $0.10
Boew: posts big blind $0.25
*** HOLE CARDS ***
Dealt to Alameda22 [8h 4d]
Alameda22: folds 
Boombasi: folds 
knakeddefguy: folds 
Maggy54: folds 
jbdb3: folds 
godfather_AA: calls $0.15
M0RE=C0WBELL joins the table at seat #7 
Boew: checks 
*** FLOP *** [5d 4s Jd]
godfather_AA: checks 
Boew: bets $0.75
godfather_AA: folds 
Uncalled bet ($0.75) returned to Boew
Boew collected $0.50 from pot
*** SUMMARY ***
Total pot $0.50 | Rake $0 
Board [5d 4s Jd]
Seat 1: Boew (big blind) collected ($0.50)
Seat 2: Alameda22 folded before Flop (didn't bet)
Seat 3: Boombasi folded before Flop (didn't bet)
Seat 4: knakeddefguy folded before Flop (didn't bet)
Seat 6: Maggy54 folded before Flop (didn't bet)
Seat 8: jbdb3 (button) folded before Flop (didn't bet)
Seat 9: godfather_AA (small blind) folded on the Flop



PokerStars Game #19971389715:  Hold'em No Limit ($0.10/$0.25) - 2008/08/28 - 17:25:50 (ET)
Table 'Ilmatar III' 9-max Seat #9 is the button
Seat 1: Boew ($49.35 in chips) 
Seat 2: Alameda22 ($25.50 in chips) 
Seat 3: Boombasi ($57.80 in chips) 
Seat 4: knakeddefguy ($26.55 in chips) 
Seat 6: Maggy54 ($4.70 in chips) 
Seat 7: M0RE=C0WBELL ($25 in chips) 
Seat 8: jbdb3 ($15.10 in chips) 
Seat 9: godfather_AA ($21.35 in chips) 
Boew: posts small blind $0.10
Alameda22: posts big blind $0.25
M0RE=C0WBELL: posts big blind $0.25
*** HOLE CARDS ***
Dealt to Alameda22 [Kc 9d]
Boombasi: folds 
knakeddefguy: raises $0.50 to $0.75
Maggy54: folds 
M0RE=C0WBELL: folds 
jbdb3: folds 
godfather_AA: folds 
Boew: folds 
Alameda22: folds 
Uncalled bet ($0.50) returned to knakeddefguy
knakeddefguy collected $0.85 from pot
knakeddefguy: doesn't show hand 
*** SUMMARY ***
Total pot $0.85 | Rake $0 
Seat 1: Boew (small blind) folded before Flop
Seat 2: Alameda22 (big blind) folded before Flop
Seat 3: Boombasi folded before Flop (didn't bet)
Seat 4: knakeddefguy collected ($0.85)
Seat 6: Maggy54 folded before Flop (didn't bet)
Seat 7: M0RE=C0WBELL folded before Flop
Seat 8: jbdb3 folded before Flop (didn't bet)
Seat 9: godfather_AA (button) folded before Flop (didn't bet)



PokerStars Game #19971415218:  Hold'em No Limit ($0.10/$0.25) - 2008/08/28 - 17:26:54 (ET)
Table 'Ilmatar III' 9-max Seat #1 is the button
Seat 1: Boew ($49.25 in chips) 
Seat 2: Alameda22 ($25.25 in chips) 
Seat 4: knakeddefguy ($27.15 in chips) 
Seat 6: Maggy54 ($4.70 in chips) 
Seat 7: M0RE=C0WBELL ($24.75 in chips) 
Seat 8: jbdb3 ($15.10 in chips) 
Seat 9: godfather_AA ($21.35 in chips) 
Alameda22: posts small blind $0.10
Boombasi: is sitting out 
knakeddefguy: posts big blind $0.25
*** HOLE CARDS ***
Dealt to Alameda22 [9s 5c]
Maggy54: folds 
M0RE=C0WBELL: folds 
jbdb3: folds 
godfather_AA: folds 
Boew: folds 
Alameda22: folds 
Uncalled bet ($0.15) returned to knakeddefguy
knakeddefguy collected $0.20 from pot
knakeddefguy: doesn't show hand 
*** SUMMARY ***
Total pot $0.20 | Rake $0 
Seat 1: Boew (button) folded before Flop (didn't bet)
Seat 2: Alameda22 (small blind) folded before Flop
Seat 4: knakeddefguy (big blind) collected ($0.20)
Seat 6: Maggy54 folded before Flop (didn't bet)
Seat 7: M0RE=C0WBELL folded before Flop (didn't bet)
Seat 8: jbdb3 folded before Flop (didn't bet)
Seat 9: godfather_AA folded before Flop (didn't bet)



PokerStars Game #19971426484:  Hold'em No Limit ($0.10/$0.25) - 2008/08/28 - 17:27:22 (ET)
Table 'Ilmatar III' 9-max Seat #2 is the button
Seat 1: Boew ($49.25 in chips) 
Seat 2: Alameda22 ($25.15 in chips) 
Seat 4: knakeddefguy ($27.25 in chips) 
Seat 6: Maggy54 ($4.70 in chips) 
Seat 7: M0RE=C0WBELL ($24.75 in chips) 
Seat 8: jbdb3 ($15.10 in chips) 
Seat 9: godfather_AA ($21.35 in chips) 
knakeddefguy: posts small blind $0.10
Maggy54: posts big blind $0.25
*** HOLE CARDS ***
Dealt to Alameda22 [8h Qh]
M0RE=C0WBELL: folds 
jbdb3: calls $0.25
godfather_AA: raises $0.50 to $0.75
Boew: folds 
Alameda22: folds 
knakeddefguy: calls $0.65
Maggy54: folds 
jbdb3: calls $0.50
*** FLOP *** [7c Kc Js]
Boombasi leaves the table
knakeddefguy: bets $1
jbdb3: folds 
godfather_AA: raises $2.50 to $3.50
knakeddefguy: folds 
Uncalled bet ($2.50) returned to godfather_AA
godfather_AA collected $4.30 from pot
godfather_AA: doesn't show hand 
*** SUMMARY ***
Total pot $4.50 | Rake $0.20 
Board [7c Kc Js]
Seat 1: Boew folded before Flop (didn't bet)
Seat 2: Alameda22 (button) folded before Flop (didn't bet)
Seat 4: knakeddefguy (small blind) folded on the Flop
Seat 6: Maggy54 (big blind) folded before Flop
Seat 7: M0RE=C0WBELL folded before Flop (didn't bet)
Seat 8: jbdb3 folded on the Flop
Seat 9: godfather_AA collected ($4.30)



PokerStars Game #19971462603:  Hold'em No Limit ($0.10/$0.25) - 2008/08/28 - 17:28:51 (ET)
Table 'Ilmatar III' 9-max Seat #4 is the button
Seat 1: Boew ($49.25 in chips) 
Seat 2: Alameda22 ($25.15 in chips) 
Seat 4: knakeddefguy ($25.50 in chips) 
Seat 6: Maggy54 ($4.45 in chips) 
Seat 7: M0RE=C0WBELL ($24.75 in chips) 
Seat 8: jbdb3 ($14.35 in chips) 
Seat 9: godfather_AA ($23.90 in chips) 
Maggy54: posts small blind $0.10
M0RE=C0WBELL: posts big blind $0.25
*** HOLE CARDS ***
Dealt to Alameda22 [Ks 6h]
jbdb3: folds 
godfather_AA: raises $0.50 to $0.75
Boew: folds 
Alameda22: folds 
knakeddefguy: folds 
Maggy54: folds 
M0RE=C0WBELL: folds 
Uncalled bet ($0.50) returned to godfather_AA
godfather_AA collected $0.60 from pot
godfather_AA: doesn't show hand 
*** SUMMARY ***
Total pot $0.60 | Rake $0 
Seat 1: Boew folded before Flop (didn't bet)
Seat 2: Alameda22 folded before Flop (didn't bet)
Seat 4: knakeddefguy (button) folded before Flop (didn't bet)
Seat 6: Maggy54 (small blind) folded before Flop
Seat 7: M0RE=C0WBELL (big blind) folded before Flop
Seat 8: jbdb3 folded before Flop (didn't bet)
Seat 9: godfather_AA collected ($0.60)



PokerStars Game #19971475707:  Hold'em No Limit ($0.10/$0.25) - 2008/08/28 - 17:29:24 (ET)
Table 'Ilmatar III' 9-max Seat #6 is the button
Seat 1: Boew ($49.25 in chips) 
Seat 2: Alameda22 ($25.15 in chips) 
Seat 4: knakeddefguy ($25.50 in chips) 
Seat 6: Maggy54 ($4.35 in chips) 
Seat 7: M0RE=C0WBELL ($24.50 in chips) 
Seat 8: jbdb3 ($14.35 in chips) 
Seat 9: godfather_AA ($24.25 in chips) 
M0RE=C0WBELL: posts small blind $0.10
jbdb3: posts big blind $0.25
*** HOLE CARDS ***
Dealt to Alameda22 [Kd Js]
iTsTheGrind joins the table at seat #3 
godfather_AA: folds 
Boew: folds 
Alameda22: folds 
knakeddefguy: folds 
Maggy54: folds 
M0RE=C0WBELL: folds 
Uncalled bet ($0.15) returned to jbdb3
jbdb3 collected $0.20 from pot
*** SUMMARY ***
Total pot $0.20 | Rake $0 
Seat 1: Boew folded before Flop (didn't bet)
Seat 2: Alameda22 folded before Flop (didn't bet)
Seat 4: knakeddefguy folded before Flop (didn't bet)
Seat 6: Maggy54 (button) folded before Flop (didn't bet)
Seat 7: M0RE=C0WBELL (small blind) folded before Flop
Seat 8: jbdb3 (big blind) collected ($0.20)
Seat 9: godfather_AA folded before Flop (didn't bet)



PokerStars Game #19971499649:  Hold'em No Limit ($0.10/$0.25) - 2008/08/28 - 17:30:23 (ET)
Table 'Ilmatar III' 9-max Seat #7 is the button
Seat 1: Boew ($49.25 in chips) 
Seat 2: Alameda22 ($25.15 in chips) 
Seat 4: knakeddefguy ($25.50 in chips) 
Seat 6: Maggy54 ($4.35 in chips) 
Seat 7: M0RE=C0WBELL ($24.40 in chips) 
Seat 8: jbdb3 ($14.45 in chips) 
Seat 9: godfather_AA ($24.25 in chips) 
jbdb3: posts small blind $0.10
godfather_AA: posts big blind $0.25
iTsTheGrind: sits out 
*** HOLE CARDS ***
Dealt to Alameda22 [9h 4c]
Boew: folds 
Alameda22: folds 
knakeddefguy is disconnected 
knakeddefguy is connected 
knakeddefguy: folds 
Maggy54: folds 
M0RE=C0WBELL: calls $0.25
jbdb3: folds 
godfather_AA: checks 
*** FLOP *** [Jh Qs 6d]
godfather_AA: checks 
M0RE=C0WBELL: checks 
*** TURN *** [Jh Qs 6d] [7h]
godfather_AA: checks 
M0RE=C0WBELL: checks 
*** RIVER *** [Jh Qs 6d 7h] [5d]
godfather_AA: checks 
M0RE=C0WBELL: checks 
*** SHOW DOWN ***
godfather_AA: shows [2c Ah] (high card Ace)
M0RE=C0WBELL: shows [3d 3s] (a pair of Threes)
Aylindirk has returned
M0RE=C0WBELL collected $0.60 from pot
*** SUMMARY ***
Total pot $0.60 | Rake $0 
Board [Jh Qs 6d 7h 5d]
Seat 1: Boew folded before Flop (didn't bet)
Seat 2: Alameda22 folded before Flop (didn't bet)
Seat 4: knakeddefguy folded before Flop (didn't bet)
Seat 6: Maggy54 folded before Flop (didn't bet)
Seat 7: M0RE=C0WBELL (button) showed [3d 3s] and won ($0.60) with a pair of Threes
Seat 8: jbdb3 (small blind) folded before Flop
Seat 9: godfather_AA (big blind) showed [2c Ah] and lost with high card Ace



PokerStars Game #19971529602:  Hold'em No Limit ($0.10/$0.25) - 2008/08/28 - 17:31:35 (ET)
Table 'Ilmatar III' 9-max Seat #8 is the button
Seat 1: Boew ($49.25 in chips) 
Seat 2: Alameda22 ($25.15 in chips) 
Seat 4: knakeddefguy ($25.50 in chips) 
Seat 6: Maggy54 ($4.35 in chips) 
Seat 7: M0RE=C0WBELL ($24.75 in chips) 
Seat 8: jbdb3 ($14.35 in chips) 
Seat 9: godfather_AA ($24 in chips) 
godfather_AA: posts small blind $0.10
Boew: posts big blind $0.25
iTsTheGrind: sits out 
Aylindirk: sits out 
*** HOLE CARDS ***
Dealt to Alameda22 [4c 3c]
Alameda22: folds 
knakeddefguy: folds 
Maggy54: folds 
M0RE=C0WBELL: folds 
jbdb3: raises $0.50 to $0.75
godfather_AA: folds 
Boew: folds 
Uncalled bet ($0.50) returned to jbdb3
jbdb3 collected $0.60 from pot
*** SUMMARY ***
Total pot $0.60 | Rake $0 
Seat 1: Boew (big blind) folded before Flop
Seat 2: Alameda22 folded before Flop (didn't bet)
Seat 4: knakeddefguy folded before Flop (didn't bet)
Seat 6: Maggy54 folded before Flop (didn't bet)
Seat 7: M0RE=C0WBELL folded before Flop (didn't bet)
Seat 8: jbdb3 (button) collected ($0.60)
Seat 9: godfather_AA (small blind) folded before Flop



PokerStars Game #19971543060:  Hold'em No Limit ($0.10/$0.25) - 2008/08/28 - 17:32:08 (ET)
Table 'Ilmatar III' 9-max Seat #9 is the button
Seat 1: Boew ($49 in chips) 
Seat 2: Alameda22 ($25.15 in chips) 
Seat 4: knakeddefguy ($25.50 in chips) 
Seat 6: Maggy54 ($4.35 in chips) 
Seat 7: M0RE=C0WBELL ($24.75 in chips) 
Seat 8: jbdb3 ($14.70 in chips) 
Seat 9: godfather_AA ($23.90 in chips) 
Boew: posts small blind $0.10
Alameda22: posts big blind $0.25
iTsTheGrind: sits out 
Aylindirk: sits out 
*** HOLE CARDS ***
Dealt to Alameda22 [6d 2c]
knakeddefguy: folds 
Maggy54: folds 
M0RE=C0WBELL: folds 
jbdb3: calls $0.25
godfather_AA: folds 
Boew: raises $0.50 to $0.75
Alameda22: folds 
jbdb3: folds 
Uncalled bet ($0.50) returned to Boew
Boew collected $0.75 from pot
*** SUMMARY ***
Total pot $0.75 | Rake $0 
Seat 1: Boew (small blind) collected ($0.75)
Seat 2: Alameda22 (big blind) folded before Flop
Seat 4: knakeddefguy folded before Flop (didn't bet)
Seat 6: Maggy54 folded before Flop (didn't bet)
Seat 7: M0RE=C0WBELL folded before Flop (didn't bet)
Seat 8: jbdb3 folded before Flop
Seat 9: godfather_AA (button) folded before Flop (didn't bet)



PokerStars Game #19971559170:  Hold'em No Limit ($0.10/$0.25) - 2008/08/28 - 17:32:47 (ET)
Table 'Ilmatar III' 9-max Seat #1 is the button
Seat 1: Boew ($49.50 in chips) 
Seat 2: Alameda22 ($24.90 in chips) 
Seat 3: iTsTheGrind ($25 in chips) 
Seat 4: knakeddefguy ($25.50 in chips) 
Seat 6: Maggy54 ($4.35 in chips) 
Seat 7: M0RE=C0WBELL ($24.75 in chips) 
Seat 8: jbdb3 ($14.45 in chips) 
Seat 9: godfather_AA ($23.90 in chips) 
Alameda22: posts small blind $0.10
iTsTheGrind: posts big blind $0.25
Aylindirk: sits out 
*** HOLE CARDS ***
Dealt to Alameda22 [Ks Ad]
knakeddefguy: calls $0.25
Maggy54: folds 
M0RE=C0WBELL: raises $0.50 to $0.75
jbdb3: folds 
godfather_AA: calls $0.75
Boew: folds 
Alameda22: raises $2 to $2.75
iTsTheGrind: folds 
knakeddefguy: folds 
M0RE=C0WBELL: folds 
godfather_AA: folds 
Uncalled bet ($2) returned to Alameda22
Alameda22 collected $2.75 from pot
Alameda22: doesn't show hand 
*** SUMMARY ***
Total pot $2.75 | Rake $0 
Seat 1: Boew (button) folded before Flop (didn't bet)
Seat 2: Alameda22 (small blind) collected ($2.75)
Seat 3: iTsTheGrind (big blind) folded before Flop
Seat 4: knakeddefguy folded before Flop
Seat 6: Maggy54 folded before Flop (didn't bet)
Seat 7: M0RE=C0WBELL folded before Flop
Seat 8: jbdb3 folded before Flop (didn't bet)
Seat 9: godfather_AA folded before Flop



PokerStars Game #19971591692:  Hold'em No Limit ($0.10/$0.25) - 2008/08/28 - 17:34:06 (ET)
Table 'Ilmatar III' 9-max Seat #2 is the button
Seat 1: Boew ($49.50 in chips) 
Seat 2: Alameda22 ($26.90 in chips) 
Seat 3: iTsTheGrind ($24.75 in chips) 
Seat 4: knakeddefguy ($25.25 in chips) 
Seat 6: Maggy54 ($4.35 in chips) 
Seat 7: M0RE=C0WBELL ($24 in chips) 
Seat 8: jbdb3 ($14.45 in chips) 
Seat 9: godfather_AA ($23.15 in chips) 
iTsTheGrind: posts small blind $0.10
knakeddefguy: posts big blind $0.25
Aylindirk: sits out 
*** HOLE CARDS ***
Dealt to Alameda22 [9c 8s]
Maggy54: folds 
M0RE=C0WBELL: folds 
jbdb3: folds 
godfather_AA: folds 
Boew: calls $0.25
Alameda22: folds 
iTsTheGrind: folds 
knakeddefguy: checks 
*** FLOP *** [Kc 3c Qh]
knakeddefguy: checks 
Boew: bets $0.75
knakeddefguy: folds 
Uncalled bet ($0.75) returned to Boew
Boew collected $0.60 from pot
*** SUMMARY ***
Total pot $0.60 | Rake $0 
Board [Kc 3c Qh]
Seat 1: Boew collected ($0.60)
Seat 2: Alameda22 (button) folded before Flop (didn't bet)
Seat 3: iTsTheGrind (small blind) folded before Flop
Seat 4: knakeddefguy (big blind) folded on the Flop
Seat 6: Maggy54 folded before Flop (didn't bet)
Seat 7: M0RE=C0WBELL folded before Flop (didn't bet)
Seat 8: jbdb3 folded before Flop (didn't bet)
Seat 9: godfather_AA folded before Flop (didn't bet)



PokerStars Game #19971613241:  Hold'em No Limit ($0.10/$0.25) - 2008/08/28 - 17:34:59 (ET)
Table 'Ilmatar III' 9-max Seat #3 is the button
Seat 1: Boew ($49.85 in chips) 
Seat 2: Alameda22 ($26.90 in chips) 
Seat 3: iTsTheGrind ($25 in chips) 
Seat 4: knakeddefguy ($25 in chips) 
Seat 5: Aylindirk ($4.30 in chips) 
Seat 6: Maggy54 ($4.35 in chips) 
Seat 7: M0RE=C0WBELL ($24 in chips) 
Seat 8: jbdb3 ($14.45 in chips) 
Seat 9: godfather_AA ($23.15 in chips) 
knakeddefguy: posts small blind $0.10
Aylindirk: posts big blind $0.25
*** HOLE CARDS ***
Dealt to Alameda22 [8c Ac]
Maggy54: folds 
M0RE=C0WBELL: folds 
jbdb3: folds 
godfather_AA: folds 
Boew: calls $0.25
Alameda22: folds 
iTsTheGrind: calls $0.25
knakeddefguy: raises $1 to $1.25
Aylindirk: folds 
Boew: folds 
iTsTheGrind: folds 
Uncalled bet ($1) returned to knakeddefguy
knakeddefguy collected $1 from pot
knakeddefguy: doesn't show hand 
*** SUMMARY ***
Total pot $1 | Rake $0 
Seat 1: Boew folded before Flop
Seat 2: Alameda22 folded before Flop (didn't bet)
Seat 3: iTsTheGrind (button) folded before Flop
Seat 4: knakeddefguy (small blind) collected ($1)
Seat 5: Aylindirk (big blind) folded before Flop
Seat 6: Maggy54 folded before Flop (didn't bet)
Seat 7: M0RE=C0WBELL folded before Flop (didn't bet)
Seat 8: jbdb3 folded before Flop (didn't bet)
Seat 9: godfather_AA folded before Flop (didn't bet)



PokerStars Game #19971635981:  Hold'em No Limit ($0.10/$0.25) - 2008/08/28 - 17:35:54 (ET)
Table 'Ilmatar III' 9-max Seat #4 is the button
Seat 1: Boew ($49.60 in chips) 
Seat 2: Alameda22 ($26.90 in chips) 
Seat 3: iTsTheGrind ($24.75 in chips) 
Seat 4: knakeddefguy ($25.75 in chips) 
Seat 5: Aylindirk ($4.05 in chips) 
Seat 6: Maggy54 ($4.35 in chips) 
Seat 7: M0RE=C0WBELL ($25 in chips) 
Seat 8: jbdb3 ($14.45 in chips) 
Seat 9: godfather_AA ($23.15 in chips) 
Aylindirk: posts small blind $0.10
Maggy54: posts big blind $0.25
*** HOLE CARDS ***
Dealt to Alameda22 [9h Ah]
M0RE=C0WBELL: folds 
jbdb3: folds 
godfather_AA: folds 
Boew: folds 
Alameda22: folds 
iTsTheGrind: folds 
knakeddefguy: calls $0.25
Aylindirk: folds 
Maggy54: checks 
*** FLOP *** [Ad 8c 4s]
Maggy54: checks 
knakeddefguy: bets $0.50
Maggy54: folds 
Uncalled bet ($0.50) returned to knakeddefguy
knakeddefguy collected $0.60 from pot
knakeddefguy: doesn't show hand 
*** SUMMARY ***
Total pot $0.60 | Rake $0 
Board [Ad 8c 4s]
Seat 1: Boew folded before Flop (didn't bet)
Seat 2: Alameda22 folded before Flop (didn't bet)
Seat 3: iTsTheGrind folded before Flop (didn't bet)
Seat 4: knakeddefguy (button) collected ($0.60)
Seat 5: Aylindirk (small blind) folded before Flop
Seat 6: Maggy54 (big blind) folded on the Flop
Seat 7: M0RE=C0WBELL folded before Flop (didn't bet)
Seat 8: jbdb3 folded before Flop (didn't bet)
Seat 9: godfather_AA folded before Flop (didn't bet)



PokerStars Game #19971661303:  Hold'em No Limit ($0.10/$0.25) - 2008/08/28 - 17:36:57 (ET)
Table 'Ilmatar III' 9-max Seat #5 is the button
Seat 1: Boew ($49.60 in chips) 
Seat 2: Alameda22 ($26.90 in chips) 
Seat 3: iTsTheGrind ($25 in chips) 
Seat 4: knakeddefguy ($26.10 in chips) 
Seat 5: Aylindirk ($3.95 in chips) 
Seat 6: Maggy54 ($4.10 in chips) 
Seat 7: M0RE=C0WBELL ($25 in chips) 
Seat 8: jbdb3 ($14.45 in chips) 
Seat 9: godfather_AA ($23.15 in chips) 
Maggy54: posts small blind $0.10
M0RE=C0WBELL: posts big blind $0.25
*** HOLE CARDS ***
Dealt to Alameda22 [4c 7d]
jbdb3: folds 
godfather_AA: folds 
Boew: folds 
Alameda22: folds 
iTsTheGrind: raises $0.25 to $0.50
knakeddefguy: folds 
Aylindirk: folds 
Maggy54: folds 
M0RE=C0WBELL: folds 
Uncalled bet ($0.25) returned to iTsTheGrind
iTsTheGrind collected $0.60 from pot
iTsTheGrind: doesn't show hand 
*** SUMMARY ***
Total pot $0.60 | Rake $0 
Seat 1: Boew folded before Flop (didn't bet)
Seat 2: Alameda22 folded before Flop (didn't bet)
Seat 3: iTsTheGrind collected ($0.60)
Seat 4: knakeddefguy folded before Flop (didn't bet)
Seat 5: Aylindirk (button) folded before Flop (didn't bet)
Seat 6: Maggy54 (small blind) folded before Flop
Seat 7: M0RE=C0WBELL (big blind) folded before Flop
Seat 8: jbdb3 folded before Flop (didn't bet)
Seat 9: godfather_AA folded before Flop (didn't bet)



PokerStars Game #19971678314:  Hold'em No Limit ($0.10/$0.25) - 2008/08/28 - 17:37:38 (ET)
Table 'Ilmatar III' 9-max Seat #6 is the button
Seat 1: Boew ($49.60 in chips) 
Seat 2: Alameda22 ($26.90 in chips) 
Seat 3: iTsTheGrind ($25.35 in chips) 
Seat 4: knakeddefguy ($26.10 in chips) 
Seat 5: Aylindirk ($3.95 in chips) 
Seat 6: Maggy54 ($4 in chips) 
Seat 7: M0RE=C0WBELL ($24.75 in chips) 
Seat 8: jbdb3 ($14.45 in chips) 
Seat 9: godfather_AA ($23.15 in chips) 
M0RE=C0WBELL: posts small blind $0.10
jbdb3: posts big blind $0.25
*** HOLE CARDS ***
Dealt to Alameda22 [Kd As]
godfather_AA: folds 
Boew: folds 
Alameda22: raises $0.50 to $0.75
iTsTheGrind: folds 
knakeddefguy: calls $0.75
Aylindirk: folds 
Maggy54: folds 
M0RE=C0WBELL: calls $0.65
jbdb3: folds 
*** FLOP *** [Ah 9c Jh]
M0RE=C0WBELL: bets $1
Alameda22: raises $2 to $3
knakeddefguy: folds 
M0RE=C0WBELL: raises $3 to $6
Alameda22: calls $3
*** TURN *** [Ah 9c Jh] [Qd]
M0RE=C0WBELL: checks 
Alameda22: checks 
*** RIVER *** [Ah 9c Jh Qd] [3c]
M0RE=C0WBELL: checks 
Alameda22: checks 
*** SHOW DOWN ***
M0RE=C0WBELL: shows [Ad Ks] (a pair of Aces)
Alameda22: shows [Kd As] (a pair of Aces)
M0RE=C0WBELL collected $6.90 from pot
Alameda22 collected $6.90 from pot
*** SUMMARY ***
Total pot $14.50 | Rake $0.70 
Board [Ah 9c Jh Qd 3c]
Seat 1: Boew folded before Flop (didn't bet)
Seat 2: Alameda22 showed [Kd As] and won ($6.90) with a pair of Aces
Seat 3: iTsTheGrind folded before Flop (didn't bet)
Seat 4: knakeddefguy folded on the Flop
Seat 5: Aylindirk folded before Flop (didn't bet)
Seat 6: Maggy54 (button) folded before Flop (didn't bet)
Seat 7: M0RE=C0WBELL (small blind) showed [Ad Ks] and won ($6.90) with a pair of Aces
Seat 8: jbdb3 (big blind) folded before Flop
Seat 9: godfather_AA folded before Flop (didn't bet)



PokerStars Game #19971743759:  Hold'em No Limit ($0.10/$0.25) - 2008/08/28 - 17:40:19 (ET)
Table 'Ilmatar III' 9-max Seat #7 is the button
Seat 1: Boew ($49.60 in chips) 
Seat 2: Alameda22 ($27.05 in chips) 
Seat 3: iTsTheGrind ($25.35 in chips) 
Seat 4: knakeddefguy ($25.35 in chips) 
Seat 5: Aylindirk ($3.95 in chips) 
Seat 6: Maggy54 ($4 in chips) 
Seat 7: M0RE=C0WBELL ($24.90 in chips) 
Seat 8: jbdb3 ($14.20 in chips) 
jbdb3: posts small blind $0.10
godfather_AA: is sitting out 
godfather_AA leaves the table
Boew: posts big blind $0.25
*** HOLE CARDS ***
Dealt to Alameda22 [5d Qc]
Alameda22: folds 
iTsTheGrind: folds 
knakeddefguy: folds 
Aylindirk: folds 
Maggy54: folds 
M0RE=C0WBELL: folds 
jbdb3: folds 
Uncalled bet ($0.15) returned to Boew
Boew collected $0.20 from pot
*** SUMMARY ***
Total pot $0.20 | Rake $0 
Seat 1: Boew (big blind) collected ($0.20)
Seat 2: Alameda22 folded before Flop (didn't bet)
Seat 3: iTsTheGrind folded before Flop (didn't bet)
Seat 4: knakeddefguy folded before Flop (didn't bet)
Seat 5: Aylindirk folded before Flop (didn't bet)
Seat 6: Maggy54 folded before Flop (didn't bet)
Seat 7: M0RE=C0WBELL (button) folded before Flop (didn't bet)
Seat 8: jbdb3 (small blind) folded before Flop



PokerStars Game #19971758261:  Hold'em No Limit ($0.10/$0.25) - 2008/08/28 - 17:40:54 (ET)
Table 'Ilmatar III' 9-max Seat #8 is the button
Seat 1: Boew ($49.70 in chips) 
Seat 2: Alameda22 ($27.05 in chips) 
Seat 3: iTsTheGrind ($25.35 in chips) 
Seat 4: knakeddefguy ($25.35 in chips) 
Seat 5: Aylindirk ($3.95 in chips) 
Seat 6: Maggy54 ($4 in chips) 
Seat 7: M0RE=C0WBELL ($24.90 in chips) 
Seat 8: jbdb3 ($14.10 in chips) 
Boew: posts small blind $0.10
Alameda22: posts big blind $0.25
*** HOLE CARDS ***
Dealt to Alameda22 [Jc 7h]
iTsTheGrind: folds 
knakeddefguy: folds 
Aylindirk: folds 
Maggy54: folds 
M0RE=C0WBELL: folds 
jbdb3: calls $0.25
Boew: calls $0.15
Alameda22: checks 
*** FLOP *** [Tc 6c Kh]
Boew: bets $0.75
Alameda22: folds 
nmws2 joins the table at seat #9 
jbdb3: folds 
Uncalled bet ($0.75) returned to Boew
Boew collected $0.75 from pot
*** SUMMARY ***
Total pot $0.75 | Rake $0 
Board [Tc 6c Kh]
Seat 1: Boew (small blind) collected ($0.75)
Seat 2: Alameda22 (big blind) folded on the Flop
Seat 3: iTsTheGrind folded before Flop (didn't bet)
Seat 4: knakeddefguy folded before Flop (didn't bet)
Seat 5: Aylindirk folded before Flop (didn't bet)
Seat 6: Maggy54 folded before Flop (didn't bet)
Seat 7: M0RE=C0WBELL folded before Flop (didn't bet)
Seat 8: jbdb3 (button) folded on the Flop



PokerStars Game #19971782078:  Hold'em No Limit ($0.10/$0.25) - 2008/08/28 - 17:41:53 (ET)
Table 'Ilmatar III' 9-max Seat #1 is the button
Seat 1: Boew ($50.20 in chips) 
Seat 2: Alameda22 ($26.80 in chips) 
Seat 3: iTsTheGrind ($25.35 in chips) 
Seat 4: knakeddefguy ($25.35 in chips) 
Seat 5: Aylindirk ($3.95 in chips) 
Seat 6: Maggy54 ($4 in chips) 
Seat 7: M0RE=C0WBELL ($24.90 in chips) 
Seat 8: jbdb3 ($13.85 in chips) 
Seat 9: nmws2 ($15 in chips) 
Alameda22: posts small blind $0.10
iTsTheGrind: posts big blind $0.25
nmws2: posts big blind $0.25
*** HOLE CARDS ***
Dealt to Alameda22 [Ad Js]
knakeddefguy: folds 
Aylindirk: folds 
Maggy54: folds 
M0RE=C0WBELL: folds 
jbdb3: raises $0.75 to $1
nmws2: folds 
Boew: folds 
Alameda22: folds 
iTsTheGrind: folds 
Uncalled bet ($0.75) returned to jbdb3
jbdb3 collected $0.85 from pot
*** SUMMARY ***
Total pot $0.85 | Rake $0 
Seat 1: Boew (button) folded before Flop (didn't bet)
Seat 2: Alameda22 (small blind) folded before Flop
Seat 3: iTsTheGrind (big blind) folded before Flop
Seat 4: knakeddefguy folded before Flop (didn't bet)
Seat 5: Aylindirk folded before Flop (didn't bet)
Seat 6: Maggy54 folded before Flop (didn't bet)
Seat 7: M0RE=C0WBELL folded before Flop (didn't bet)
Seat 8: jbdb3 collected ($0.85)
Seat 9: nmws2 folded before Flop



PokerStars Game #19971798673:  Hold'em No Limit ($0.10/$0.25) - 2008/08/28 - 17:42:34 (ET)
Table 'Ilmatar III' 9-max Seat #2 is the button
Seat 1: Boew ($50.20 in chips) 
Seat 2: Alameda22 ($26.70 in chips) 
Seat 3: iTsTheGrind ($25.10 in chips) 
Seat 4: knakeddefguy ($25.35 in chips) 
Seat 5: Aylindirk ($3.95 in chips) 
Seat 6: Maggy54 ($4 in chips) 
Seat 7: M0RE=C0WBELL ($24.90 in chips) 
Seat 8: jbdb3 ($14.45 in chips) 
Seat 9: nmws2 ($14.75 in chips) 
iTsTheGrind: posts small blind $0.10
knakeddefguy: posts big blind $0.25
*** HOLE CARDS ***
Dealt to Alameda22 [8h Js]
Aylindirk: folds 
Maggy54: folds 
M0RE=C0WBELL: folds 
jbdb3: folds 
nmws2: folds 
Boew: calls $0.25
Alameda22: folds 
iTsTheGrind: calls $0.15
knakeddefguy: checks 
*** FLOP *** [6h 9c 9h]
iTsTheGrind: checks 
knakeddefguy: checks 
Boew: bets $0.75
iTsTheGrind: folds 
knakeddefguy: folds 
Uncalled bet ($0.75) returned to Boew
Boew collected $0.75 from pot
*** SUMMARY ***
Total pot $0.75 | Rake $0 
Board [6h 9c 9h]
Seat 1: Boew collected ($0.75)
Seat 2: Alameda22 (button) folded before Flop (didn't bet)
Seat 3: iTsTheGrind (small blind) folded on the Flop
Seat 4: knakeddefguy (big blind) folded on the Flop
Seat 5: Aylindirk folded before Flop (didn't bet)
Seat 6: Maggy54 folded before Flop (didn't bet)
Seat 7: M0RE=C0WBELL folded before Flop (didn't bet)
Seat 8: jbdb3 folded before Flop (didn't bet)
Seat 9: nmws2 folded before Flop (didn't bet)



PokerStars Game #19971816871:  Hold'em No Limit ($0.10/$0.25) - 2008/08/28 - 17:43:19 (ET)
Table 'Ilmatar III' 9-max Seat #3 is the button
Seat 1: Boew ($50.70 in chips) 
Seat 2: Alameda22 ($26.70 in chips) 
Seat 3: iTsTheGrind ($24.85 in chips) 
Seat 4: knakeddefguy ($25.10 in chips) 
Seat 5: Aylindirk ($3.95 in chips) 
Seat 6: Maggy54 ($4 in chips) 
Seat 7: M0RE=C0WBELL ($24.90 in chips) 
Seat 8: jbdb3 ($14.45 in chips) 
Seat 9: nmws2 ($14.75 in chips) 
knakeddefguy: posts small blind $0.10
Aylindirk: posts big blind $0.25
*** HOLE CARDS ***
Dealt to Alameda22 [9c 8d]
Maggy54: folds 
M0RE=C0WBELL: folds 
jbdb3: folds 
nmws2: folds 
Boew: calls $0.25
Alameda22: folds 
iTsTheGrind: calls $0.25
knakeddefguy: calls $0.15
Aylindirk: checks 
*** FLOP *** [7s Kc 5s]
knakeddefguy: bets $0.50
Aylindirk: folds 
Boew: folds 
iTsTheGrind: calls $0.50
*** TURN *** [7s Kc 5s] [2s]
knakeddefguy: bets $0.75
iTsTheGrind: calls $0.75
*** RIVER *** [7s Kc 5s 2s] [8h]
knakeddefguy: bets $1.25
iTsTheGrind: calls $1.25
*** SHOW DOWN ***
knakeddefguy: shows [Jd Ks] (a pair of Kings)
iTsTheGrind: shows [6s Js] (a flush, Jack high)
iTsTheGrind collected $5.75 from pot
*** SUMMARY ***
Total pot $6 | Rake $0.25 
Board [7s Kc 5s 2s 8h]
Seat 1: Boew folded on the Flop
Seat 2: Alameda22 folded before Flop (didn't bet)
Seat 3: iTsTheGrind (button) showed [6s Js] and won ($5.75) with a flush, Jack high
Seat 4: knakeddefguy (small blind) showed [Jd Ks] and lost with a pair of Kings
Seat 5: Aylindirk (big blind) folded on the Flop
Seat 6: Maggy54 folded before Flop (didn't bet)
Seat 7: M0RE=C0WBELL folded before Flop (didn't bet)
Seat 8: jbdb3 folded before Flop (didn't bet)
Seat 9: nmws2 folded before Flop (didn't bet)



PokerStars Game #19971843512:  Hold'em No Limit ($0.10/$0.25) - 2008/08/28 - 17:44:25 (ET)
Table 'Ilmatar III' 9-max Seat #4 is the button
Seat 1: Boew ($50.45 in chips) 
Seat 2: Alameda22 ($26.70 in chips) 
Seat 3: iTsTheGrind ($27.85 in chips) 
Seat 4: knakeddefguy ($22.35 in chips) 
Seat 5: Aylindirk ($3.70 in chips) 
Seat 7: M0RE=C0WBELL ($24.90 in chips) 
Seat 8: jbdb3 ($14.45 in chips) 
Seat 9: nmws2 ($14.75 in chips) 
Aylindirk: posts small blind $0.10
Maggy54: is sitting out 
M0RE=C0WBELL: posts big blind $0.25
*** HOLE CARDS ***
Dealt to Alameda22 [As 9s]
Maggy54 leaves the table
jbdb3: folds 
nmws2: folds 
Boew: folds 
Alameda22: folds 
iTsTheGrind: folds 
knakeddefguy: raises $0.75 to $1
Aylindirk: folds 
M0RE=C0WBELL: folds 
Uncalled bet ($0.75) returned to knakeddefguy
knakeddefguy collected $0.60 from pot
knakeddefguy: doesn't show hand 
*** SUMMARY ***
Total pot $0.60 | Rake $0 
Seat 1: Boew folded before Flop (didn't bet)
Seat 2: Alameda22 folded before Flop (didn't bet)
Seat 3: iTsTheGrind folded before Flop (didn't bet)
Seat 4: knakeddefguy (button) collected ($0.60)
Seat 5: Aylindirk (small blind) folded before Flop
Seat 7: M0RE=C0WBELL (big blind) folded before Flop
Seat 8: jbdb3 folded before Flop (didn't bet)
Seat 9: nmws2 folded before Flop (didn't bet)



PokerStars Game #19971853406:  Hold'em No Limit ($0.10/$0.25) - 2008/08/28 - 17:44:49 (ET)
Table 'Ilmatar III' 9-max Seat #5 is the button
Seat 1: Boew ($50.45 in chips) 
Seat 2: Alameda22 ($26.70 in chips) 
Seat 3: iTsTheGrind ($27.85 in chips) 
Seat 4: knakeddefguy ($22.70 in chips) 
Seat 5: Aylindirk ($3.60 in chips) 
Seat 7: M0RE=C0WBELL ($24.65 in chips) 
Seat 8: jbdb3 ($14.45 in chips) 
Seat 9: nmws2 ($14.75 in chips) 
M0RE=C0WBELL: posts small blind $0.10
jbdb3: posts big blind $0.25
*** HOLE CARDS ***
Dealt to Alameda22 [4s 5h]
nmws2: raises $0.50 to $0.75
Boew: folds 
Alameda22: folds 
iTsTheGrind: folds 
knakeddefguy: folds 
Aylindirk: folds 
M0RE=C0WBELL: folds 
jbdb3: folds 
Uncalled bet ($0.50) returned to nmws2
nmws2 collected $0.60 from pot
*** SUMMARY ***
Total pot $0.60 | Rake $0 
Seat 1: Boew folded before Flop (didn't bet)
Seat 2: Alameda22 folded before Flop (didn't bet)
Seat 3: iTsTheGrind folded before Flop (didn't bet)
Seat 4: knakeddefguy folded before Flop (didn't bet)
Seat 5: Aylindirk (button) folded before Flop (didn't bet)
Seat 7: M0RE=C0WBELL (small blind) folded before Flop
Seat 8: jbdb3 (big blind) folded before Flop
Seat 9: nmws2 collected ($0.60)



PokerStars Game #19971866806:  Hold'em No Limit ($0.10/$0.25) - 2008/08/28 - 17:45:22 (ET)
Table 'Ilmatar III' 9-max Seat #7 is the button
Seat 1: Boew ($50.45 in chips) 
Seat 2: Alameda22 ($26.70 in chips) 
Seat 3: iTsTheGrind ($27.85 in chips) 
Seat 4: knakeddefguy ($22.70 in chips) 
Seat 5: Aylindirk ($3.60 in chips) 
Seat 7: M0RE=C0WBELL ($24.55 in chips) 
Seat 8: jbdb3 ($14.20 in chips) 
jbdb3: posts small blind $0.10
nmws2: is sitting out 
nmws2 leaves the table
Boew: posts big blind $0.25
*** HOLE CARDS ***
Dealt to Alameda22 [7c Jd]
Alameda22: folds 
iTsTheGrind: folds 
knakeddefguy: calls $0.25
Aylindirk: folds 
M0RE=C0WBELL: folds 
jbdb3: folds 
Boew: checks 
*** FLOP *** [Kd Kc 5c]
Boew: bets $0.50
knakeddefguy: folds 
Uncalled bet ($0.50) returned to Boew
Boew collected $0.60 from pot
*** SUMMARY ***
Total pot $0.60 | Rake $0 
Board [Kd Kc 5c]
Seat 1: Boew (big blind) collected ($0.60)
Seat 2: Alameda22 folded before Flop (didn't bet)
Seat 3: iTsTheGrind folded before Flop (didn't bet)
Seat 4: knakeddefguy folded on the Flop
Seat 5: Aylindirk folded before Flop (didn't bet)
Seat 7: M0RE=C0WBELL (button) folded before Flop (didn't bet)
Seat 8: jbdb3 (small blind) folded before Flop



PokerStars Game #19971886618:  Hold'em No Limit ($0.10/$0.25) - 2008/08/28 - 17:46:12 (ET)
Table 'Ilmatar III' 9-max Seat #8 is the button
Seat 1: Boew ($50.80 in chips) 
Seat 2: Alameda22 ($26.70 in chips) 
Seat 3: iTsTheGrind ($27.85 in chips) 
Seat 4: knakeddefguy ($22.45 in chips) 
Seat 5: Aylindirk ($3.60 in chips) 
Seat 7: M0RE=C0WBELL ($24.55 in chips) 
Seat 8: jbdb3 ($14.10 in chips) 
Boew: posts small blind $0.10
Alameda22: posts big blind $0.25
*** HOLE CARDS ***
Dealt to Alameda22 [Kd 4c]
iTsTheGrind: folds 
knakeddefguy: folds 
Aylindirk: raises $0.75 to $1
M0RE=C0WBELL: folds 
jbdb3: folds 
Boew: calls $0.90
Alameda22: folds 
*** FLOP *** [5s 6s 8c]
Boew: checks 
Aylindirk: bets $1.50
Boew: folds 
Uncalled bet ($1.50) returned to Aylindirk
Aylindirk collected $2.15 from pot
Aylindirk: doesn't show hand 
*** SUMMARY ***
Total pot $2.25 | Rake $0.10 
Board [5s 6s 8c]
Seat 1: Boew (small blind) folded on the Flop
Seat 2: Alameda22 (big blind) folded before Flop
Seat 3: iTsTheGrind folded before Flop (didn't bet)
Seat 4: knakeddefguy folded before Flop (didn't bet)
Seat 5: Aylindirk collected ($2.15)
Seat 7: M0RE=C0WBELL folded before Flop (didn't bet)
Seat 8: jbdb3 (button) folded before Flop (didn't bet)



PokerStars Game #19971913939:  Hold'em No Limit ($0.10/$0.25) - 2008/08/28 - 17:47:18 (ET)
Table 'Ilmatar III' 9-max Seat #1 is the button
Seat 1: Boew ($49.80 in chips) 
Seat 2: Alameda22 ($26.45 in chips) 
Seat 3: iTsTheGrind ($27.85 in chips) 
Seat 4: knakeddefguy ($22.45 in chips) 
Seat 5: Aylindirk ($4.75 in chips) 
Seat 7: M0RE=C0WBELL ($24.55 in chips) 
Seat 8: jbdb3 ($14.10 in chips) 
Alameda22: posts small blind $0.10
iTsTheGrind: posts big blind $0.25
*** HOLE CARDS ***
Dealt to Alameda22 [Qs 7s]
knakeddefguy: folds 
Aylindirk: folds 
M0RE=C0WBELL: folds 
jbdb3: raises $0.50 to $0.75
Boew: folds 
Alameda22: folds 
iTsTheGrind: calls $0.50
*** FLOP *** [3s Kd 5d]
iTsTheGrind: checks 
jbdb3: bets $0.75
iTsTheGrind: raises $0.75 to $1.50
jbdb3: calls $0.75
*** TURN *** [3s Kd 5d] [2c]
iTsTheGrind: bets $12.25
jbdb3: folds 
Uncalled bet ($12.25) returned to iTsTheGrind
iTsTheGrind collected $4.40 from pot
iTsTheGrind: doesn't show hand 
*** SUMMARY ***
Total pot $4.60 | Rake $0.20 
Board [3s Kd 5d 2c]
Seat 1: Boew (button) folded before Flop (didn't bet)
Seat 2: Alameda22 (small blind) folded before Flop
Seat 3: iTsTheGrind (big blind) collected ($4.40)
Seat 4: knakeddefguy folded before Flop (didn't bet)
Seat 5: Aylindirk folded before Flop (didn't bet)
Seat 7: M0RE=C0WBELL folded before Flop (didn't bet)
Seat 8: jbdb3 folded on the Turn



PokerStars Game #19971941489:  Hold'em No Limit ($0.10/$0.25) - 2008/08/28 - 17:48:26 (ET)
Table 'Ilmatar III' 9-max Seat #2 is the button
Seat 1: Boew ($49.80 in chips) 
Seat 2: Alameda22 ($26.35 in chips) 
Seat 3: iTsTheGrind ($30 in chips) 
Seat 4: knakeddefguy ($22.45 in chips) 
Seat 5: Aylindirk ($4.75 in chips) 
Seat 7: M0RE=C0WBELL ($24.55 in chips) 
Seat 8: jbdb3 ($11.85 in chips) 
iTsTheGrind: posts small blind $0.10
knakeddefguy: posts big blind $0.25
*** HOLE CARDS ***
Dealt to Alameda22 [6h 4c]
Aylindirk: folds 
M0RE=C0WBELL: folds 
M0RE=C0WBELL leaves the table
jbdb3: folds 
Boew: folds 
Alameda22: folds 
iTsTheGrind: calls $0.15
knakeddefguy: checks 
*** FLOP *** [Jc 6s Jh]
iTsTheGrind: checks 
knakeddefguy: checks 
*** TURN *** [Jc 6s Jh] [2c]
iTsTheGrind: checks 
knakeddefguy: checks 
*** RIVER *** [Jc 6s Jh 2c] [8s]
iTsTheGrind: bets $0.25
knakeddefguy: calls $0.25
*** SHOW DOWN ***
iTsTheGrind: shows [Ad 8h] (two pair, Jacks and Eights)
knakeddefguy: mucks hand 
iTsTheGrind collected $0.95 from pot
iTsTheGrind leaves the table
*** SUMMARY ***
Total pot $1 | Rake $0.05 
Board [Jc 6s Jh 2c 8s]
Seat 1: Boew folded before Flop (didn't bet)
Seat 2: Alameda22 (button) folded before Flop (didn't bet)
Seat 3: iTsTheGrind (small blind) showed [Ad 8h] and won ($0.95) with two pair, Jacks and Eights
Seat 4: knakeddefguy (big blind) mucked [Qd 2s]
Seat 5: Aylindirk folded before Flop (didn't bet)
Seat 7: M0RE=C0WBELL folded before Flop (didn't bet)
Seat 8: jbdb3 folded before Flop (didn't bet)



