PokerStars Game #19826561734:  Hold'em No Limit ($0.10/$0.25) - 2008/08/23 - 00:40:22 (ET)
Table 'Gawain III' 9-max Seat #4 is the button
Seat 1: ulba0404 ($27.60 in chips) 
Seat 3: Alameda22 ($25 in chips) 
Seat 4: enright3060 ($34.55 in chips) 
Seat 5: mmffo ($19.90 in chips) 
Seat 6: Eastratusky ($58.80 in chips) 
Seat 8: Leucetios ($5 in chips) 
Seat 9: TioRicoLPP ($45.40 in chips) 
mmffo: posts small blind $0.10
Eastratusky: posts big blind $0.25
royman0785: sits out 
Alameda22: posts big blind $0.25
*** HOLE CARDS ***
Dealt to Alameda22 [6h Ad]
Leucetios: raises $1 to $1.25
TioRicoLPP: folds 
ulba0404: folds 
Alameda22: folds 
enright3060: folds 
mmffo: folds 
Eastratusky: folds 
Uncalled bet ($1) returned to Leucetios
Leucetios collected $0.85 from pot
Leucetios: doesn't show hand 
*** SUMMARY ***
Total pot $0.85 | Rake $0 
Seat 1: ulba0404 folded before Flop (didn't bet)
Seat 3: Alameda22 folded before Flop
Seat 4: enright3060 (button) folded before Flop (didn't bet)
Seat 5: mmffo (small blind) folded before Flop
Seat 6: Eastratusky (big blind) folded before Flop
Seat 8: Leucetios collected ($0.85)
Seat 9: TioRicoLPP folded before Flop (didn't bet)



PokerStars Game #19826572502:  Hold'em No Limit ($0.10/$0.25) - 2008/08/23 - 00:41:00 (ET)
Table 'Gawain III' 9-max Seat #5 is the button
Seat 1: ulba0404 ($27.60 in chips) 
Seat 3: Alameda22 ($24.75 in chips) 
Seat 4: enright3060 ($34.55 in chips) 
Seat 5: mmffo ($19.80 in chips) 
Seat 6: Eastratusky ($58.55 in chips) 
Seat 7: royman0785 ($25 in chips) 
Seat 8: Leucetios ($5.60 in chips) 
Seat 9: TioRicoLPP ($45.40 in chips) 
Eastratusky: posts small blind $0.10
royman0785: posts big blind $0.25
*** HOLE CARDS ***
Dealt to Alameda22 [Ks 8h]
Leucetios: folds 
TioRicoLPP: folds 
ulba0404: folds 
Alameda22: folds 
enright3060: folds 
mmffo: folds 
Eastratusky: folds 
Uncalled bet ($0.15) returned to royman0785
royman0785 collected $0.20 from pot
royman0785: doesn't show hand 
*** SUMMARY ***
Total pot $0.20 | Rake $0 
Seat 1: ulba0404 folded before Flop (didn't bet)
Seat 3: Alameda22 folded before Flop (didn't bet)
Seat 4: enright3060 folded before Flop (didn't bet)
Seat 5: mmffo (button) folded before Flop (didn't bet)
Seat 6: Eastratusky (small blind) folded before Flop
Seat 7: royman0785 (big blind) collected ($0.20)
Seat 8: Leucetios folded before Flop (didn't bet)
Seat 9: TioRicoLPP folded before Flop (didn't bet)



PokerStars Game #19826583518:  Hold'em No Limit ($0.10/$0.25) - 2008/08/23 - 00:41:38 (ET)
Table 'Gawain III' 9-max Seat #6 is the button
Seat 1: ulba0404 ($27.60 in chips) 
Seat 3: Alameda22 ($24.75 in chips) 
Seat 4: enright3060 ($34.55 in chips) 
Seat 5: mmffo ($19.80 in chips) 
Seat 6: Eastratusky ($58.45 in chips) 
Seat 7: royman0785 ($25.10 in chips) 
Seat 8: Leucetios ($5.60 in chips) 
Seat 9: TioRicoLPP ($45.40 in chips) 
royman0785: posts small blind $0.10
Leucetios: posts big blind $0.25
*** HOLE CARDS ***
Dealt to Alameda22 [2d 3c]
TioRicoLPP: folds 
ulba0404: folds 
Alameda22: folds 
enright3060: folds 
mmffo: folds 
Eastratusky: folds 
royman0785: folds 
Uncalled bet ($0.15) returned to Leucetios
Leucetios collected $0.20 from pot
Leucetios: doesn't show hand 
*** SUMMARY ***
Total pot $0.20 | Rake $0 
Seat 1: ulba0404 folded before Flop (didn't bet)
Seat 3: Alameda22 folded before Flop (didn't bet)
Seat 4: enright3060 folded before Flop (didn't bet)
Seat 5: mmffo folded before Flop (didn't bet)
Seat 6: Eastratusky (button) folded before Flop (didn't bet)
Seat 7: royman0785 (small blind) folded before Flop
Seat 8: Leucetios (big blind) collected ($0.20)
Seat 9: TioRicoLPP folded before Flop (didn't bet)



PokerStars Game #19826591563:  Hold'em No Limit ($0.10/$0.25) - 2008/08/23 - 00:42:07 (ET)
Table 'Gawain III' 9-max Seat #7 is the button
Seat 1: ulba0404 ($27.60 in chips) 
Seat 3: Alameda22 ($24.75 in chips) 
Seat 4: enright3060 ($34.55 in chips) 
Seat 5: mmffo ($19.80 in chips) 
Seat 6: Eastratusky ($58.45 in chips) 
Seat 7: royman0785 ($25 in chips) 
Seat 8: Leucetios ($5.70 in chips) 
Seat 9: TioRicoLPP ($45.40 in chips) 
Leucetios: posts small blind $0.10
TioRicoLPP: posts big blind $0.25
*** HOLE CARDS ***
Dealt to Alameda22 [7s Qc]
ulba0404: folds 
Alameda22: folds 
enright3060: folds 
mmffo: folds 
Eastratusky: folds 
royman0785: folds 
Leucetios: folds 
Uncalled bet ($0.15) returned to TioRicoLPP
TioRicoLPP collected $0.20 from pot
*** SUMMARY ***
Total pot $0.20 | Rake $0 
Seat 1: ulba0404 folded before Flop (didn't bet)
Seat 3: Alameda22 folded before Flop (didn't bet)
Seat 4: enright3060 folded before Flop (didn't bet)
Seat 5: mmffo folded before Flop (didn't bet)
Seat 6: Eastratusky folded before Flop (didn't bet)
Seat 7: royman0785 (button) folded before Flop (didn't bet)
Seat 8: Leucetios (small blind) folded before Flop
Seat 9: TioRicoLPP (big blind) collected ($0.20)



PokerStars Game #19826602297:  Hold'em No Limit ($0.10/$0.25) - 2008/08/23 - 00:42:45 (ET)
Table 'Gawain III' 9-max Seat #8 is the button
Seat 1: ulba0404 ($27.60 in chips) 
Seat 3: Alameda22 ($24.75 in chips) 
Seat 4: enright3060 ($34.55 in chips) 
Seat 5: mmffo ($19.80 in chips) 
Seat 6: Eastratusky ($58.45 in chips) 
Seat 7: royman0785 ($25 in chips) 
Seat 8: Leucetios ($5.60 in chips) 
Seat 9: TioRicoLPP ($45.50 in chips) 
TioRicoLPP: posts small blind $0.10
ulba0404: posts big blind $0.25
*** HOLE CARDS ***
Dealt to Alameda22 [Tc 9s]
Alameda22: folds 
enright3060: calls $0.25
mmffo: calls $0.25
Eastratusky: folds 
royman0785: folds 
Leucetios: folds 
TioRicoLPP: folds 
ulba0404: checks 
*** FLOP *** [9d 2c 6c]
ulba0404: checks 
enright3060: bets $0.75
mmffo: folds 
ulba0404: folds 
Uncalled bet ($0.75) returned to enright3060
enright3060 collected $0.85 from pot
*** SUMMARY ***
Total pot $0.85 | Rake $0 
Board [9d 2c 6c]
Seat 1: ulba0404 (big blind) folded on the Flop
Seat 3: Alameda22 folded before Flop (didn't bet)
Seat 4: enright3060 collected ($0.85)
Seat 5: mmffo folded on the Flop
Seat 6: Eastratusky folded before Flop (didn't bet)
Seat 7: royman0785 folded before Flop (didn't bet)
Seat 8: Leucetios (button) folded before Flop (didn't bet)
Seat 9: TioRicoLPP (small blind) folded before Flop



PokerStars Game #19826614120:  Hold'em No Limit ($0.10/$0.25) - 2008/08/23 - 00:43:26 (ET)
Table 'Gawain III' 9-max Seat #9 is the button
Seat 1: ulba0404 ($27.35 in chips) 
Seat 3: Alameda22 ($24.75 in chips) 
Seat 4: enright3060 ($35.15 in chips) 
Seat 5: mmffo ($19.55 in chips) 
Seat 6: Eastratusky ($58.45 in chips) 
Seat 7: royman0785 ($25 in chips) 
Seat 8: Leucetios ($5.60 in chips) 
Seat 9: TioRicoLPP ($45.40 in chips) 
ulba0404: posts small blind $0.10
Alameda22: posts big blind $0.25
*** HOLE CARDS ***
Dealt to Alameda22 [6s 8d]
enright3060: calls $0.25
mmffo: calls $0.25
Eastratusky: folds 
royman0785: folds 
Leucetios: folds 
TioRicoLPP: raises $1.75 to $2
ulba0404: folds 
Alameda22: folds 
enright3060: folds 
mmffo: folds 
Uncalled bet ($1.75) returned to TioRicoLPP
TioRicoLPP collected $1.10 from pot
*** SUMMARY ***
Total pot $1.10 | Rake $0 
Seat 1: ulba0404 (small blind) folded before Flop
Seat 3: Alameda22 (big blind) folded before Flop
Seat 4: enright3060 folded before Flop
Seat 5: mmffo folded before Flop
Seat 6: Eastratusky folded before Flop (didn't bet)
Seat 7: royman0785 folded before Flop (didn't bet)
Seat 8: Leucetios folded before Flop (didn't bet)
Seat 9: TioRicoLPP (button) collected ($1.10)



PokerStars Game #19826628354:  Hold'em No Limit ($0.10/$0.25) - 2008/08/23 - 00:44:17 (ET)
Table 'Gawain III' 9-max Seat #1 is the button
Seat 1: ulba0404 ($27.25 in chips) 
Seat 3: Alameda22 ($24.50 in chips) 
Seat 4: enright3060 ($34.90 in chips) 
Seat 5: mmffo ($19.30 in chips) 
Seat 6: Eastratusky ($58.45 in chips) 
Seat 7: royman0785 ($25 in chips) 
Seat 8: Leucetios ($5.60 in chips) 
Seat 9: TioRicoLPP ($46.25 in chips) 
Alameda22: posts small blind $0.10
enright3060: posts big blind $0.25
*** HOLE CARDS ***
Dealt to Alameda22 [5c Jh]
mmffo: folds 
Eastratusky: folds 
royman0785: folds 
Leucetios: folds 
TioRicoLPP: folds 
TioRicoLPP leaves the table
ulba0404: raises $0.50 to $0.75
Alameda22: folds 
Donkey_Nuts1 joins the table at seat #9 
enright3060: folds 
Uncalled bet ($0.50) returned to ulba0404
ulba0404 collected $0.60 from pot
ulba0404: doesn't show hand 
*** SUMMARY ***
Total pot $0.60 | Rake $0 
Seat 1: ulba0404 (button) collected ($0.60)
Seat 3: Alameda22 (small blind) folded before Flop
Seat 4: enright3060 (big blind) folded before Flop
Seat 5: mmffo folded before Flop (didn't bet)
Seat 6: Eastratusky folded before Flop (didn't bet)
Seat 7: royman0785 folded before Flop (didn't bet)
Seat 8: Leucetios folded before Flop (didn't bet)
Seat 9: TioRicoLPP folded before Flop (didn't bet)



PokerStars Game #19826647040:  Hold'em No Limit ($0.10/$0.25) - 2008/08/23 - 00:45:24 (ET)
Table 'Gawain III' 9-max Seat #3 is the button
Seat 1: ulba0404 ($27.60 in chips) 
Seat 3: Alameda22 ($24.40 in chips) 
Seat 4: enright3060 ($34.65 in chips) 
Seat 5: mmffo ($19.30 in chips) 
Seat 6: Eastratusky ($58.45 in chips) 
Seat 7: royman0785 ($25 in chips) 
Seat 8: Leucetios ($5.60 in chips) 
enright3060: posts small blind $0.10
mmffo: posts big blind $0.25
Donkey_Nuts1: sits out 
*** HOLE CARDS ***
Dealt to Alameda22 [6h 7c]
Eastratusky: folds 
royman0785: folds 
Leucetios: folds 
ulba0404: folds 
Alameda22: folds 
enright3060: folds 
Uncalled bet ($0.15) returned to mmffo
mmffo collected $0.20 from pot
mmffo: doesn't show hand 
*** SUMMARY ***
Total pot $0.20 | Rake $0 
Seat 1: ulba0404 folded before Flop (didn't bet)
Seat 3: Alameda22 (button) folded before Flop (didn't bet)
Seat 4: enright3060 (small blind) folded before Flop
Seat 5: mmffo (big blind) collected ($0.20)
Seat 6: Eastratusky folded before Flop (didn't bet)
Seat 7: royman0785 folded before Flop (didn't bet)
Seat 8: Leucetios folded before Flop (didn't bet)



PokerStars Game #19826656442:  Hold'em No Limit ($0.10/$0.25) - 2008/08/23 - 00:45:57 (ET)
Table 'Gawain III' 9-max Seat #4 is the button
Seat 1: ulba0404 ($27.60 in chips) 
Seat 3: Alameda22 ($24.40 in chips) 
Seat 4: enright3060 ($34.55 in chips) 
Seat 5: mmffo ($19.40 in chips) 
Seat 6: Eastratusky ($58.45 in chips) 
Seat 7: royman0785 ($25 in chips) 
Seat 8: Leucetios ($5.60 in chips) 
mmffo: posts small blind $0.10
Eastratusky: posts big blind $0.25
Donkey_Nuts1: sits out 
*** HOLE CARDS ***
Dealt to Alameda22 [8s 7s]
royman0785: folds 
Leucetios: folds 
ulba0404: folds 
Alameda22: raises $0.50 to $0.75
enright3060: folds 
mmffo: calls $0.65
Eastratusky: folds 
*** FLOP *** [4s 3d 2h]
mmffo: checks 
Alameda22: bets $1.25
mmffo: calls $1.25
*** TURN *** [4s 3d 2h] [5h]
mmffo: checks 
Alameda22: checks 
*** RIVER *** [4s 3d 2h 5h] [Tc]
mmffo: checks 
Alameda22: checks 
*** SHOW DOWN ***
mmffo: shows [5c 5s] (three of a kind, Fives)
Alameda22: mucks hand 
mmffo collected $4.05 from pot
*** SUMMARY ***
Total pot $4.25 | Rake $0.20 
Board [4s 3d 2h 5h Tc]
Seat 1: ulba0404 folded before Flop (didn't bet)
Seat 3: Alameda22 mucked [8s 7s]
Seat 4: enright3060 (button) folded before Flop (didn't bet)
Seat 5: mmffo (small blind) showed [5c 5s] and won ($4.05) with three of a kind, Fives
Seat 6: Eastratusky (big blind) folded before Flop
Seat 7: royman0785 folded before Flop (didn't bet)
Seat 8: Leucetios folded before Flop (didn't bet)



PokerStars Game #19826687735:  Hold'em No Limit ($0.10/$0.25) - 2008/08/23 - 00:47:49 (ET)
Table 'Gawain III' 9-max Seat #5 is the button
Seat 1: ulba0404 ($27.60 in chips) 
Seat 3: Alameda22 ($22.40 in chips) 
Seat 4: enright3060 ($34.55 in chips) 
Seat 5: mmffo ($21.45 in chips) 
Seat 6: Eastratusky ($58.20 in chips) 
Seat 7: royman0785 ($25 in chips) 
Seat 8: Leucetios ($5.60 in chips) 
Eastratusky: posts small blind $0.10
royman0785: posts big blind $0.25
Donkey_Nuts1: sits out 
*** HOLE CARDS ***
Dealt to Alameda22 [Ah 8s]
Leucetios: folds 
ulba0404: folds 
Alameda22: folds 
enright3060: folds 
mmffo: folds 
Eastratusky: folds 
Uncalled bet ($0.15) returned to royman0785
royman0785 collected $0.20 from pot
royman0785: doesn't show hand 
*** SUMMARY ***
Total pot $0.20 | Rake $0 
Seat 1: ulba0404 folded before Flop (didn't bet)
Seat 3: Alameda22 folded before Flop (didn't bet)
Seat 4: enright3060 folded before Flop (didn't bet)
Seat 5: mmffo (button) folded before Flop (didn't bet)
Seat 6: Eastratusky (small blind) folded before Flop
Seat 7: royman0785 (big blind) collected ($0.20)
Seat 8: Leucetios folded before Flop (didn't bet)



PokerStars Game #19826697836:  Hold'em No Limit ($0.10/$0.25) - 2008/08/23 - 00:48:26 (ET)
Table 'Gawain III' 9-max Seat #6 is the button
Seat 1: ulba0404 ($27.60 in chips) 
Seat 3: Alameda22 ($22.40 in chips) 
Seat 4: enright3060 ($34.55 in chips) 
Seat 5: mmffo ($21.45 in chips) 
Seat 6: Eastratusky ($58.10 in chips) 
Seat 7: royman0785 ($25.10 in chips) 
Seat 8: Leucetios ($5.60 in chips) 
royman0785: posts small blind $0.10
Leucetios: posts big blind $0.25
Donkey_Nuts1: sits out 
*** HOLE CARDS ***
Dealt to Alameda22 [9d Ac]
ulba0404: folds 
Alameda22: folds 
enright3060: folds 
mmffo: folds 
Eastratusky: folds 
royman0785: folds 
Uncalled bet ($0.15) returned to Leucetios
Leucetios collected $0.20 from pot
Leucetios: doesn't show hand 
*** SUMMARY ***
Total pot $0.20 | Rake $0 
Seat 1: ulba0404 folded before Flop (didn't bet)
Seat 3: Alameda22 folded before Flop (didn't bet)
Seat 4: enright3060 folded before Flop (didn't bet)
Seat 5: mmffo folded before Flop (didn't bet)
Seat 6: Eastratusky (button) folded before Flop (didn't bet)
Seat 7: royman0785 (small blind) folded before Flop
Seat 8: Leucetios (big blind) collected ($0.20)



PokerStars Game #19826705849:  Hold'em No Limit ($0.10/$0.25) - 2008/08/23 - 00:48:55 (ET)
Table 'Gawain III' 9-max Seat #7 is the button
Seat 1: ulba0404 ($27.60 in chips) 
Seat 3: Alameda22 ($22.40 in chips) 
Seat 4: enright3060 ($34.55 in chips) 
Seat 5: mmffo ($21.45 in chips) 
Seat 6: Eastratusky ($58.10 in chips) 
Seat 7: royman0785 ($25 in chips) 
Seat 8: Leucetios ($5.70 in chips) 
Seat 9: Donkey_Nuts1 ($21 in chips) 
Leucetios: posts small blind $0.10
Donkey_Nuts1: posts big blind $0.25
*** HOLE CARDS ***
Dealt to Alameda22 [Ac Qd]
ulba0404: folds 
Alameda22: raises $0.50 to $0.75
enright3060: folds 
mmffo: raises $0.75 to $1.50
Eastratusky: calls $1.50
royman0785: folds 
Leucetios: folds 
Donkey_Nuts1: folds 
Alameda22: calls $0.75
*** FLOP *** [3c 9c Ad]
Alameda22: bets $3
mmffo: folds 
Eastratusky: folds 
Uncalled bet ($3) returned to Alameda22
Alameda22 collected $4.65 from pot
Alameda22: doesn't show hand 
*** SUMMARY ***
Total pot $4.85 | Rake $0.20 
Board [3c 9c Ad]
Seat 1: ulba0404 folded before Flop (didn't bet)
Seat 3: Alameda22 collected ($4.65)
Seat 4: enright3060 folded before Flop (didn't bet)
Seat 5: mmffo folded on the Flop
Seat 6: Eastratusky folded on the Flop
Seat 7: royman0785 (button) folded before Flop (didn't bet)
Seat 8: Leucetios (small blind) folded before Flop
Seat 9: Donkey_Nuts1 (big blind) folded before Flop



PokerStars Game #19826733446:  Hold'em No Limit ($0.10/$0.25) - 2008/08/23 - 00:50:36 (ET)
Table 'Gawain III' 9-max Seat #8 is the button
Seat 1: ulba0404 ($27.60 in chips) 
Seat 3: Alameda22 ($25.55 in chips) 
Seat 4: enright3060 ($34.55 in chips) 
Seat 5: mmffo ($19.95 in chips) 
Seat 6: Eastratusky ($56.60 in chips) 
Seat 7: royman0785 ($25 in chips) 
Seat 8: Leucetios ($5.60 in chips) 
Seat 9: Donkey_Nuts1 ($20.75 in chips) 
Donkey_Nuts1: posts small blind $0.10
ulba0404: posts big blind $0.25
*** HOLE CARDS ***
Dealt to Alameda22 [7c 8c]
Alameda22: folds 
enright3060: folds 
mmffo: raises $1.75 to $2
Eastratusky: folds 
royman0785: folds 
Leucetios: folds 
Donkey_Nuts1: folds 
ulba0404: folds 
Uncalled bet ($1.75) returned to mmffo
mmffo collected $0.60 from pot
mmffo: doesn't show hand 
*** SUMMARY ***
Total pot $0.60 | Rake $0 
Seat 1: ulba0404 (big blind) folded before Flop
Seat 3: Alameda22 folded before Flop (didn't bet)
Seat 4: enright3060 folded before Flop (didn't bet)
Seat 5: mmffo collected ($0.60)
Seat 6: Eastratusky folded before Flop (didn't bet)
Seat 7: royman0785 folded before Flop (didn't bet)
Seat 8: Leucetios (button) folded before Flop (didn't bet)
Seat 9: Donkey_Nuts1 (small blind) folded before Flop



PokerStars Game #19826741590:  Hold'em No Limit ($0.10/$0.25) - 2008/08/23 - 00:51:06 (ET)
Table 'Gawain III' 9-max Seat #9 is the button
Seat 1: ulba0404 ($27.35 in chips) 
Seat 3: Alameda22 ($25.55 in chips) 
Seat 4: enright3060 ($34.55 in chips) 
Seat 5: mmffo ($20.30 in chips) 
Seat 6: Eastratusky ($56.60 in chips) 
Seat 7: royman0785 ($25 in chips) 
Seat 8: Leucetios ($5.60 in chips) 
Seat 9: Donkey_Nuts1 ($20.65 in chips) 
ulba0404: posts small blind $0.10
Alameda22: posts big blind $0.25
*** HOLE CARDS ***
Dealt to Alameda22 [Jc 9d]
enright3060: folds 
mmffo: folds 
Eastratusky: raises $0.35 to $0.60
royman0785: folds 
Leucetios: folds 
Donkey_Nuts1: folds 
ulba0404: folds 
Alameda22: folds 
Uncalled bet ($0.35) returned to Eastratusky
Eastratusky collected $0.60 from pot
Eastratusky: doesn't show hand 
*** SUMMARY ***
Total pot $0.60 | Rake $0 
Seat 1: ulba0404 (small blind) folded before Flop
Seat 3: Alameda22 (big blind) folded before Flop
Seat 4: enright3060 folded before Flop (didn't bet)
Seat 5: mmffo folded before Flop (didn't bet)
Seat 6: Eastratusky collected ($0.60)
Seat 7: royman0785 folded before Flop (didn't bet)
Seat 8: Leucetios folded before Flop (didn't bet)
Seat 9: Donkey_Nuts1 (button) folded before Flop (didn't bet)



PokerStars Game #19826754324:  Hold'em No Limit ($0.10/$0.25) - 2008/08/23 - 00:51:53 (ET)
Table 'Gawain III' 9-max Seat #1 is the button
Seat 1: ulba0404 ($27.25 in chips) 
Seat 3: Alameda22 ($25.30 in chips) 
Seat 4: enright3060 ($34.55 in chips) 
Seat 5: mmffo ($20.30 in chips) 
Seat 6: Eastratusky ($56.95 in chips) 
Seat 7: royman0785 ($25 in chips) 
Seat 8: Leucetios ($5.60 in chips) 
Seat 9: Donkey_Nuts1 ($20.65 in chips) 
Alameda22: posts small blind $0.10
enright3060: posts big blind $0.25
*** HOLE CARDS ***
Dealt to Alameda22 [Jh 2c]
mmffo: calls $0.25
Eastratusky: folds 
royman0785: folds 
Leucetios: folds 
Donkey_Nuts1: folds 
ulba0404: raises $0.75 to $1
Alameda22: folds 
enright3060: folds 
mmffo: calls $0.75
*** FLOP *** [2d 4h 9s]
mmffo: checks 
ulba0404: bets $1.50
mmffo: calls $1.50
*** TURN *** [2d 4h 9s] [9c]
mmffo: checks 
ulba0404: checks 
*** RIVER *** [2d 4h 9s 9c] [Td]
mmffo: bets $1
ulba0404: folds 
Uncalled bet ($1) returned to mmffo
mmffo collected $5.10 from pot
mmffo: doesn't show hand 
*** SUMMARY ***
Total pot $5.35 | Rake $0.25 
Board [2d 4h 9s 9c Td]
Seat 1: ulba0404 (button) folded on the River
Seat 3: Alameda22 (small blind) folded before Flop
Seat 4: enright3060 (big blind) folded before Flop
Seat 5: mmffo collected ($5.10)
Seat 6: Eastratusky folded before Flop (didn't bet)
Seat 7: royman0785 folded before Flop (didn't bet)
Seat 8: Leucetios folded before Flop (didn't bet)
Seat 9: Donkey_Nuts1 folded before Flop (didn't bet)



PokerStars Game #19826770572:  Hold'em No Limit ($0.10/$0.25) - 2008/08/23 - 00:52:53 (ET)
Table 'Gawain III' 9-max Seat #3 is the button
Seat 1: ulba0404 ($24.75 in chips) 
Seat 3: Alameda22 ($25.20 in chips) 
Seat 4: enright3060 ($34.30 in chips) 
Seat 5: mmffo ($22.90 in chips) 
Seat 6: Eastratusky ($56.95 in chips) 
Seat 7: royman0785 ($25 in chips) 
Seat 8: Leucetios ($5.60 in chips) 
Seat 9: Donkey_Nuts1 ($20.65 in chips) 
enright3060: posts small blind $0.10
mmffo: posts big blind $0.25
*** HOLE CARDS ***
Dealt to Alameda22 [8c 3c]
Eastratusky: folds 
royman0785: folds 
Leucetios: folds 
Donkey_Nuts1: folds 
ulba0404: raises $0.50 to $0.75
Alameda22: folds 
enright3060: folds 
mmffo: folds 
Uncalled bet ($0.50) returned to ulba0404
ulba0404 collected $0.60 from pot
ulba0404: doesn't show hand 
*** SUMMARY ***
Total pot $0.60 | Rake $0 
Seat 1: ulba0404 collected ($0.60)
Seat 3: Alameda22 (button) folded before Flop (didn't bet)
Seat 4: enright3060 (small blind) folded before Flop
Seat 5: mmffo (big blind) folded before Flop
Seat 6: Eastratusky folded before Flop (didn't bet)
Seat 7: royman0785 folded before Flop (didn't bet)
Seat 8: Leucetios folded before Flop (didn't bet)
Seat 9: Donkey_Nuts1 folded before Flop (didn't bet)



PokerStars Game #19826778807:  Hold'em No Limit ($0.10/$0.25) - 2008/08/23 - 00:53:23 (ET)
Table 'Gawain III' 9-max Seat #4 is the button
Seat 1: ulba0404 ($25.10 in chips) 
Seat 3: Alameda22 ($25.20 in chips) 
Seat 4: enright3060 ($34.20 in chips) 
Seat 5: mmffo ($22.65 in chips) 
Seat 6: Eastratusky ($56.95 in chips) 
Seat 7: royman0785 ($25 in chips) 
Seat 8: Leucetios ($5.60 in chips) 
Seat 9: Donkey_Nuts1 ($20.65 in chips) 
mmffo: posts small blind $0.10
Eastratusky: posts big blind $0.25
*** HOLE CARDS ***
Dealt to Alameda22 [5h 3d]
royman0785: folds 
Leucetios: folds 
Donkey_Nuts1: folds 
ulba0404: folds 
Alameda22: folds 
enright3060: calls $0.25
mmffo: folds 
Eastratusky: checks 
*** FLOP *** [2s 7h 9c]
Eastratusky: checks 
enright3060: checks 
*** TURN *** [2s 7h 9c] [9h]
Eastratusky: checks 
enright3060: checks 
*** RIVER *** [2s 7h 9c 9h] [6c]
Eastratusky: checks 
enright3060: checks 
*** SHOW DOWN ***
Eastratusky: shows [Ks 8c] (a pair of Nines)
enright3060: shows [As 3s] (a pair of Nines - Ace kicker)
enright3060 collected $0.60 from pot
*** SUMMARY ***
Total pot $0.60 | Rake $0 
Board [2s 7h 9c 9h 6c]
Seat 1: ulba0404 folded before Flop (didn't bet)
Seat 3: Alameda22 folded before Flop (didn't bet)
Seat 4: enright3060 (button) showed [As 3s] and won ($0.60) with a pair of Nines
Seat 5: mmffo (small blind) folded before Flop
Seat 6: Eastratusky (big blind) showed [Ks 8c] and lost with a pair of Nines
Seat 7: royman0785 folded before Flop (didn't bet)
Seat 8: Leucetios folded before Flop (didn't bet)
Seat 9: Donkey_Nuts1 folded before Flop (didn't bet)



PokerStars Game #19826793198:  Hold'em No Limit ($0.10/$0.25) - 2008/08/23 - 00:54:17 (ET)
Table 'Gawain III' 9-max Seat #5 is the button
Seat 1: ulba0404 ($25.10 in chips) 
Seat 3: Alameda22 ($25.20 in chips) 
Seat 4: enright3060 ($34.55 in chips) 
Seat 5: mmffo ($22.55 in chips) 
Seat 6: Eastratusky ($56.70 in chips) 
Seat 7: royman0785 ($25 in chips) 
Seat 8: Leucetios ($5.60 in chips) 
Seat 9: Donkey_Nuts1 ($20.65 in chips) 
Eastratusky: posts small blind $0.10
royman0785: posts big blind $0.25
*** HOLE CARDS ***
Dealt to Alameda22 [Th 7c]
Leucetios: folds 
Donkey_Nuts1: folds 
ulba0404: folds 
Alameda22: folds 
enright3060: folds 
mmffo: folds 
Eastratusky: raises $0.50 to $0.75
royman0785: folds 
Uncalled bet ($0.50) returned to Eastratusky
Eastratusky collected $0.50 from pot
Eastratusky: doesn't show hand 
*** SUMMARY ***
Total pot $0.50 | Rake $0 
Seat 1: ulba0404 folded before Flop (didn't bet)
Seat 3: Alameda22 folded before Flop (didn't bet)
Seat 4: enright3060 folded before Flop (didn't bet)
Seat 5: mmffo (button) folded before Flop (didn't bet)
Seat 6: Eastratusky (small blind) collected ($0.50)
Seat 7: royman0785 (big blind) folded before Flop
Seat 8: Leucetios folded before Flop (didn't bet)
Seat 9: Donkey_Nuts1 folded before Flop (didn't bet)



PokerStars Game #19826804909:  Hold'em No Limit ($0.10/$0.25) - 2008/08/23 - 00:55:01 (ET)
Table 'Gawain III' 9-max Seat #6 is the button
Seat 1: ulba0404 ($25.10 in chips) 
Seat 3: Alameda22 ($25.20 in chips) 
Seat 4: enright3060 ($34.55 in chips) 
Seat 5: mmffo ($22.55 in chips) 
Seat 6: Eastratusky ($56.95 in chips) 
Seat 7: royman0785 ($24.75 in chips) 
Seat 8: Leucetios ($5.60 in chips) 
Seat 9: Donkey_Nuts1 ($20.65 in chips) 
royman0785: posts small blind $0.10
Leucetios: posts big blind $0.25
*** HOLE CARDS ***
Dealt to Alameda22 [8h 4d]
Donkey_Nuts1: folds 
ulba0404: folds 
Alameda22: folds 
enright3060: folds 
mmffo: calls $0.25
Eastratusky: folds 
royman0785: folds 
Leucetios: checks 
*** FLOP *** [Ah 6d 7h]
Leucetios: checks 
mmffo: checks 
*** TURN *** [Ah 6d 7h] [Ad]
Leucetios: checks 
mmffo: checks 
*** RIVER *** [Ah 6d 7h Ad] [Qh]
Leucetios: checks 
mmffo: checks 
*** SHOW DOWN ***
Leucetios: shows [Js 8d] (a pair of Aces)
mmffo: mucks hand 
Leucetios collected $0.60 from pot
*** SUMMARY ***
Total pot $0.60 | Rake $0 
Board [Ah 6d 7h Ad Qh]
Seat 1: ulba0404 folded before Flop (didn't bet)
Seat 3: Alameda22 folded before Flop (didn't bet)
Seat 4: enright3060 folded before Flop (didn't bet)
Seat 5: mmffo mucked [8c Tc]
Seat 6: Eastratusky (button) folded before Flop (didn't bet)
Seat 7: royman0785 (small blind) folded before Flop
Seat 8: Leucetios (big blind) showed [Js 8d] and won ($0.60) with a pair of Aces
Seat 9: Donkey_Nuts1 folded before Flop (didn't bet)



PokerStars Game #19826817335:  Hold'em No Limit ($0.10/$0.25) - 2008/08/23 - 00:55:48 (ET)
Table 'Gawain III' 9-max Seat #7 is the button
Seat 1: ulba0404 ($25.10 in chips) 
Seat 3: Alameda22 ($25.20 in chips) 
Seat 4: enright3060 ($34.55 in chips) 
Seat 5: mmffo ($22.30 in chips) 
Seat 6: Eastratusky ($56.95 in chips) 
Seat 7: royman0785 ($24.65 in chips) 
Seat 8: Leucetios ($5.95 in chips) 
Seat 9: Donkey_Nuts1 ($20.65 in chips) 
Leucetios: posts small blind $0.10
Donkey_Nuts1: posts big blind $0.25
*** HOLE CARDS ***
Dealt to Alameda22 [Ad 2h]
ulba0404: folds 
Alameda22: folds 
enright3060: calls $0.25
mmffo: folds 
Eastratusky: folds 
royman0785: folds 
script56 has returned
Leucetios: folds 
Donkey_Nuts1: checks 
*** FLOP *** [Jd Kh Jh]
Donkey_Nuts1: checks 
enright3060: bets $0.25
Donkey_Nuts1: folds 
Uncalled bet ($0.25) returned to enright3060
enright3060 collected $0.60 from pot
*** SUMMARY ***
Total pot $0.60 | Rake $0 
Board [Jd Kh Jh]
Seat 1: ulba0404 folded before Flop (didn't bet)
Seat 3: Alameda22 folded before Flop (didn't bet)
Seat 4: enright3060 collected ($0.60)
Seat 5: mmffo folded before Flop (didn't bet)
Seat 6: Eastratusky folded before Flop (didn't bet)
Seat 7: royman0785 (button) folded before Flop (didn't bet)
Seat 8: Leucetios (small blind) folded before Flop
Seat 9: Donkey_Nuts1 (big blind) folded on the Flop



PokerStars Game #19826830073:  Hold'em No Limit ($0.10/$0.25) - 2008/08/23 - 00:56:35 (ET)
Table 'Gawain III' 9-max Seat #8 is the button
Seat 1: ulba0404 ($25.10 in chips) 
Seat 2: script56 ($33.70 in chips) 
Seat 3: Alameda22 ($25.20 in chips) 
Seat 4: enright3060 ($34.90 in chips) 
Seat 5: mmffo ($22.30 in chips) 
Seat 6: Eastratusky ($56.95 in chips) 
Seat 7: royman0785 ($24.65 in chips) 
Seat 8: Leucetios ($5.85 in chips) 
Seat 9: Donkey_Nuts1 ($20.40 in chips) 
Donkey_Nuts1: posts small blind $0.10
ulba0404: posts big blind $0.25
script56: posts small & big blinds $0.35
*** HOLE CARDS ***
Dealt to Alameda22 [8d 3c]
script56: checks 
Alameda22: folds 
enright3060: folds 
mmffo: folds 
Eastratusky: folds 
royman0785: folds 
Leucetios: folds 
Donkey_Nuts1: folds 
ulba0404: checks 
*** FLOP *** [9h Jd 2d]
ulba0404: checks 
script56: checks 
*** TURN *** [9h Jd 2d] [Qh]
ulba0404: checks 
script56: checks 
*** RIVER *** [9h Jd 2d Qh] [8h]
ulba0404: checks 
script56: checks 
*** SHOW DOWN ***
ulba0404: shows [7c Ah] (high card Ace)
script56: shows [4h 8c] (a pair of Eights)
script56 collected $0.70 from pot
*** SUMMARY ***
Total pot $0.70 | Rake $0 
Board [9h Jd 2d Qh 8h]
Seat 1: ulba0404 (big blind) showed [7c Ah] and lost with high card Ace
Seat 2: script56 showed [4h 8c] and won ($0.70) with a pair of Eights
Seat 3: Alameda22 folded before Flop (didn't bet)
Seat 4: enright3060 folded before Flop (didn't bet)
Seat 5: mmffo folded before Flop (didn't bet)
Seat 6: Eastratusky folded before Flop (didn't bet)
Seat 7: royman0785 folded before Flop (didn't bet)
Seat 8: Leucetios (button) folded before Flop (didn't bet)
Seat 9: Donkey_Nuts1 (small blind) folded before Flop



PokerStars Game #19826846160:  Hold'em No Limit ($0.10/$0.25) - 2008/08/23 - 00:57:36 (ET)
Table 'Gawain III' 9-max Seat #9 is the button
Seat 1: ulba0404 ($24.85 in chips) 
Seat 2: script56 ($34.05 in chips) 
Seat 3: Alameda22 ($25.20 in chips) 
Seat 4: enright3060 ($34.90 in chips) 
Seat 5: mmffo ($22.30 in chips) 
Seat 6: Eastratusky ($56.95 in chips) 
Seat 7: royman0785 ($24.65 in chips) 
Seat 8: Leucetios ($5.85 in chips) 
Seat 9: Donkey_Nuts1 ($20.30 in chips) 
ulba0404: posts small blind $0.10
script56: posts big blind $0.25
*** HOLE CARDS ***
Dealt to Alameda22 [Ks 2c]
Alameda22: folds 
enright3060: folds 
mmffo: folds 
Eastratusky: raises $0.35 to $0.60
royman0785: folds 
Leucetios: raises $1.40 to $2
Donkey_Nuts1: folds 
ulba0404: folds 
script56: folds 
Eastratusky: folds 
Uncalled bet ($1.40) returned to Leucetios
Leucetios collected $1.55 from pot
Leucetios: doesn't show hand 
*** SUMMARY ***
Total pot $1.55 | Rake $0 
Seat 1: ulba0404 (small blind) folded before Flop
Seat 2: script56 (big blind) folded before Flop
Seat 3: Alameda22 folded before Flop (didn't bet)
Seat 4: enright3060 folded before Flop (didn't bet)
Seat 5: mmffo folded before Flop (didn't bet)
Seat 6: Eastratusky folded before Flop
Seat 7: royman0785 folded before Flop (didn't bet)
Seat 8: Leucetios collected ($1.55)
Seat 9: Donkey_Nuts1 (button) folded before Flop (didn't bet)



PokerStars Game #19826860075:  Hold'em No Limit ($0.10/$0.25) - 2008/08/23 - 00:58:28 (ET)
Table 'Gawain III' 9-max Seat #1 is the button
Seat 1: ulba0404 ($24.75 in chips) 
Seat 2: script56 ($33.80 in chips) 
Seat 3: Alameda22 ($25.20 in chips) 
Seat 4: enright3060 ($34.90 in chips) 
Seat 5: mmffo ($22.30 in chips) 
Seat 6: Eastratusky ($56.35 in chips) 
Seat 7: royman0785 ($24.65 in chips) 
Seat 8: Leucetios ($6.80 in chips) 
Seat 9: Donkey_Nuts1 ($20.30 in chips) 
script56: posts small blind $0.10
Alameda22: posts big blind $0.25
*** HOLE CARDS ***
Dealt to Alameda22 [Ah 2s]
enright3060: folds 
mmffo: folds 
Eastratusky: folds 
royman0785: raises $0.75 to $1
Leucetios: folds 
Donkey_Nuts1: folds 
ulba0404: folds 
script56: folds 
Alameda22: folds 
Uncalled bet ($0.75) returned to royman0785
royman0785 collected $0.60 from pot
royman0785: doesn't show hand 
*** SUMMARY ***
Total pot $0.60 | Rake $0 
Seat 1: ulba0404 (button) folded before Flop (didn't bet)
Seat 2: script56 (small blind) folded before Flop
Seat 3: Alameda22 (big blind) folded before Flop
Seat 4: enright3060 folded before Flop (didn't bet)
Seat 5: mmffo folded before Flop (didn't bet)
Seat 6: Eastratusky folded before Flop (didn't bet)
Seat 7: royman0785 collected ($0.60)
Seat 8: Leucetios folded before Flop (didn't bet)
Seat 9: Donkey_Nuts1 folded before Flop (didn't bet)



PokerStars Game #19826870788:  Hold'em No Limit ($0.10/$0.25) - 2008/08/23 - 00:59:09 (ET)
Table 'Gawain III' 9-max Seat #2 is the button
Seat 1: ulba0404 ($24.75 in chips) 
Seat 2: script56 ($33.70 in chips) 
Seat 3: Alameda22 ($24.95 in chips) 
Seat 4: enright3060 ($34.90 in chips) 
Seat 5: mmffo ($22.30 in chips) 
Seat 6: Eastratusky ($56.35 in chips) 
Seat 7: royman0785 ($25 in chips) 
Seat 8: Leucetios ($6.80 in chips) 
Seat 9: Donkey_Nuts1 ($20.30 in chips) 
Alameda22: posts small blind $0.10
enright3060: posts big blind $0.25
*** HOLE CARDS ***
Dealt to Alameda22 [9c 7c]
mmffo: raises $1 to $1.25
Eastratusky: calls $1.25
royman0785: folds 
Leucetios: folds 
Donkey_Nuts1: folds 
ulba0404: folds 
script56: folds 
Alameda22: folds 
enright3060: calls $1
*** FLOP *** [6h 3h Ac]
enright3060: checks 
mmffo: checks 
Eastratusky: checks 
*** TURN *** [6h 3h Ac] [6s]
enright3060: checks 
mmffo: bets $2.25
Eastratusky: folds 
enright3060: folds 
Uncalled bet ($2.25) returned to mmffo
mmffo collected $3.70 from pot
mmffo: doesn't show hand 
Eastratusky said, "QQ good"
*** SUMMARY ***
Total pot $3.85 | Rake $0.15 
Board [6h 3h Ac 6s]
Seat 1: ulba0404 folded before Flop (didn't bet)
Seat 2: script56 (button) folded before Flop (didn't bet)
Seat 3: Alameda22 (small blind) folded before Flop
Seat 4: enright3060 (big blind) folded on the Turn
Seat 5: mmffo collected ($3.70)
Seat 6: Eastratusky folded on the Turn
Seat 7: royman0785 folded before Flop (didn't bet)
Seat 8: Leucetios folded before Flop (didn't bet)
Seat 9: Donkey_Nuts1 folded before Flop (didn't bet)



PokerStars Game #19826887633:  Hold'em No Limit ($0.10/$0.25) - 2008/08/23 - 01:00:13 (ET)
Table 'Gawain III' 9-max Seat #3 is the button
Seat 1: ulba0404 ($24.75 in chips) 
Seat 2: script56 ($33.70 in chips) 
Seat 3: Alameda22 ($24.85 in chips) 
Seat 4: enright3060 ($33.65 in chips) 
Seat 5: mmffo ($24.75 in chips) 
Seat 6: Eastratusky ($55.10 in chips) 
Seat 7: royman0785 ($25 in chips) 
Seat 8: Leucetios ($6.80 in chips) 
Seat 9: Donkey_Nuts1 ($20.30 in chips) 
enright3060: posts small blind $0.10
mmffo: posts big blind $0.25
*** HOLE CARDS ***
Dealt to Alameda22 [9d As]
Eastratusky: folds 
royman0785: folds 
Leucetios: folds 
Donkey_Nuts1: folds 
ulba0404: raises $0.50 to $0.75
script56: calls $0.75
Alameda22: folds 
enright3060: folds 
mmffo: folds 
*** FLOP *** [2h Kh Th]
ulba0404: bets $1
script56: calls $1
*** TURN *** [2h Kh Th] [9s]
ulba0404: bets $3.50
script56: calls $3.50
*** RIVER *** [2h Kh Th 9s] [9c]
ulba0404: bets $7
script56: calls $7
*** SHOW DOWN ***
ulba0404: shows [Js Qs] (a straight, Nine to King)
script56: mucks hand 
ulba0404 collected $23.65 from pot
*** SUMMARY ***
Total pot $24.85 | Rake $1.20 
Board [2h Kh Th 9s 9c]
Seat 1: ulba0404 showed [Js Qs] and won ($23.65) with a straight, Nine to King
Seat 2: script56 mucked [Qc Kd]
Seat 3: Alameda22 (button) folded before Flop (didn't bet)
Seat 4: enright3060 (small blind) folded before Flop
Seat 5: mmffo (big blind) folded before Flop
Seat 6: Eastratusky folded before Flop (didn't bet)
Seat 7: royman0785 folded before Flop (didn't bet)
Seat 8: Leucetios folded before Flop (didn't bet)
Seat 9: Donkey_Nuts1 folded before Flop (didn't bet)



PokerStars Game #19826907627:  Hold'em No Limit ($0.10/$0.25) - 2008/08/23 - 01:01:28 (ET)
Table 'Gawain III' 9-max Seat #4 is the button
Seat 1: ulba0404 ($36.15 in chips) 
Seat 2: script56 ($21.45 in chips) 
Seat 3: Alameda22 ($24.85 in chips) 
Seat 4: enright3060 ($33.55 in chips) 
Seat 5: mmffo ($24.50 in chips) 
Seat 6: Eastratusky ($55.10 in chips) 
Seat 7: royman0785 ($25 in chips) 
Seat 8: Leucetios ($6.80 in chips) 
Seat 9: Donkey_Nuts1 ($20.30 in chips) 
mmffo: posts small blind $0.10
Eastratusky: posts big blind $0.25
*** HOLE CARDS ***
Dealt to Alameda22 [9c 3d]
royman0785: folds 
Leucetios: folds 
Donkey_Nuts1: folds 
ulba0404: folds 
script56: calls $0.25
Alameda22: folds 
enright3060: folds 
mmffo: raises $1 to $1.25
Eastratusky: folds 
script56: calls $1
*** FLOP *** [8d 6c 4s]
mmffo: bets $3
script56: calls $3
*** TURN *** [8d 6c 4s] [Kc]
mmffo: checks 
script56: checks 
*** RIVER *** [8d 6c 4s Kc] [5d]
mmffo: checks 
script56: bets $17.20 and is all-in
mmffo said, "QQ cant call"
mmffo: folds 
Uncalled bet ($17.20) returned to script56
script56 collected $8.35 from pot
script56: doesn't show hand 
*** SUMMARY ***
Total pot $8.75 | Rake $0.40 
Board [8d 6c 4s Kc 5d]
Seat 1: ulba0404 folded before Flop (didn't bet)
Seat 2: script56 collected ($8.35)
Seat 3: Alameda22 folded before Flop (didn't bet)
Seat 4: enright3060 (button) folded before Flop (didn't bet)
Seat 5: mmffo (small blind) folded on the River
Seat 6: Eastratusky (big blind) folded before Flop
Seat 7: royman0785 folded before Flop (didn't bet)
Seat 8: Leucetios folded before Flop (didn't bet)
Seat 9: Donkey_Nuts1 folded before Flop (didn't bet)



PokerStars Game #19826935182:  Hold'em No Limit ($0.10/$0.25) - 2008/08/23 - 01:03:13 (ET)
Table 'Gawain III' 9-max Seat #5 is the button
Seat 1: ulba0404 ($36.15 in chips) 
Seat 2: script56 ($25.55 in chips) 
Seat 3: Alameda22 ($24.85 in chips) 
Seat 4: enright3060 ($33.55 in chips) 
Seat 5: mmffo ($20.25 in chips) 
Seat 6: Eastratusky ($54.85 in chips) 
Seat 7: royman0785 ($25 in chips) 
Seat 8: Leucetios ($6.80 in chips) 
Seat 9: Donkey_Nuts1 ($20.30 in chips) 
Eastratusky: posts small blind $0.10
royman0785: posts big blind $0.25
*** HOLE CARDS ***
Dealt to Alameda22 [2s 3s]
Leucetios: folds 
Donkey_Nuts1: folds 
ulba0404: folds 
script56 said, "24dd"
script56: folds 
Alameda22: folds 
enright3060: folds 
mmffo: folds 
Eastratusky: folds 
Uncalled bet ($0.15) returned to royman0785
royman0785 collected $0.20 from pot
royman0785: doesn't show hand 
*** SUMMARY ***
Total pot $0.20 | Rake $0 
Seat 1: ulba0404 folded before Flop (didn't bet)
Seat 2: script56 folded before Flop (didn't bet)
Seat 3: Alameda22 folded before Flop (didn't bet)
Seat 4: enright3060 folded before Flop (didn't bet)
Seat 5: mmffo (button) folded before Flop (didn't bet)
Seat 6: Eastratusky (small blind) folded before Flop
Seat 7: royman0785 (big blind) collected ($0.20)
Seat 8: Leucetios folded before Flop (didn't bet)
Seat 9: Donkey_Nuts1 folded before Flop (didn't bet)



PokerStars Game #19826945409:  Hold'em No Limit ($0.10/$0.25) - 2008/08/23 - 01:03:51 (ET)
Table 'Gawain III' 9-max Seat #6 is the button
Seat 1: ulba0404 ($36.15 in chips) 
Seat 2: script56 ($25.55 in chips) 
Seat 3: Alameda22 ($24.85 in chips) 
Seat 4: enright3060 ($33.55 in chips) 
Seat 5: mmffo ($20.25 in chips) 
Seat 6: Eastratusky ($54.75 in chips) 
Seat 7: royman0785 ($25.10 in chips) 
Seat 9: Donkey_Nuts1 ($20.30 in chips) 
royman0785: posts small blind $0.10
Leucetios: is sitting out 
mmffo said, "sure"
Donkey_Nuts1: posts big blind $0.25
*** HOLE CARDS ***
Dealt to Alameda22 [8h Ts]
Leucetios leaves the table
ulba0404: folds 
script56: calls $0.25
omar_braves joins the table at seat #8 
script56 said, "ok"
Alameda22: folds 
enright3060: folds 
mmffo: calls $0.25
Eastratusky: folds 
royman0785: folds 
Donkey_Nuts1: checks 
*** FLOP *** [6d 9d 3s]
Donkey_Nuts1: checks 
script56: checks 
mmffo: checks 
*** TURN *** [6d 9d 3s] [4d]
Donkey_Nuts1: bets $0.50
script56: calls $0.50
mmffo: folds 
*** RIVER *** [6d 9d 3s 4d] [4s]
Donkey_Nuts1: bets $2
script56: raises $22.80 to $24.80 and is all-in
Donkey_Nuts1: calls $17.55 and is all-in
Uncalled bet ($5.25) returned to script56
*** SHOW DOWN ***
script56: shows [Jd 7d] (a flush, Jack high)
Donkey_Nuts1: shows [4h 9s] (a full house, Fours full of Nines)
Donkey_Nuts1 collected $38.95 from pot
*** SUMMARY ***
Total pot $40.95 | Rake $2 
Board [6d 9d 3s 4d 4s]
Seat 1: ulba0404 folded before Flop (didn't bet)
Seat 2: script56 showed [Jd 7d] and lost with a flush, Jack high
Seat 3: Alameda22 folded before Flop (didn't bet)
Seat 4: enright3060 folded before Flop (didn't bet)
Seat 5: mmffo folded on the Turn
Seat 6: Eastratusky (button) folded before Flop (didn't bet)
Seat 7: royman0785 (small blind) folded before Flop
Seat 9: Donkey_Nuts1 (big blind) showed [4h 9s] and won ($38.95) with a full house, Fours full of Nines



PokerStars Game #19826962829:  Hold'em No Limit ($0.10/$0.25) - 2008/08/23 - 01:04:56 (ET)
Table 'Gawain III' 9-max Seat #7 is the button
Seat 1: ulba0404 ($36.15 in chips) 
Seat 2: script56 ($5.25 in chips) 
Seat 3: Alameda22 ($24.85 in chips) 
Seat 4: enright3060 ($33.55 in chips) 
Seat 5: mmffo ($20 in chips) 
Seat 6: Eastratusky ($54.75 in chips) 
Seat 7: royman0785 ($25 in chips) 
Seat 9: Donkey_Nuts1 ($38.95 in chips) 
omar_braves will be allowed to play after the button
Donkey_Nuts1: posts small blind $0.10
ulba0404: posts big blind $0.25
*** HOLE CARDS ***
Dealt to Alameda22 [3h 3c]
script56: raises $5 to $5.25 and is all-in
Alameda22: folds 
enright3060: folds 
mmffo: folds 
Eastratusky: folds 
royman0785: folds 
Donkey_Nuts1: folds 
ulba0404: folds 
Uncalled bet ($5) returned to script56
script56 collected $0.60 from pot
script56: doesn't show hand 
*** SUMMARY ***
Total pot $0.60 | Rake $0 
Seat 1: ulba0404 (big blind) folded before Flop
Seat 2: script56 collected ($0.60)
Seat 3: Alameda22 folded before Flop (didn't bet)
Seat 4: enright3060 folded before Flop (didn't bet)
Seat 5: mmffo folded before Flop (didn't bet)
Seat 6: Eastratusky folded before Flop (didn't bet)
Seat 7: royman0785 (button) folded before Flop (didn't bet)
Seat 9: Donkey_Nuts1 (small blind) folded before Flop



PokerStars Game #19826970639:  Hold'em No Limit ($0.10/$0.25) - 2008/08/23 - 01:05:25 (ET)
Table 'Gawain III' 9-max Seat #9 is the button
Seat 1: ulba0404 ($35.90 in chips) 
Seat 2: script56 ($5.60 in chips) 
Seat 3: Alameda22 ($24.85 in chips) 
Seat 4: enright3060 ($33.55 in chips) 
Seat 5: mmffo ($20 in chips) 
Seat 6: Eastratusky ($54.75 in chips) 
Seat 7: royman0785 ($25 in chips) 
Seat 8: omar_braves ($25 in chips) 
Seat 9: Donkey_Nuts1 ($38.85 in chips) 
ulba0404: posts small blind $0.10
script56: posts big blind $0.25
omar_braves: posts big blind $0.25
*** HOLE CARDS ***
Dealt to Alameda22 [6c 3d]
Alameda22: folds 
enright3060: folds 
mmffo: folds 
Eastratusky: folds 
royman0785: folds 
omar_braves: checks 
Donkey_Nuts1: folds 
ulba0404: calls $0.15
script56: checks 
*** FLOP *** [2h Js 9d]
ulba0404: bets $0.75
script56: calls $0.75
omar_braves: folds 
*** TURN *** [2h Js 9d] [Kc]
ulba0404: checks 
script56: checks 
*** RIVER *** [2h Js 9d Kc] [8c]
ulba0404: checks 
script56: checks 
*** SHOW DOWN ***
ulba0404: shows [Tc 9c] (a pair of Nines)
script56: mucks hand 
ulba0404 collected $2.15 from pot
*** SUMMARY ***
Total pot $2.25 | Rake $0.10 
Board [2h Js 9d Kc 8c]
Seat 1: ulba0404 (small blind) showed [Tc 9c] and won ($2.15) with a pair of Nines
Seat 2: script56 (big blind) mucked [2c 6h]
Seat 3: Alameda22 folded before Flop (didn't bet)
Seat 4: enright3060 folded before Flop (didn't bet)
Seat 5: mmffo folded before Flop (didn't bet)
Seat 6: Eastratusky folded before Flop (didn't bet)
Seat 7: royman0785 folded before Flop (didn't bet)
Seat 8: omar_braves folded on the Flop
Seat 9: Donkey_Nuts1 (button) folded before Flop (didn't bet)



PokerStars Game #19826985608:  Hold'em No Limit ($0.10/$0.25) - 2008/08/23 - 01:06:22 (ET)
Table 'Gawain III' 9-max Seat #1 is the button
Seat 1: ulba0404 ($37.05 in chips) 
Seat 2: script56 ($4.60 in chips) 
Seat 3: Alameda22 ($24.85 in chips) 
Seat 4: enright3060 ($33.55 in chips) 
Seat 5: mmffo ($20 in chips) 
Seat 6: Eastratusky ($54.75 in chips) 
Seat 7: royman0785 ($25 in chips) 
Seat 8: omar_braves ($24.75 in chips) 
Seat 9: Donkey_Nuts1 ($38.85 in chips) 
script56: posts small blind $0.10
Alameda22: posts big blind $0.25
*** HOLE CARDS ***
Dealt to Alameda22 [9h 3h]
enright3060: folds 
mmffo: folds 
Eastratusky: folds 
royman0785: folds 
omar_braves: folds 
Donkey_Nuts1: folds 
ulba0404: folds 
script56: raises $4.35 to $4.60 and is all-in
Alameda22: folds 
Uncalled bet ($4.35) returned to script56
script56 collected $0.50 from pot
script56: doesn't show hand 
*** SUMMARY ***
Total pot $0.50 | Rake $0 
Seat 1: ulba0404 (button) folded before Flop (didn't bet)
Seat 2: script56 (small blind) collected ($0.50)
Seat 3: Alameda22 (big blind) folded before Flop
Seat 4: enright3060 folded before Flop (didn't bet)
Seat 5: mmffo folded before Flop (didn't bet)
Seat 6: Eastratusky folded before Flop (didn't bet)
Seat 7: royman0785 folded before Flop (didn't bet)
Seat 8: omar_braves folded before Flop (didn't bet)
Seat 9: Donkey_Nuts1 folded before Flop (didn't bet)



PokerStars Game #19826994229:  Hold'em No Limit ($0.10/$0.25) - 2008/08/23 - 01:06:55 (ET)
Table 'Gawain III' 9-max Seat #2 is the button
Seat 1: ulba0404 ($37.05 in chips) 
Seat 2: script56 ($4.85 in chips) 
Seat 3: Alameda22 ($24.60 in chips) 
Seat 4: enright3060 ($33.55 in chips) 
Seat 5: mmffo ($20 in chips) 
Seat 6: Eastratusky ($54.75 in chips) 
Seat 7: royman0785 ($25 in chips) 
Seat 8: omar_braves ($24.75 in chips) 
Seat 9: Donkey_Nuts1 ($38.85 in chips) 
Alameda22: posts small blind $0.10
enright3060: posts big blind $0.25
*** HOLE CARDS ***
Dealt to Alameda22 [2d 7s]
mmffo: folds 
Eastratusky: raises $0.35 to $0.60
royman0785: folds 
omar_braves: folds 
Donkey_Nuts1: folds 
ulba0404: folds 
script56: raises $4.25 to $4.85 and is all-in
Alameda22: folds 
enright3060: folds 
Eastratusky: folds 
Uncalled bet ($4.25) returned to script56
script56 collected $1.55 from pot
script56: doesn't show hand 
*** SUMMARY ***
Total pot $1.55 | Rake $0 
Seat 1: ulba0404 folded before Flop (didn't bet)
Seat 2: script56 (button) collected ($1.55)
Seat 3: Alameda22 (small blind) folded before Flop
Seat 4: enright3060 (big blind) folded before Flop
Seat 5: mmffo folded before Flop (didn't bet)
Seat 6: Eastratusky folded before Flop
Seat 7: royman0785 folded before Flop (didn't bet)
Seat 8: omar_braves folded before Flop (didn't bet)
Seat 9: Donkey_Nuts1 folded before Flop (didn't bet)



PokerStars Game #19827005694:  Hold'em No Limit ($0.10/$0.25) - 2008/08/23 - 01:07:38 (ET)
Table 'Gawain III' 9-max Seat #3 is the button
Seat 1: ulba0404 ($37.05 in chips) 
Seat 2: script56 ($5.80 in chips) 
Seat 3: Alameda22 ($24.50 in chips) 
Seat 4: enright3060 ($33.30 in chips) 
Seat 5: mmffo ($20 in chips) 
Seat 6: Eastratusky ($54.15 in chips) 
Seat 7: royman0785 ($25 in chips) 
Seat 8: omar_braves ($24.75 in chips) 
Seat 9: Donkey_Nuts1 ($38.85 in chips) 
enright3060: posts small blind $0.10
mmffo: posts big blind $0.25
*** HOLE CARDS ***
Dealt to Alameda22 [Qs 9d]
Eastratusky: folds 
royman0785: folds 
omar_braves: folds 
Donkey_Nuts1: folds 
ulba0404: folds 
script56: raises $5.55 to $5.80 and is all-in
Alameda22: folds 
enright3060: folds 
mmffo: folds 
Uncalled bet ($5.55) returned to script56
script56 collected $0.60 from pot
script56: doesn't show hand 
Eastratusky leaves the table
*** SUMMARY ***
Total pot $0.60 | Rake $0 
Seat 1: ulba0404 folded before Flop (didn't bet)
Seat 2: script56 collected ($0.60)
Seat 3: Alameda22 (button) folded before Flop (didn't bet)
Seat 4: enright3060 (small blind) folded before Flop
Seat 5: mmffo (big blind) folded before Flop
Seat 6: Eastratusky folded before Flop (didn't bet)
Seat 7: royman0785 folded before Flop (didn't bet)
Seat 8: omar_braves folded before Flop (didn't bet)
Seat 9: Donkey_Nuts1 folded before Flop (didn't bet)



PokerStars Game #19827014426:  Hold'em No Limit ($0.10/$0.25) - 2008/08/23 - 01:08:12 (ET)
Table 'Gawain III' 9-max Seat #4 is the button
Seat 1: ulba0404 ($37.05 in chips) 
Seat 2: script56 ($6.15 in chips) 
Seat 3: Alameda22 ($24.50 in chips) 
Seat 4: enright3060 ($33.20 in chips) 
Seat 5: mmffo ($19.75 in chips) 
Seat 7: royman0785 ($25 in chips) 
Seat 8: omar_braves ($24.75 in chips) 
Seat 9: Donkey_Nuts1 ($38.85 in chips) 
mmffo: posts small blind $0.10
royman0785: posts big blind $0.25
*** HOLE CARDS ***
Dealt to Alameda22 [2h 2c]
omar_braves: folds 
Donkey_Nuts1: folds 
ulba0404: folds 
script56: calls $0.25
Alameda22: folds 
enright3060: calls $0.25
mmffo: folds 
royman0785: checks 
*** FLOP *** [4s Qh 4c]
royman0785: checks 
script56: checks 
enright3060: bets $0.75
royman0785: folds 
script56: raises $5.15 to $5.90 and is all-in
enright3060: calls $5.15
*** TURN *** [4s Qh 4c] [8s]
*** RIVER *** [4s Qh 4c 8s] [8c]
*** SHOW DOWN ***
script56: shows [2s 4h] (a full house, Fours full of Eights)
enright3060: mucks hand 
script56 collected $12.05 from pot
*** SUMMARY ***
Total pot $12.65 | Rake $0.60 
Board [4s Qh 4c 8s 8c]
Seat 1: ulba0404 folded before Flop (didn't bet)
Seat 2: script56 showed [2s 4h] and won ($12.05) with a full house, Fours full of Eights
Seat 3: Alameda22 folded before Flop (didn't bet)
Seat 4: enright3060 (button) mucked [As Qd]
Seat 5: mmffo (small blind) folded before Flop
Seat 7: royman0785 (big blind) folded on the Flop
Seat 8: omar_braves folded before Flop (didn't bet)
Seat 9: Donkey_Nuts1 folded before Flop (didn't bet)



PokerStars Game #19827033082:  Hold'em No Limit ($0.10/$0.25) - 2008/08/23 - 01:09:24 (ET)
Table 'Gawain III' 9-max Seat #5 is the button
Seat 1: ulba0404 ($37.05 in chips) 
Seat 2: script56 ($12.05 in chips) 
Seat 3: Alameda22 ($24.50 in chips) 
Seat 4: enright3060 ($27.05 in chips) 
Seat 5: mmffo ($19.65 in chips) 
Seat 7: royman0785 ($24.75 in chips) 
Seat 8: omar_braves ($24.75 in chips) 
Seat 9: Donkey_Nuts1 ($38.85 in chips) 
royman0785: posts small blind $0.10
omar_braves: posts big blind $0.25
*** HOLE CARDS ***
Dealt to Alameda22 [5c Jc]
Donkey_Nuts1: folds 
ulba0404: folds 
script56: folds 
Alameda22: folds 
enright3060: folds 
mmffo: folds 
royman0785: folds 
Uncalled bet ($0.15) returned to omar_braves
omar_braves collected $0.20 from pot
*** SUMMARY ***
Total pot $0.20 | Rake $0 
Seat 1: ulba0404 folded before Flop (didn't bet)
Seat 2: script56 folded before Flop (didn't bet)
Seat 3: Alameda22 folded before Flop (didn't bet)
Seat 4: enright3060 folded before Flop (didn't bet)
Seat 5: mmffo (button) folded before Flop (didn't bet)
Seat 7: royman0785 (small blind) folded before Flop
Seat 8: omar_braves (big blind) collected ($0.20)
Seat 9: Donkey_Nuts1 folded before Flop (didn't bet)



PokerStars Game #19827039547:  Hold'em No Limit ($0.10/$0.25) - 2008/08/23 - 01:09:49 (ET)
Table 'Gawain III' 9-max Seat #7 is the button
Seat 1: ulba0404 ($37.05 in chips) 
Seat 2: script56 ($12.05 in chips) 
Seat 3: Alameda22 ($24.50 in chips) 
Seat 4: enright3060 ($27.05 in chips) 
Seat 5: mmffo ($19.65 in chips) 
Seat 7: royman0785 ($24.65 in chips) 
Seat 8: omar_braves ($24.85 in chips) 
Seat 9: Donkey_Nuts1 ($38.85 in chips) 
omar_braves: posts small blind $0.10
Donkey_Nuts1: posts big blind $0.25
*** HOLE CARDS ***
Dealt to Alameda22 [Td Jh]
ulba0404: folds 
script56: calls $0.25
Alameda22: folds 
enright3060: calls $0.25
mmffo: folds 
royman0785: folds 
omar_braves: folds 
Donkey_Nuts1: checks 
*** FLOP *** [7c Kh 2d]
Petersen23 joins the table at seat #6 
Donkey_Nuts1: checks 
script56: checks 
enright3060: checks 
*** TURN *** [7c Kh 2d] [Th]
Donkey_Nuts1: checks 
script56: checks 
enright3060: checks 
*** RIVER *** [7c Kh 2d Th] [3d]
Donkey_Nuts1: checks 
script56: checks 
enright3060: checks 
*** SHOW DOWN ***
Donkey_Nuts1: shows [7d Ah] (a pair of Sevens)
script56: mucks hand 
enright3060: mucks hand 
Donkey_Nuts1 collected $0.85 from pot
*** SUMMARY ***
Total pot $0.85 | Rake $0 
Board [7c Kh 2d Th 3d]
Seat 1: ulba0404 folded before Flop (didn't bet)
Seat 2: script56 mucked [Jd Qh]
Seat 3: Alameda22 folded before Flop (didn't bet)
Seat 4: enright3060 mucked [5s 5d]
Seat 5: mmffo folded before Flop (didn't bet)
Seat 7: royman0785 (button) folded before Flop (didn't bet)
Seat 8: omar_braves (small blind) folded before Flop
Seat 9: Donkey_Nuts1 (big blind) showed [7d Ah] and won ($0.85) with a pair of Sevens



PokerStars Game #19827052429:  Hold'em No Limit ($0.10/$0.25) - 2008/08/23 - 01:10:40 (ET)
Table 'Gawain III' 9-max Seat #8 is the button
Seat 1: ulba0404 ($37.05 in chips) 
Seat 2: script56 ($11.80 in chips) 
Seat 3: Alameda22 ($24.50 in chips) 
Seat 4: enright3060 ($26.80 in chips) 
Seat 5: mmffo ($19.65 in chips) 
Seat 6: Petersen23 ($15 in chips) 
Seat 7: royman0785 ($24.65 in chips) 
Seat 8: omar_braves ($24.75 in chips) 
Seat 9: Donkey_Nuts1 ($39.45 in chips) 
Donkey_Nuts1: posts small blind $0.10
ulba0404: posts big blind $0.25
Petersen23: posts big blind $0.25
*** HOLE CARDS ***
Dealt to Alameda22 [Ks Ah]
script56: folds 
Alameda22: raises $0.50 to $0.75
enright3060: folds 
mmffo: folds 
Petersen23: calls $0.50
royman0785: folds 
omar_braves: folds 
Donkey_Nuts1: folds 
ulba0404: folds 
*** FLOP *** [4d Td 8c]
Alameda22: bets $1.25
Petersen23: folds 
Uncalled bet ($1.25) returned to Alameda22
Alameda22 collected $1.80 from pot
Alameda22: doesn't show hand 
*** SUMMARY ***
Total pot $1.85 | Rake $0.05 
Board [4d Td 8c]
Seat 1: ulba0404 (big blind) folded before Flop
Seat 2: script56 folded before Flop (didn't bet)
Seat 3: Alameda22 collected ($1.80)
Seat 4: enright3060 folded before Flop (didn't bet)
Seat 5: mmffo folded before Flop (didn't bet)
Seat 6: Petersen23 folded on the Flop
Seat 7: royman0785 folded before Flop (didn't bet)
Seat 8: omar_braves (button) folded before Flop (didn't bet)
Seat 9: Donkey_Nuts1 (small blind) folded before Flop



PokerStars Game #19827065375:  Hold'em No Limit ($0.10/$0.25) - 2008/08/23 - 01:11:31 (ET)
Table 'Gawain III' 9-max Seat #9 is the button
Seat 1: ulba0404 ($36.80 in chips) 
Seat 2: script56 ($11.80 in chips) 
Seat 3: Alameda22 ($25.55 in chips) 
Seat 4: enright3060 ($26.80 in chips) 
Seat 5: mmffo ($19.65 in chips) 
Seat 6: Petersen23 ($14.25 in chips) 
Seat 7: royman0785 ($24.65 in chips) 
Seat 8: omar_braves ($24.75 in chips) 
Seat 9: Donkey_Nuts1 ($39.35 in chips) 
ulba0404: posts small blind $0.10
script56: posts big blind $0.25
*** HOLE CARDS ***
Dealt to Alameda22 [2d 6h]
Alameda22: folds 
enright3060: folds 
mmffo: calls $0.25
Petersen23: calls $0.25
royman0785: folds 
omar_braves has timed out
omar_braves: folds 
omar_braves is sitting out
Donkey_Nuts1: folds 
ulba0404: folds 
script56: checks 
*** FLOP *** [3s 8h 3c]
omar_braves has returned
script56: checks 
mmffo: bets $0.75
Petersen23: folds 
script56: folds 
Uncalled bet ($0.75) returned to mmffo
mmffo collected $0.85 from pot
mmffo: doesn't show hand 
*** SUMMARY ***
Total pot $0.85 | Rake $0 
Board [3s 8h 3c]
Seat 1: ulba0404 (small blind) folded before Flop
Seat 2: script56 (big blind) folded on the Flop
Seat 3: Alameda22 folded before Flop (didn't bet)
Seat 4: enright3060 folded before Flop (didn't bet)
Seat 5: mmffo collected ($0.85)
Seat 6: Petersen23 folded on the Flop
Seat 7: royman0785 folded before Flop (didn't bet)
Seat 8: omar_braves folded before Flop (didn't bet)
Seat 9: Donkey_Nuts1 (button) folded before Flop (didn't bet)



PokerStars Game #19827086406:  Hold'em No Limit ($0.10/$0.25) - 2008/08/23 - 01:12:54 (ET)
Table 'Gawain III' 9-max Seat #1 is the button
Seat 1: ulba0404 ($36.70 in chips) 
Seat 2: script56 ($11.55 in chips) 
Seat 3: Alameda22 ($25.55 in chips) 
Seat 4: enright3060 ($26.80 in chips) 
Seat 5: mmffo ($20.25 in chips) 
Seat 6: Petersen23 ($14 in chips) 
Seat 7: royman0785 ($24.65 in chips) 
Seat 8: omar_braves ($24.75 in chips) 
Seat 9: Donkey_Nuts1 ($39.35 in chips) 
script56: posts small blind $0.10
Alameda22: posts big blind $0.25
*** HOLE CARDS ***
Dealt to Alameda22 [Jc 4d]
enright3060: calls $0.25
mmffo: folds 
Petersen23: raises $0.25 to $0.50
royman0785: folds 
omar_braves: folds 
Donkey_Nuts1: calls $0.50
ulba0404: folds 
script56: calls $0.40
Alameda22: folds 
enright3060: calls $0.25
*** FLOP *** [5h Qs 3c]
script56: checks 
enright3060: checks 
Petersen23: bets $0.75
Donkey_Nuts1: calls $0.75
script56: folds 
enright3060: calls $0.75
*** TURN *** [5h Qs 3c] [Kd]
enright3060: checks 
Petersen23: bets $2
Donkey_Nuts1: raises $5 to $7
enright3060: folds 
Petersen23: calls $5
*** RIVER *** [5h Qs 3c Kd] [5c]
Petersen23: bets $3
Donkey_Nuts1: raises $4.25 to $7.25
Petersen23: calls $2.75 and is all-in
Uncalled bet ($1.50) returned to Donkey_Nuts1
*** SHOW DOWN ***
Donkey_Nuts1: shows [Kh Kc] (a full house, Kings full of Fives)
Petersen23: mucks hand 
Donkey_Nuts1 collected $28.55 from pot
*** SUMMARY ***
Total pot $30 | Rake $1.45 
Board [5h Qs 3c Kd 5c]
Seat 1: ulba0404 (button) folded before Flop (didn't bet)
Seat 2: script56 (small blind) folded on the Flop
Seat 3: Alameda22 (big blind) folded before Flop
Seat 4: enright3060 folded on the Turn
Seat 5: mmffo folded before Flop (didn't bet)
Seat 6: Petersen23 mucked [As Ah]
Seat 7: royman0785 folded before Flop (didn't bet)
Seat 8: omar_braves folded before Flop (didn't bet)
Seat 9: Donkey_Nuts1 showed [Kh Kc] and won ($28.55) with a full house, Kings full of Fives



PokerStars Game #19827121540:  Hold'em No Limit ($0.10/$0.25) - 2008/08/23 - 01:15:14 (ET)
Table 'Gawain III' 9-max Seat #2 is the button
Seat 1: ulba0404 ($36.70 in chips) 
Seat 2: script56 ($11.05 in chips) 
Seat 3: Alameda22 ($25.30 in chips) 
Seat 4: enright3060 ($25.55 in chips) 
Seat 5: mmffo ($20.25 in chips) 
Seat 7: royman0785 ($24.65 in chips) 
Seat 8: omar_braves ($24.75 in chips) 
Seat 9: Donkey_Nuts1 ($53.90 in chips) 
Alameda22: posts small blind $0.10
enright3060: posts big blind $0.25
*** HOLE CARDS ***
Dealt to Alameda22 [3h 6h]
mmffo: folds 
Petersen23 leaves the table
royman0785: raises $0.75 to $1
omar_braves: folds 
Donkey_Nuts1: folds 
ulba0404: folds 
script56: folds 
Alameda22: folds 
enright3060: folds 
Uncalled bet ($0.75) returned to royman0785
royman0785 collected $0.60 from pot
royman0785: doesn't show hand 
*** SUMMARY ***
Total pot $0.60 | Rake $0 
Seat 1: ulba0404 folded before Flop (didn't bet)
Seat 2: script56 (button) folded before Flop (didn't bet)
Seat 3: Alameda22 (small blind) folded before Flop
Seat 4: enright3060 (big blind) folded before Flop
Seat 5: mmffo folded before Flop (didn't bet)
Seat 7: royman0785 collected ($0.60)
Seat 8: omar_braves folded before Flop (didn't bet)
Seat 9: Donkey_Nuts1 folded before Flop (didn't bet)



PokerStars Game #19827128137:  Hold'em No Limit ($0.10/$0.25) - 2008/08/23 - 01:15:40 (ET)
Table 'Gawain III' 9-max Seat #3 is the button
Seat 1: ulba0404 ($36.70 in chips) 
Seat 2: script56 ($11.05 in chips) 
Seat 3: Alameda22 ($25.20 in chips) 
Seat 4: enright3060 ($25.30 in chips) 
Seat 5: mmffo ($20.25 in chips) 
Seat 7: royman0785 ($25 in chips) 
Seat 8: omar_braves ($24.75 in chips) 
Seat 9: Donkey_Nuts1 ($53.90 in chips) 
enright3060: posts small blind $0.10
mmffo: posts big blind $0.25
*** HOLE CARDS ***
Dealt to Alameda22 [8h Ac]
royman0785: folds 
omar_braves: folds 
Donkey_Nuts1: folds 
ulba0404: folds 
script56: folds 
Tuwei168 joins the table at seat #6 
Alameda22: folds 
enright3060: folds 
Uncalled bet ($0.15) returned to mmffo
mmffo collected $0.20 from pot
mmffo: doesn't show hand 
*** SUMMARY ***
Total pot $0.20 | Rake $0 
Seat 1: ulba0404 folded before Flop (didn't bet)
Seat 2: script56 folded before Flop (didn't bet)
Seat 3: Alameda22 (button) folded before Flop (didn't bet)
Seat 4: enright3060 (small blind) folded before Flop
Seat 5: mmffo (big blind) collected ($0.20)
Seat 7: royman0785 folded before Flop (didn't bet)
Seat 8: omar_braves folded before Flop (didn't bet)
Seat 9: Donkey_Nuts1 folded before Flop (didn't bet)



PokerStars Game #19827139567:  Hold'em No Limit ($0.10/$0.25) - 2008/08/23 - 01:16:27 (ET)
Table 'Gawain III' 9-max Seat #4 is the button
Seat 1: ulba0404 ($36.70 in chips) 
Seat 2: script56 ($11.05 in chips) 
Seat 3: Alameda22 ($25.20 in chips) 
Seat 4: enright3060 ($25.20 in chips) 
Seat 5: mmffo ($20.35 in chips) 
Seat 6: Tuwei168 ($25 in chips) 
Seat 7: royman0785 ($25 in chips) 
Seat 8: omar_braves ($24.75 in chips) 
Seat 9: Donkey_Nuts1 ($53.90 in chips) 
mmffo: posts small blind $0.10
Tuwei168: posts big blind $0.25
*** HOLE CARDS ***
Dealt to Alameda22 [6d Ts]
royman0785: folds 
omar_braves: folds 
Donkey_Nuts1: folds 
Donkey_Nuts1 leaves the table
ulba0404: raises $0.50 to $0.75
script56: folds 
Alameda22: folds 
enright3060: folds 
mmffo: folds 
mailman2005 joins the table at seat #9 
Tuwei168: folds 
Uncalled bet ($0.50) returned to ulba0404
ulba0404 collected $0.60 from pot
ulba0404: doesn't show hand 
*** SUMMARY ***
Total pot $0.60 | Rake $0 
Seat 1: ulba0404 collected ($0.60)
Seat 2: script56 folded before Flop (didn't bet)
Seat 3: Alameda22 folded before Flop (didn't bet)
Seat 4: enright3060 (button) folded before Flop (didn't bet)
Seat 5: mmffo (small blind) folded before Flop
Seat 6: Tuwei168 (big blind) folded before Flop
Seat 7: royman0785 folded before Flop (didn't bet)
Seat 8: omar_braves folded before Flop (didn't bet)
Seat 9: Donkey_Nuts1 folded before Flop (didn't bet)



PokerStars Game #19827149198:  Hold'em No Limit ($0.10/$0.25) - 2008/08/23 - 01:17:06 (ET)
Table 'Gawain III' 9-max Seat #5 is the button
Seat 1: ulba0404 ($37.05 in chips) 
Seat 2: script56 ($11.05 in chips) 
Seat 3: Alameda22 ($25.20 in chips) 
Seat 4: enright3060 ($25.20 in chips) 
Seat 5: mmffo ($20.25 in chips) 
Seat 6: Tuwei168 ($24.75 in chips) 
Seat 7: royman0785 ($25 in chips) 
Seat 8: omar_braves ($24.75 in chips) 
Tuwei168: posts small blind $0.10
royman0785: posts big blind $0.25
mailman2005: sits out 
*** HOLE CARDS ***
Dealt to Alameda22 [5h 3c]
omar_braves: folds 
ulba0404: calls $0.25
script56: calls $0.25
Alameda22: folds 
enright3060: calls $0.25
mmffo: calls $0.25
Tuwei168: calls $0.15
royman0785: checks 
*** FLOP *** [Jd Qd Ac]
Tuwei168: checks 
royman0785: checks 
ulba0404: checks 
script56: checks 
enright3060: bets $1
mmffo: calls $1
Tuwei168: folds 
royman0785: folds 
ulba0404: folds 
script56: folds 
*** TURN *** [Jd Qd Ac] [4h]
enright3060: bets $2
mmffo: calls $2
*** RIVER *** [Jd Qd Ac 4h] [5s]
enright3060: checks 
mmffo: checks 
*** SHOW DOWN ***
enright3060: shows [Js Qs] (two pair, Queens and Jacks)
mmffo: mucks hand 
enright3060 collected $7.15 from pot
*** SUMMARY ***
Total pot $7.50 | Rake $0.35 
Board [Jd Qd Ac 4h 5s]
Seat 1: ulba0404 folded on the Flop
Seat 2: script56 folded on the Flop
Seat 3: Alameda22 folded before Flop (didn't bet)
Seat 4: enright3060 showed [Js Qs] and won ($7.15) with two pair, Queens and Jacks
Seat 5: mmffo (button) mucked [Kd As]
Seat 6: Tuwei168 (small blind) folded on the Flop
Seat 7: royman0785 (big blind) folded on the Flop
Seat 8: omar_braves folded before Flop (didn't bet)



PokerStars Game #19827175951:  Hold'em No Limit ($0.10/$0.25) - 2008/08/23 - 01:18:56 (ET)
Table 'Gawain III' 9-max Seat #6 is the button
Seat 1: ulba0404 ($36.80 in chips) 
Seat 2: script56 ($10.80 in chips) 
Seat 3: Alameda22 ($25.20 in chips) 
Seat 4: enright3060 ($29.10 in chips) 
Seat 5: mmffo ($17 in chips) 
Seat 6: Tuwei168 ($24.50 in chips) 
Seat 7: royman0785 ($24.75 in chips) 
Seat 8: omar_braves ($24.75 in chips) 
royman0785: posts small blind $0.10
omar_braves: posts big blind $0.25
mailman2005: sits out 
*** HOLE CARDS ***
Dealt to Alameda22 [8s 3s]
ulba0404: folds 
script56: calls $0.25
Alameda22: folds 
enright3060: folds 
mmffo: calls $0.25
Tuwei168: folds 
royman0785: folds 
omar_braves: checks 
*** FLOP *** [Js 7d 8h]
omar_braves: checks 
script56: bets $0.50
mmffo: calls $0.50
omar_braves: folds 
*** TURN *** [Js 7d 8h] [4c]
script56: bets $1
mmffo: folds 
Uncalled bet ($1) returned to script56
script56 collected $1.80 from pot
script56: doesn't show hand 
*** SUMMARY ***
Total pot $1.85 | Rake $0.05 
Board [Js 7d 8h 4c]
Seat 1: ulba0404 folded before Flop (didn't bet)
Seat 2: script56 collected ($1.80)
Seat 3: Alameda22 folded before Flop (didn't bet)
Seat 4: enright3060 folded before Flop (didn't bet)
Seat 5: mmffo folded on the Turn
Seat 6: Tuwei168 (button) folded before Flop (didn't bet)
Seat 7: royman0785 (small blind) folded before Flop
Seat 8: omar_braves (big blind) folded on the Flop



PokerStars Game #19827198842:  Hold'em No Limit ($0.10/$0.25) - 2008/08/23 - 01:20:29 (ET)
Table 'Gawain III' 9-max Seat #7 is the button
Seat 1: ulba0404 ($36.80 in chips) 
Seat 2: script56 ($11.85 in chips) 
Seat 3: Alameda22 ($25.20 in chips) 
Seat 4: enright3060 ($29.10 in chips) 
Seat 5: mmffo ($16.25 in chips) 
Seat 6: Tuwei168 ($24.50 in chips) 
Seat 7: royman0785 ($24.65 in chips) 
Seat 8: omar_braves ($24.50 in chips) 
Seat 9: mailman2005 ($15 in chips) 
omar_braves: posts small blind $0.10
script56 said, "99"
mailman2005: posts big blind $0.25
*** HOLE CARDS ***
Dealt to Alameda22 [2s 8c]
ulba0404: folds 
script56: folds 
Alameda22: folds 
enright3060: calls $0.25
mmffo: folds 
Tuwei168: folds 
royman0785: folds 
omar_braves: calls $0.15
mailman2005: checks 
*** FLOP *** [6s Qh 7c]
omar_braves: checks 
mailman2005: checks 
enright3060: bets $0.75
omar_braves: folds 
mailman2005: folds 
Uncalled bet ($0.75) returned to enright3060
enright3060 collected $0.75 from pot
*** SUMMARY ***
Total pot $0.75 | Rake $0 
Board [6s Qh 7c]
Seat 1: ulba0404 folded before Flop (didn't bet)
Seat 2: script56 folded before Flop (didn't bet)
Seat 3: Alameda22 folded before Flop (didn't bet)
Seat 4: enright3060 collected ($0.75)
Seat 5: mmffo folded before Flop (didn't bet)
Seat 6: Tuwei168 folded before Flop (didn't bet)
Seat 7: royman0785 (button) folded before Flop (didn't bet)
Seat 8: omar_braves (small blind) folded on the Flop
Seat 9: mailman2005 (big blind) folded on the Flop



PokerStars Game #19827211001:  Hold'em No Limit ($0.10/$0.25) - 2008/08/23 - 01:21:18 (ET)
Table 'Gawain III' 9-max Seat #8 is the button
Seat 1: ulba0404 ($36.80 in chips) 
Seat 2: script56 ($11.85 in chips) 
Seat 3: Alameda22 ($25.20 in chips) 
Seat 4: enright3060 ($29.60 in chips) 
Seat 5: mmffo ($16.25 in chips) 
Seat 6: Tuwei168 ($24.50 in chips) 
Seat 7: royman0785 ($24.65 in chips) 
Seat 8: omar_braves ($24.25 in chips) 
Seat 9: mailman2005 ($14.75 in chips) 
mailman2005: posts small blind $0.10
ulba0404: posts big blind $0.25
*** HOLE CARDS ***
Dealt to Alameda22 [3s 7c]
script56: raises $0.50 to $0.75
Alameda22: folds 
enright3060: folds 
mmffo: folds 
Tuwei168: folds 
royman0785: folds 
omar_braves: folds 
mailman2005: folds 
ulba0404: raises $0.75 to $1.50
script56: calls $0.75
*** FLOP *** [2h 7d Qh]
ulba0404: bets $1.75
script56: folds 
Uncalled bet ($1.75) returned to ulba0404
ulba0404 collected $2.95 from pot
ulba0404: doesn't show hand 
*** SUMMARY ***
Total pot $3.10 | Rake $0.15 
Board [2h 7d Qh]
Seat 1: ulba0404 (big blind) collected ($2.95)
Seat 2: script56 folded on the Flop
Seat 3: Alameda22 folded before Flop (didn't bet)
Seat 4: enright3060 folded before Flop (didn't bet)
Seat 5: mmffo folded before Flop (didn't bet)
Seat 6: Tuwei168 folded before Flop (didn't bet)
Seat 7: royman0785 folded before Flop (didn't bet)
Seat 8: omar_braves (button) folded before Flop (didn't bet)
Seat 9: mailman2005 (small blind) folded before Flop



PokerStars Game #19827224178:  Hold'em No Limit ($0.10/$0.25) - 2008/08/23 - 01:22:12 (ET)
Table 'Gawain III' 9-max Seat #9 is the button
Seat 1: ulba0404 ($38.25 in chips) 
Seat 2: script56 ($10.35 in chips) 
Seat 3: Alameda22 ($25.20 in chips) 
Seat 4: enright3060 ($29.60 in chips) 
Seat 5: mmffo ($16.25 in chips) 
Seat 6: Tuwei168 ($24.50 in chips) 
Seat 7: royman0785 ($24.65 in chips) 
Seat 8: omar_braves ($24.25 in chips) 
Seat 9: mailman2005 ($14.65 in chips) 
ulba0404: posts small blind $0.10
script56: posts big blind $0.25
*** HOLE CARDS ***
Dealt to Alameda22 [3s 4d]
Alameda22: folds 
enright3060: folds 
mmffo: calls $0.25
Tuwei168: folds 
royman0785: folds 
omar_braves: folds 
mailman2005: folds 
ulba0404: raises $0.75 to $1
script56: folds 
mmffo: calls $0.75
*** FLOP *** [9d Ts 8d]
ulba0404: bets $1.50
mmffo: calls $1.50
*** TURN *** [9d Ts 8d] [9s]
ulba0404: checks 
mmffo: checks 
*** RIVER *** [9d Ts 8d 9s] [Ah]
ulba0404: bets $3.75
mmffo: folds 
Uncalled bet ($3.75) returned to ulba0404
ulba0404 collected $5 from pot
ulba0404: doesn't show hand 
*** SUMMARY ***
Total pot $5.25 | Rake $0.25 
Board [9d Ts 8d 9s Ah]
Seat 1: ulba0404 (small blind) collected ($5)
Seat 2: script56 (big blind) folded before Flop
Seat 3: Alameda22 folded before Flop (didn't bet)
Seat 4: enright3060 folded before Flop (didn't bet)
Seat 5: mmffo folded on the River
Seat 6: Tuwei168 folded before Flop (didn't bet)
Seat 7: royman0785 folded before Flop (didn't bet)
Seat 8: omar_braves folded before Flop (didn't bet)
Seat 9: mailman2005 (button) folded before Flop (didn't bet)



PokerStars Game #19827237909:  Hold'em No Limit ($0.10/$0.25) - 2008/08/23 - 01:23:09 (ET)
Table 'Gawain III' 9-max Seat #1 is the button
Seat 1: ulba0404 ($40.75 in chips) 
Seat 2: script56 ($10.10 in chips) 
Seat 3: Alameda22 ($25.20 in chips) 
Seat 4: enright3060 ($29.60 in chips) 
Seat 5: mmffo ($13.75 in chips) 
Seat 6: Tuwei168 ($24.50 in chips) 
Seat 7: royman0785 ($24.65 in chips) 
Seat 8: omar_braves ($24.25 in chips) 
Seat 9: mailman2005 ($14.65 in chips) 
script56: posts small blind $0.10
Alameda22: posts big blind $0.25
*** HOLE CARDS ***
Dealt to Alameda22 [Th Jh]
enright3060: calls $0.25
mmffo: folds 
Tuwei168: folds 
royman0785: folds 
omar_braves: folds 
mailman2005: folds 
ulba0404: raises $0.50 to $0.75
script56: calls $0.65
Alameda22: calls $0.50
enright3060: raises $2.25 to $3
ulba0404: folds 
script56: raises $7.10 to $10.10 and is all-in
Alameda22: folds 
enright3060: calls $7.10
*** FLOP *** [9s Kd Tc]
*** TURN *** [9s Kd Tc] [Qd]
*** RIVER *** [9s Kd Tc Qd] [Ts]
*** SHOW DOWN ***
script56: shows [6d 5c] (a pair of Tens)
enright3060: shows [Kh As] (two pair, Kings and Tens)
enright3060 collected $20.65 from pot
*** SUMMARY ***
Total pot $21.70 | Rake $1.05 
Board [9s Kd Tc Qd Ts]
Seat 1: ulba0404 (button) folded before Flop
Seat 2: script56 (small blind) showed [6d 5c] and lost with a pair of Tens
Seat 3: Alameda22 (big blind) folded before Flop
Seat 4: enright3060 showed [Kh As] and won ($20.65) with two pair, Kings and Tens
Seat 5: mmffo folded before Flop (didn't bet)
Seat 6: Tuwei168 folded before Flop (didn't bet)
Seat 7: royman0785 folded before Flop (didn't bet)
Seat 8: omar_braves folded before Flop (didn't bet)
Seat 9: mailman2005 folded before Flop (didn't bet)



PokerStars Game #19827258126:  Hold'em No Limit ($0.10/$0.25) - 2008/08/23 - 01:24:33 (ET)
Table 'Gawain III' 9-max Seat #3 is the button
Seat 1: ulba0404 ($40 in chips) 
Seat 3: Alameda22 ($24.45 in chips) 
Seat 4: enright3060 ($40.15 in chips) 
Seat 5: mmffo ($13.75 in chips) 
Seat 6: Tuwei168 ($24.50 in chips) 
Seat 7: royman0785 ($24.65 in chips) 
Seat 8: omar_braves ($24.25 in chips) 
Seat 9: mailman2005 ($14.65 in chips) 
enright3060: posts small blind $0.10
mmffo: posts big blind $0.25
*** HOLE CARDS ***
Dealt to Alameda22 [6d Qs]
script56 leaves the table
Tuwei168: folds 
royman0785: folds 
omar_braves: folds 
mailman2005: folds 
ulba0404: folds 
Alameda22: folds 
enright3060: folds 
Uncalled bet ($0.15) returned to mmffo
mmffo collected $0.20 from pot
mmffo: doesn't show hand 
*** SUMMARY ***
Total pot $0.20 | Rake $0 
Seat 1: ulba0404 folded before Flop (didn't bet)
Seat 3: Alameda22 (button) folded before Flop (didn't bet)
Seat 4: enright3060 (small blind) folded before Flop
Seat 5: mmffo (big blind) collected ($0.20)
Seat 6: Tuwei168 folded before Flop (didn't bet)
Seat 7: royman0785 folded before Flop (didn't bet)
Seat 8: omar_braves folded before Flop (didn't bet)
Seat 9: mailman2005 folded before Flop (didn't bet)



PokerStars Game #19827265478:  Hold'em No Limit ($0.10/$0.25) - 2008/08/23 - 01:25:03 (ET)
Table 'Gawain III' 9-max Seat #4 is the button
Seat 1: ulba0404 ($40 in chips) 
Seat 3: Alameda22 ($24.45 in chips) 
Seat 4: enright3060 ($40.05 in chips) 
Seat 5: mmffo ($13.85 in chips) 
Seat 6: Tuwei168 ($24.50 in chips) 
Seat 7: royman0785 ($24.65 in chips) 
Seat 8: omar_braves ($24.25 in chips) 
Seat 9: mailman2005 ($14.65 in chips) 
mmffo: posts small blind $0.10
Tuwei168: posts big blind $0.25
*** HOLE CARDS ***
Dealt to Alameda22 [4s Kh]
royman0785: folds 
omar_braves: folds 
mailman2005: folds 
ulba0404: folds 
Alameda22: folds 
enright3060: folds 
mmffo: calls $0.15
Tuwei168: checks 
*** FLOP *** [8c Th 5d]
mmffo: checks 
Tuwei168: checks 
*** TURN *** [8c Th 5d] [5s]
mmffo: checks 
Tuwei168: checks 
*** RIVER *** [8c Th 5d 5s] [6d]
mmffo: checks 
Tuwei168: checks 
*** SHOW DOWN ***
mmffo: shows [Jc Qh] (a pair of Fives)
Tuwei168: shows [9h Kc] (a pair of Fives - King kicker)
Tuwei168 collected $0.50 from pot
*** SUMMARY ***
Total pot $0.50 | Rake $0 
Board [8c Th 5d 5s 6d]
Seat 1: ulba0404 folded before Flop (didn't bet)
Seat 3: Alameda22 folded before Flop (didn't bet)
Seat 4: enright3060 (button) folded before Flop (didn't bet)
Seat 5: mmffo (small blind) showed [Jc Qh] and lost with a pair of Fives
Seat 6: Tuwei168 (big blind) showed [9h Kc] and won ($0.50) with a pair of Fives
Seat 7: royman0785 folded before Flop (didn't bet)
Seat 8: omar_braves folded before Flop (didn't bet)
Seat 9: mailman2005 folded before Flop (didn't bet)



PokerStars Game #19827275812:  Hold'em No Limit ($0.10/$0.25) - 2008/08/23 - 01:25:47 (ET)
Table 'Gawain III' 9-max Seat #5 is the button
Seat 1: ulba0404 ($40 in chips) 
Seat 3: Alameda22 ($24.45 in chips) 
Seat 4: enright3060 ($40.05 in chips) 
Seat 5: mmffo ($13.60 in chips) 
Seat 6: Tuwei168 ($24.75 in chips) 
Seat 7: royman0785 ($24.65 in chips) 
Seat 8: omar_braves ($24.25 in chips) 
Seat 9: mailman2005 ($14.65 in chips) 
Tuwei168: posts small blind $0.10
royman0785: posts big blind $0.25
*** HOLE CARDS ***
Dealt to Alameda22 [9d 9c]
omar_braves: folds 
mailman2005: folds 
ulba0404: calls $0.25
Alameda22: raises $0.75 to $1
enright3060: folds 
mmffo: folds 
Tuwei168: folds 
royman0785: calls $0.75
ulba0404: calls $0.75
*** FLOP *** [9s 9h 4h]
royman0785: checks 
ulba0404: checks 
Alameda22: bets $2
royman0785: folds 
ulba0404: calls $2
*** TURN *** [9s 9h 4h] [8h]
ulba0404: checks 
Alameda22: bets $4
ulba0404: calls $4
*** RIVER *** [9s 9h 4h 8h] [2d]
ulba0404: bets $11.50
Alameda22: raises $5.95 to $17.45 and is all-in
ulba0404: calls $5.95
*** SHOW DOWN ***
Alameda22: shows [9d 9c] (four of a kind, Nines)
ulba0404: mucks hand 
Alameda22 collected $47.55 from pot
*** SUMMARY ***
Total pot $50 | Rake $2.45 
Board [9s 9h 4h 8h 2d]
Seat 1: ulba0404 mucked [4d 4c]
Seat 3: Alameda22 showed [9d 9c] and won ($47.55) with four of a kind, Nines
Seat 4: enright3060 folded before Flop (didn't bet)
Seat 5: mmffo (button) folded before Flop (didn't bet)
Seat 6: Tuwei168 (small blind) folded before Flop
Seat 7: royman0785 (big blind) folded on the Flop
Seat 8: omar_braves folded before Flop (didn't bet)
Seat 9: mailman2005 folded before Flop (didn't bet)



PokerStars Game #19827302823:  Hold'em No Limit ($0.10/$0.25) - 2008/08/23 - 01:27:41 (ET)
Table 'Gawain III' 9-max Seat #6 is the button
Seat 1: ulba0404 ($15.55 in chips) 
Seat 3: Alameda22 ($47.55 in chips) 
Seat 4: enright3060 ($40.05 in chips) 
Seat 5: mmffo ($13.60 in chips) 
Seat 6: Tuwei168 ($24.65 in chips) 
Seat 7: royman0785 ($23.65 in chips) 
Seat 8: omar_braves ($24.25 in chips) 
Seat 9: mailman2005 ($14.65 in chips) 
royman0785: posts small blind $0.10
omar_braves: posts big blind $0.25
*** HOLE CARDS ***
Dealt to Alameda22 [5s Qs]
mailman2005: folds 
ulba0404: folds 
Alameda22: folds 
enright3060: folds 
mmffo: folds 
Tuwei168: folds 
royman0785: folds 
Uncalled bet ($0.15) returned to omar_braves
omar_braves collected $0.20 from pot
*** SUMMARY ***
Total pot $0.20 | Rake $0 
Seat 1: ulba0404 folded before Flop (didn't bet)
Seat 3: Alameda22 folded before Flop (didn't bet)
Seat 4: enright3060 folded before Flop (didn't bet)
Seat 5: mmffo folded before Flop (didn't bet)
Seat 6: Tuwei168 (button) folded before Flop (didn't bet)
Seat 7: royman0785 (small blind) folded before Flop
Seat 8: omar_braves (big blind) collected ($0.20)
Seat 9: mailman2005 folded before Flop (didn't bet)



PokerStars Game #19827308589:  Hold'em No Limit ($0.10/$0.25) - 2008/08/23 - 01:28:05 (ET)
Table 'Gawain III' 9-max Seat #7 is the button
Seat 1: ulba0404 ($15.55 in chips) 
Seat 3: Alameda22 ($47.55 in chips) 
Seat 4: enright3060 ($40.05 in chips) 
Seat 5: mmffo ($13.60 in chips) 
Seat 6: Tuwei168 ($24.65 in chips) 
Seat 7: royman0785 ($23.55 in chips) 
Seat 8: omar_braves ($24.35 in chips) 
Seat 9: mailman2005 ($14.65 in chips) 
omar_braves: posts small blind $0.10
mailman2005: posts big blind $0.25
*** HOLE CARDS ***
Dealt to Alameda22 [7h 4d]
ulba0404: folds 
wdbart64 joins the table at seat #2 
Alameda22: folds 
enright3060: folds 
mmffo: calls $0.25
Tuwei168: folds 
royman0785: folds 
omar_braves: calls $0.15
mailman2005: checks 
*** FLOP *** [7d Th 4c]
omar_braves: checks 
mailman2005: checks 
mmffo: bets $0.75
omar_braves: folds 
mailman2005: folds 
Uncalled bet ($0.75) returned to mmffo
mmffo collected $0.75 from pot
mmffo: doesn't show hand 
*** SUMMARY ***
Total pot $0.75 | Rake $0 
Board [7d Th 4c]
Seat 1: ulba0404 folded before Flop (didn't bet)
Seat 3: Alameda22 folded before Flop (didn't bet)
Seat 4: enright3060 folded before Flop (didn't bet)
Seat 5: mmffo collected ($0.75)
Seat 6: Tuwei168 folded before Flop (didn't bet)
Seat 7: royman0785 (button) folded before Flop (didn't bet)
Seat 8: omar_braves (small blind) folded on the Flop
Seat 9: mailman2005 (big blind) folded on the Flop



PokerStars Game #19827320539:  Hold'em No Limit ($0.10/$0.25) - 2008/08/23 - 01:28:55 (ET)
Table 'Gawain III' 9-max Seat #8 is the button
Seat 1: ulba0404 ($15.55 in chips) 
Seat 2: wdbart64 ($15 in chips) 
Seat 3: Alameda22 ($47.55 in chips) 
Seat 4: enright3060 ($40.05 in chips) 
Seat 5: mmffo ($14.10 in chips) 
Seat 6: Tuwei168 ($24.65 in chips) 
Seat 7: royman0785 ($23.55 in chips) 
Seat 8: omar_braves ($24.10 in chips) 
Seat 9: mailman2005 ($14.40 in chips) 
mailman2005: posts small blind $0.10
ulba0404: posts big blind $0.25
wdbart64: posts big blind $0.25
*** HOLE CARDS ***
Dealt to Alameda22 [4h 2d]
wdbart64: checks 
Alameda22: folds 
enright3060: folds 
mmffo: folds 
Tuwei168: folds 
royman0785: folds 
omar_braves: folds 
mailman2005: calls $0.15
ulba0404: checks 
*** FLOP *** [3d 8d Jh]
mailman2005: checks 
ulba0404: bets $0.75
wdbart64: calls $0.75
mailman2005: folds 
*** TURN *** [3d 8d Jh] [3s]
ulba0404: bets $2.75
wdbart64: calls $2.75
*** RIVER *** [3d 8d Jh 3s] [As]
ulba0404: bets $6.75
wdbart64: raises $4.50 to $11.25 and is all-in
ulba0404: calls $4.50
*** SHOW DOWN ***
wdbart64: shows [3h 4c] (three of a kind, Threes)
ulba0404: mucks hand 
wdbart64 collected $28.80 from pot
*** SUMMARY ***
Total pot $30.25 | Rake $1.45 
Board [3d 8d Jh 3s As]
Seat 1: ulba0404 (big blind) mucked [8c Ac]
Seat 2: wdbart64 showed [3h 4c] and won ($28.80) with three of a kind, Threes
Seat 3: Alameda22 folded before Flop (didn't bet)
Seat 4: enright3060 folded before Flop (didn't bet)
Seat 5: mmffo folded before Flop (didn't bet)
Seat 6: Tuwei168 folded before Flop (didn't bet)
Seat 7: royman0785 folded before Flop (didn't bet)
Seat 8: omar_braves (button) folded before Flop (didn't bet)
Seat 9: mailman2005 (small blind) folded on the Flop



PokerStars Game #19827337435:  Hold'em No Limit ($0.10/$0.25) - 2008/08/23 - 01:30:08 (ET)
Table 'Gawain III' 9-max Seat #9 is the button
Seat 1: ulba0404 ($0.55 in chips) 
Seat 2: wdbart64 ($28.80 in chips) 
Seat 3: Alameda22 ($47.55 in chips) 
Seat 4: enright3060 ($40.05 in chips) 
Seat 5: mmffo ($14.10 in chips) 
Seat 6: Tuwei168 ($24.65 in chips) 
Seat 7: royman0785 ($23.55 in chips) 
Seat 8: omar_braves ($24.10 in chips) 
Seat 9: mailman2005 ($14.15 in chips) 
ulba0404: posts small blind $0.10
wdbart64: posts big blind $0.25
*** HOLE CARDS ***
Dealt to Alameda22 [6s 5c]
Alameda22: folds 
enright3060: folds 
mmffo: calls $0.25
Tuwei168: folds 
royman0785: folds 
omar_braves: folds 
mailman2005: folds 
ulba0404: folds 
wdbart64: checks 
*** FLOP *** [6d Kh 7c]
wdbart64: checks 
mmffo: checks 
*** TURN *** [6d Kh 7c] [4d]
wdbart64: checks 
mmffo: bets $0.25
wdbart64: folds 
Uncalled bet ($0.25) returned to mmffo
mmffo collected $0.60 from pot
mmffo: doesn't show hand 
*** SUMMARY ***
Total pot $0.60 | Rake $0 
Board [6d Kh 7c 4d]
Seat 1: ulba0404 (small blind) folded before Flop
Seat 2: wdbart64 (big blind) folded on the Turn
Seat 3: Alameda22 folded before Flop (didn't bet)
Seat 4: enright3060 folded before Flop (didn't bet)
Seat 5: mmffo collected ($0.60)
Seat 6: Tuwei168 folded before Flop (didn't bet)
Seat 7: royman0785 folded before Flop (didn't bet)
Seat 8: omar_braves folded before Flop (didn't bet)
Seat 9: mailman2005 (button) folded before Flop (didn't bet)



PokerStars Game #19827346230:  Hold'em No Limit ($0.10/$0.25) - 2008/08/23 - 01:30:46 (ET)
Table 'Gawain III' 9-max Seat #1 is the button
Seat 1: ulba0404 ($25 in chips) 
Seat 2: wdbart64 ($28.55 in chips) 
Seat 3: Alameda22 ($47.55 in chips) 
Seat 4: enright3060 ($40.05 in chips) 
Seat 5: mmffo ($14.45 in chips) 
Seat 6: Tuwei168 ($24.65 in chips) 
Seat 7: royman0785 ($23.55 in chips) 
Seat 8: omar_braves ($24.10 in chips) 
Seat 9: mailman2005 ($14.15 in chips) 
wdbart64: posts small blind $0.10
Alameda22: posts big blind $0.25
*** HOLE CARDS ***
Dealt to Alameda22 [Kd 6c]
enright3060: folds 
mmffo: folds 
Tuwei168: folds 
royman0785: raises $0.50 to $0.75
omar_braves: folds 
mailman2005: folds 
ulba0404: folds 
wdbart64: folds 
Alameda22: folds 
Uncalled bet ($0.50) returned to royman0785
royman0785 collected $0.60 from pot
royman0785: doesn't show hand 
*** SUMMARY ***
Total pot $0.60 | Rake $0 
Seat 1: ulba0404 (button) folded before Flop (didn't bet)
Seat 2: wdbart64 (small blind) folded before Flop
Seat 3: Alameda22 (big blind) folded before Flop
Seat 4: enright3060 folded before Flop (didn't bet)
Seat 5: mmffo folded before Flop (didn't bet)
Seat 6: Tuwei168 folded before Flop (didn't bet)
Seat 7: royman0785 collected ($0.60)
Seat 8: omar_braves folded before Flop (didn't bet)
Seat 9: mailman2005 folded before Flop (didn't bet)



PokerStars Game #19827355034:  Hold'em No Limit ($0.10/$0.25) - 2008/08/23 - 01:31:24 (ET)
Table 'Gawain III' 9-max Seat #2 is the button
Seat 1: ulba0404 ($25 in chips) 
Seat 2: wdbart64 ($28.45 in chips) 
Seat 3: Alameda22 ($47.30 in chips) 
Seat 4: enright3060 ($40.05 in chips) 
Seat 5: mmffo ($14.45 in chips) 
Seat 6: Tuwei168 ($24.65 in chips) 
Seat 7: royman0785 ($23.90 in chips) 
Seat 8: omar_braves ($24.10 in chips) 
Seat 9: mailman2005 ($14.15 in chips) 
Alameda22: posts small blind $0.10
enright3060: posts big blind $0.25
*** HOLE CARDS ***
Dealt to Alameda22 [Ad 5h]
mmffo: folds 
Tuwei168: folds 
royman0785: folds 
omar_braves: folds 
mailman2005: folds 
ulba0404: folds 
wdbart64: calls $0.25
Alameda22: folds 
enright3060: checks 
*** FLOP *** [2c 4s 8s]
enright3060: checks 
wdbart64: bets $0.50
enright3060: folds 
Uncalled bet ($0.50) returned to wdbart64
wdbart64 collected $0.60 from pot
wdbart64: doesn't show hand 
*** SUMMARY ***
Total pot $0.60 | Rake $0 
Board [2c 4s 8s]
Seat 1: ulba0404 folded before Flop (didn't bet)
Seat 2: wdbart64 (button) collected ($0.60)
Seat 3: Alameda22 (small blind) folded before Flop
Seat 4: enright3060 (big blind) folded on the Flop
Seat 5: mmffo folded before Flop (didn't bet)
Seat 6: Tuwei168 folded before Flop (didn't bet)
Seat 7: royman0785 folded before Flop (didn't bet)
Seat 8: omar_braves folded before Flop (didn't bet)
Seat 9: mailman2005 folded before Flop (didn't bet)



PokerStars Game #19827363989:  Hold'em No Limit ($0.10/$0.25) - 2008/08/23 - 01:31:57 (ET)
Table 'Gawain III' 9-max Seat #3 is the button
Seat 1: ulba0404 ($25 in chips) 
Seat 2: wdbart64 ($28.80 in chips) 
Seat 3: Alameda22 ($47.20 in chips) 
Seat 4: enright3060 ($39.80 in chips) 
Seat 5: mmffo ($14.45 in chips) 
Seat 6: Tuwei168 ($24.65 in chips) 
Seat 7: royman0785 ($23.90 in chips) 
Seat 8: omar_braves ($24.10 in chips) 
Seat 9: mailman2005 ($14.15 in chips) 
enright3060: posts small blind $0.10
mmffo: posts big blind $0.25
*** HOLE CARDS ***
Dealt to Alameda22 [8h 4c]
Tuwei168: folds 
royman0785: folds 
Tuwei168 leaves the table
omar_braves: folds 
mailman2005: folds 
ulba0404: folds 
wdbart64: raises $0.75 to $1
FEARisPOWER joins the table at seat #6 
Alameda22: folds 
enright3060: folds 
mmffo: calls $0.75
*** FLOP *** [4h As 9d]
mmffo: checks 
wdbart64: checks 
*** TURN *** [4h As 9d] [2h]
mmffo: checks 
wdbart64: checks 
*** RIVER *** [4h As 9d 2h] [2c]
mmffo: checks 
wdbart64: bets $1.25
mmffo: folds 
Uncalled bet ($1.25) returned to wdbart64
wdbart64 collected $2 from pot
wdbart64: doesn't show hand 
*** SUMMARY ***
Total pot $2.10 | Rake $0.10 
Board [4h As 9d 2h 2c]
Seat 1: ulba0404 folded before Flop (didn't bet)
Seat 2: wdbart64 collected ($2)
Seat 3: Alameda22 (button) folded before Flop (didn't bet)
Seat 4: enright3060 (small blind) folded before Flop
Seat 5: mmffo (big blind) folded on the River
Seat 6: Tuwei168 folded before Flop (didn't bet)
Seat 7: royman0785 folded before Flop (didn't bet)
Seat 8: omar_braves folded before Flop (didn't bet)
Seat 9: mailman2005 folded before Flop (didn't bet)



PokerStars Game #19827378378:  Hold'em No Limit ($0.10/$0.25) - 2008/08/23 - 01:32:55 (ET)
Table 'Gawain III' 9-max Seat #4 is the button
Seat 1: ulba0404 ($25 in chips) 
Seat 2: wdbart64 ($29.80 in chips) 
Seat 3: Alameda22 ($47.20 in chips) 
Seat 4: enright3060 ($39.70 in chips) 
Seat 5: mmffo ($13.45 in chips) 
Seat 6: FEARisPOWER ($25 in chips) 
Seat 7: royman0785 ($23.90 in chips) 
Seat 8: omar_braves ($24.10 in chips) 
Seat 9: mailman2005 ($14.15 in chips) 
mmffo: posts small blind $0.10
FEARisPOWER: posts big blind $0.25
*** HOLE CARDS ***
Dealt to Alameda22 [As 3s]
royman0785: folds 
omar_braves: calls $0.25
mailman2005: calls $0.25
ulba0404: folds 
wdbart64: folds 
Alameda22: folds 
enright3060: folds 
mmffo: calls $0.15
FEARisPOWER: checks 
*** FLOP *** [2s 3d 9c]
mmffo: checks 
FEARisPOWER: checks 
omar_braves: checks 
mailman2005: bets $0.50
mmffo: folds 
FEARisPOWER: folds 
omar_braves: folds 
Uncalled bet ($0.50) returned to mailman2005
mailman2005 collected $0.95 from pot
omar_braves leaves the table
mailman2005: shows [7c 7s] (a pair of Sevens)
*** SUMMARY ***
Total pot $1 | Rake $0.05 
Board [2s 3d 9c]
Seat 1: ulba0404 folded before Flop (didn't bet)
Seat 2: wdbart64 folded before Flop (didn't bet)
Seat 3: Alameda22 folded before Flop (didn't bet)
Seat 4: enright3060 (button) folded before Flop (didn't bet)
Seat 5: mmffo (small blind) folded on the Flop
Seat 6: FEARisPOWER (big blind) folded on the Flop
Seat 7: royman0785 folded before Flop (didn't bet)
Seat 8: omar_braves folded on the Flop
Seat 9: mailman2005 collected ($0.95)



PokerStars Game #19827395419:  Hold'em No Limit ($0.10/$0.25) - 2008/08/23 - 01:34:04 (ET)
Table 'Gawain III' 9-max Seat #5 is the button
Seat 1: ulba0404 ($25 in chips) 
Seat 2: wdbart64 ($29.80 in chips) 
Seat 3: Alameda22 ($47.20 in chips) 
Seat 4: enright3060 ($39.70 in chips) 
Seat 5: mmffo ($13.20 in chips) 
Seat 6: FEARisPOWER ($24.75 in chips) 
Seat 7: royman0785 ($23.90 in chips) 
Seat 9: mailman2005 ($14.85 in chips) 
FEARisPOWER: posts small blind $0.10
royman0785: posts big blind $0.25
*** HOLE CARDS ***
Dealt to Alameda22 [4s Kc]
mailman2005: calls $0.25
ulba0404: folds 
wdbart64: folds 
Alameda22: folds 
enright3060: folds 
mmffo: calls $0.25
Idahoboy joins the table at seat #8 
FEARisPOWER: folds 
royman0785: checks 
*** FLOP *** [7s Ah 3d]
royman0785: checks 
mailman2005: checks 
mmffo: checks 
*** TURN *** [7s Ah 3d] [Tc]
royman0785: checks 
mailman2005: bets $0.50
mmffo: folds 
royman0785: folds 
Uncalled bet ($0.50) returned to mailman2005
mailman2005 collected $0.85 from pot
mailman2005: doesn't show hand 
*** SUMMARY ***
Total pot $0.85 | Rake $0 
Board [7s Ah 3d Tc]
Seat 1: ulba0404 folded before Flop (didn't bet)
Seat 2: wdbart64 folded before Flop (didn't bet)
Seat 3: Alameda22 folded before Flop (didn't bet)
Seat 4: enright3060 folded before Flop (didn't bet)
Seat 5: mmffo (button) folded on the Turn
Seat 6: FEARisPOWER (small blind) folded before Flop
Seat 7: royman0785 (big blind) folded on the Turn
Seat 9: mailman2005 collected ($0.85)



PokerStars Game #19827416818:  Hold'em No Limit ($0.10/$0.25) - 2008/08/23 - 01:35:30 (ET)
Table 'Gawain III' 9-max Seat #6 is the button
Seat 1: ulba0404 ($25 in chips) 
Seat 2: wdbart64 ($29.80 in chips) 
Seat 3: Alameda22 ($47.20 in chips) 
Seat 4: enright3060 ($39.70 in chips) 
Seat 5: mmffo ($12.95 in chips) 
Seat 6: FEARisPOWER ($24.65 in chips) 
Seat 7: royman0785 ($23.65 in chips) 
Seat 8: Idahoboy ($15 in chips) 
Seat 9: mailman2005 ($15.45 in chips) 
royman0785: posts small blind $0.10
Idahoboy: posts big blind $0.25
*** HOLE CARDS ***
Dealt to Alameda22 [Jh Jc]
mailman2005: folds 
ulba0404: folds 
wdbart64: folds 
Alameda22: raises $0.50 to $0.75
enright3060: folds 
mmffo: folds 
FEARisPOWER: folds 
royman0785: folds 
Idahoboy: calls $0.50
*** FLOP *** [8c 5d 6c]
Idahoboy: bets $1
Alameda22: raises $2 to $3
Idahoboy: calls $2
*** TURN *** [8c 5d 6c] [As]
Idahoboy: checks 
Alameda22: checks 
*** RIVER *** [8c 5d 6c As] [9s]
Idahoboy: bets $5
Alameda22: calls $5
*** SHOW DOWN ***
Idahoboy: shows [9h 9c] (three of a kind, Nines)
Alameda22: mucks hand 
Idahoboy collected $16.75 from pot
*** SUMMARY ***
Total pot $17.60 | Rake $0.85 
Board [8c 5d 6c As 9s]
Seat 1: ulba0404 folded before Flop (didn't bet)
Seat 2: wdbart64 folded before Flop (didn't bet)
Seat 3: Alameda22 mucked [Jh Jc]
Seat 4: enright3060 folded before Flop (didn't bet)
Seat 5: mmffo folded before Flop (didn't bet)
Seat 6: FEARisPOWER (button) folded before Flop (didn't bet)
Seat 7: royman0785 (small blind) folded before Flop
Seat 8: Idahoboy (big blind) showed [9h 9c] and won ($16.75) with three of a kind, Nines
Seat 9: mailman2005 folded before Flop (didn't bet)



PokerStars Game #19827438022:  Hold'em No Limit ($0.10/$0.25) - 2008/08/23 - 01:36:57 (ET)
Table 'Gawain III' 9-max Seat #7 is the button
Seat 1: ulba0404 ($25 in chips) 
Seat 2: wdbart64 ($29.80 in chips) 
Seat 3: Alameda22 ($38.45 in chips) 
Seat 4: enright3060 ($39.70 in chips) 
Seat 5: mmffo ($12.95 in chips) 
Seat 6: FEARisPOWER ($24.65 in chips) 
Seat 7: royman0785 ($23.55 in chips) 
Seat 8: Idahoboy ($23 in chips) 
Seat 9: mailman2005 ($15.45 in chips) 
Idahoboy: posts small blind $0.10
mailman2005: posts big blind $0.25
*** HOLE CARDS ***
Dealt to Alameda22 [9d 4c]
ulba0404: folds 
wdbart64: calls $0.25
Alameda22: folds 
enright3060: folds 
mmffo: folds 
FEARisPOWER: raises $1 to $1.25
royman0785: calls $1.25
Idahoboy: folds 
mailman2005: folds 
wdbart64: folds 
*** FLOP *** [Ts Tc 4s]
FEARisPOWER: bets $2.25
royman0785: folds 
Uncalled bet ($2.25) returned to FEARisPOWER
FEARisPOWER collected $2.95 from pot
FEARisPOWER: doesn't show hand 
*** SUMMARY ***
Total pot $3.10 | Rake $0.15 
Board [Ts Tc 4s]
Seat 1: ulba0404 folded before Flop (didn't bet)
Seat 2: wdbart64 folded before Flop
Seat 3: Alameda22 folded before Flop (didn't bet)
Seat 4: enright3060 folded before Flop (didn't bet)
Seat 5: mmffo folded before Flop (didn't bet)
Seat 6: FEARisPOWER collected ($2.95)
Seat 7: royman0785 (button) folded on the Flop
Seat 8: Idahoboy (small blind) folded before Flop
Seat 9: mailman2005 (big blind) folded before Flop



PokerStars Game #19827450662:  Hold'em No Limit ($0.10/$0.25) - 2008/08/23 - 01:37:49 (ET)
Table 'Gawain III' 9-max Seat #8 is the button
Seat 1: ulba0404 ($25 in chips) 
Seat 2: wdbart64 ($29.55 in chips) 
Seat 3: Alameda22 ($38.45 in chips) 
Seat 4: enright3060 ($39.70 in chips) 
Seat 5: mmffo ($12.95 in chips) 
Seat 6: FEARisPOWER ($26.35 in chips) 
Seat 7: royman0785 ($22.30 in chips) 
Seat 8: Idahoboy ($22.90 in chips) 
Seat 9: mailman2005 ($15.20 in chips) 
mailman2005: posts small blind $0.10
ulba0404: posts big blind $0.25
*** HOLE CARDS ***
Dealt to Alameda22 [5c 2s]
wdbart64: calls $0.25
Alameda22: folds 
enright3060: folds 
mmffo: folds 
FEARisPOWER: folds 
royman0785: raises $0.75 to $1
Idahoboy: folds 
mailman2005: folds 
ulba0404: folds 
wdbart64: calls $0.75
*** FLOP *** [7d Kh 9c]
wdbart64: checks 
royman0785: bets $2
wdbart64: folds 
Uncalled bet ($2) returned to royman0785
royman0785 collected $2.25 from pot
royman0785: doesn't show hand 
*** SUMMARY ***
Total pot $2.35 | Rake $0.10 
Board [7d Kh 9c]
Seat 1: ulba0404 (big blind) folded before Flop
Seat 2: wdbart64 folded on the Flop
Seat 3: Alameda22 folded before Flop (didn't bet)
Seat 4: enright3060 folded before Flop (didn't bet)
Seat 5: mmffo folded before Flop (didn't bet)
Seat 6: FEARisPOWER folded before Flop (didn't bet)
Seat 7: royman0785 collected ($2.25)
Seat 8: Idahoboy (button) folded before Flop (didn't bet)
Seat 9: mailman2005 (small blind) folded before Flop



PokerStars Game #19827465691:  Hold'em No Limit ($0.10/$0.25) - 2008/08/23 - 01:38:51 (ET)
Table 'Gawain III' 9-max Seat #9 is the button
Seat 1: ulba0404 ($24.75 in chips) 
Seat 2: wdbart64 ($28.55 in chips) 
Seat 3: Alameda22 ($38.45 in chips) 
Seat 4: enright3060 ($39.70 in chips) 
Seat 5: mmffo ($12.95 in chips) 
Seat 6: FEARisPOWER ($26.35 in chips) 
Seat 7: royman0785 ($23.55 in chips) 
Seat 8: Idahoboy ($22.90 in chips) 
Seat 9: mailman2005 ($15.10 in chips) 
ulba0404: posts small blind $0.10
wdbart64: posts big blind $0.25
*** HOLE CARDS ***
Dealt to Alameda22 [3h Js]
Alameda22: folds 
enright3060: folds 
mmffo: folds 
FEARisPOWER: folds 
royman0785: folds 
Idahoboy: calls $0.25
mailman2005: folds 
ulba0404: folds 
wdbart64: checks 
*** FLOP *** [Kc Kh 6d]
wdbart64: checks 
Idahoboy: bets $0.75
wdbart64: folds 
Uncalled bet ($0.75) returned to Idahoboy
Idahoboy collected $0.60 from pot
Idahoboy: doesn't show hand 
*** SUMMARY ***
Total pot $0.60 | Rake $0 
Board [Kc Kh 6d]
Seat 1: ulba0404 (small blind) folded before Flop
Seat 2: wdbart64 (big blind) folded on the Flop
Seat 3: Alameda22 folded before Flop (didn't bet)
Seat 4: enright3060 folded before Flop (didn't bet)
Seat 5: mmffo folded before Flop (didn't bet)
Seat 6: FEARisPOWER folded before Flop (didn't bet)
Seat 7: royman0785 folded before Flop (didn't bet)
Seat 8: Idahoboy collected ($0.60)
Seat 9: mailman2005 (button) folded before Flop (didn't bet)



PokerStars Game #19827478163:  Hold'em No Limit ($0.10/$0.25) - 2008/08/23 - 01:39:42 (ET)
Table 'Gawain III' 9-max Seat #1 is the button
Seat 1: ulba0404 ($24.65 in chips) 
Seat 2: wdbart64 ($28.30 in chips) 
Seat 3: Alameda22 ($38.45 in chips) 
Seat 4: enright3060 ($39.70 in chips) 
Seat 5: mmffo ($12.95 in chips) 
Seat 6: FEARisPOWER ($26.35 in chips) 
Seat 7: royman0785 ($23.55 in chips) 
Seat 8: Idahoboy ($23.25 in chips) 
Seat 9: mailman2005 ($15.10 in chips) 
wdbart64: posts small blind $0.10
Alameda22: posts big blind $0.25
*** HOLE CARDS ***
Dealt to Alameda22 [Ad 9s]
enright3060: folds 
mmffo: folds 
FEARisPOWER: folds 
royman0785: folds 
Idahoboy: calls $0.25
mailman2005: folds 
ulba0404: folds 
wdbart64: calls $0.15
Alameda22: checks 
*** FLOP *** [Tc 6d 6h]
wdbart64: checks 
Alameda22: checks 
Idahoboy: bets $0.50
wdbart64: calls $0.50
Alameda22: folds 
*** TURN *** [Tc 6d 6h] [As]
wdbart64: checks 
Idahoboy: checks 
*** RIVER *** [Tc 6d 6h As] [Td]
wdbart64: checks 
Idahoboy: checks 
*** SHOW DOWN ***
wdbart64: shows [4h 4d] (two pair, Tens and Sixes)
Idahoboy: shows [8d 9d] (two pair, Tens and Sixes)
wdbart64 collected $0.85 from pot
Idahoboy collected $0.85 from pot
*** SUMMARY ***
Total pot $1.75 | Rake $0.05 
Board [Tc 6d 6h As Td]
Seat 1: ulba0404 (button) folded before Flop (didn't bet)
Seat 2: wdbart64 (small blind) showed [4h 4d] and won ($0.85) with two pair, Tens and Sixes
Seat 3: Alameda22 (big blind) folded on the Flop
Seat 4: enright3060 folded before Flop (didn't bet)
Seat 5: mmffo folded before Flop (didn't bet)
Seat 6: FEARisPOWER folded before Flop (didn't bet)
Seat 7: royman0785 folded before Flop (didn't bet)
Seat 8: Idahoboy showed [8d 9d] and won ($0.85) with two pair, Tens and Sixes
Seat 9: mailman2005 folded before Flop (didn't bet)



PokerStars Game #19827493461:  Hold'em No Limit ($0.10/$0.25) - 2008/08/23 - 01:40:45 (ET)
Table 'Gawain III' 9-max Seat #2 is the button
Seat 1: ulba0404 ($24.65 in chips) 
Seat 2: wdbart64 ($28.40 in chips) 
Seat 3: Alameda22 ($38.20 in chips) 
Seat 4: enright3060 ($39.70 in chips) 
Seat 5: mmffo ($12.95 in chips) 
Seat 6: FEARisPOWER ($26.35 in chips) 
Seat 7: royman0785 ($23.55 in chips) 
Seat 8: Idahoboy ($23.35 in chips) 
Seat 9: mailman2005 ($15.10 in chips) 
Alameda22: posts small blind $0.10
enright3060: posts big blind $0.25
*** HOLE CARDS ***
Dealt to Alameda22 [Qc Kd]
mmffo: folds 
FEARisPOWER: folds 
royman0785: folds 
Idahoboy: folds 
mailman2005: folds 
ulba0404: folds 
wdbart64: calls $0.25
Alameda22: calls $0.15
enright3060: checks 
*** FLOP *** [8c 4s 4h]
Alameda22: checks 
enright3060: checks 
wdbart64: checks 
*** TURN *** [8c 4s 4h] [6d]
Alameda22: checks 
enright3060: checks 
wdbart64: checks 
*** RIVER *** [8c 4s 4h 6d] [3d]
Alameda22: checks 
enright3060: checks 
wdbart64: bets $0.50
Alameda22: folds 
enright3060: calls $0.50
*** SHOW DOWN ***
wdbart64: shows [Qd 6h] (two pair, Sixes and Fours)
enright3060: shows [6c Qs] (two pair, Sixes and Fours)
enright3060 collected $0.85 from pot
wdbart64 collected $0.85 from pot
*** SUMMARY ***
Total pot $1.75 | Rake $0.05 
Board [8c 4s 4h 6d 3d]
Seat 1: ulba0404 folded before Flop (didn't bet)
Seat 2: wdbart64 (button) showed [Qd 6h] and won ($0.85) with two pair, Sixes and Fours
Seat 3: Alameda22 (small blind) folded on the River
Seat 4: enright3060 (big blind) showed [6c Qs] and won ($0.85) with two pair, Sixes and Fours
Seat 5: mmffo folded before Flop (didn't bet)
Seat 6: FEARisPOWER folded before Flop (didn't bet)
Seat 7: royman0785 folded before Flop (didn't bet)
Seat 8: Idahoboy folded before Flop (didn't bet)
Seat 9: mailman2005 folded before Flop (didn't bet)



PokerStars Game #19827520490:  Hold'em No Limit ($0.10/$0.25) - 2008/08/23 - 01:42:37 (ET)
Table 'Gawain III' 9-max Seat #3 is the button
Seat 1: ulba0404 ($24.65 in chips) 
Seat 2: wdbart64 ($28.50 in chips) 
Seat 3: Alameda22 ($37.95 in chips) 
Seat 4: enright3060 ($39.80 in chips) 
Seat 5: mmffo ($12.95 in chips) 
Seat 6: FEARisPOWER ($26.35 in chips) 
Seat 7: royman0785 ($23.55 in chips) 
Seat 8: Idahoboy ($23.35 in chips) 
Seat 9: mailman2005 ($15.10 in chips) 
enright3060: posts small blind $0.10
mmffo: posts big blind $0.25
*** HOLE CARDS ***
Dealt to Alameda22 [6d 8s]
FEARisPOWER: folds 
royman0785: folds 
Idahoboy: folds 
mailman2005: folds 
ulba0404: folds 
wdbart64: calls $0.25
Alameda22: folds 
enright3060: calls $0.15
mmffo: checks 
*** FLOP *** [2h Qh 2d]
enright3060: checks 
mmffo: checks 
wdbart64: checks 
*** TURN *** [2h Qh 2d] [Kc]
enright3060: checks 
mmffo: checks 
wdbart64: checks 
*** RIVER *** [2h Qh 2d Kc] [6h]
enright3060: checks 
mmffo: bets $0.25
wdbart64: folds 
enright3060: calls $0.25
*** SHOW DOWN ***
mmffo: shows [4h 2c] (three of a kind, Deuces)
enright3060: mucks hand 
mmffo collected $1.20 from pot
*** SUMMARY ***
Total pot $1.25 | Rake $0.05 
Board [2h Qh 2d Kc 6h]
Seat 1: ulba0404 folded before Flop (didn't bet)
Seat 2: wdbart64 folded on the River
Seat 3: Alameda22 (button) folded before Flop (didn't bet)
Seat 4: enright3060 (small blind) mucked [Jc Jh]
Seat 5: mmffo (big blind) showed [4h 2c] and won ($1.20) with three of a kind, Deuces
Seat 6: FEARisPOWER folded before Flop (didn't bet)
Seat 7: royman0785 folded before Flop (didn't bet)
Seat 8: Idahoboy folded before Flop (didn't bet)
Seat 9: mailman2005 folded before Flop (didn't bet)



PokerStars Game #19827540302:  Hold'em No Limit ($0.10/$0.25) - 2008/08/23 - 01:44:01 (ET)
Table 'Gawain III' 9-max Seat #4 is the button
Seat 1: ulba0404 ($24.65 in chips) 
Seat 2: wdbart64 ($28.25 in chips) 
Seat 3: Alameda22 ($37.95 in chips) 
Seat 4: enright3060 ($39.30 in chips) 
Seat 5: mmffo ($13.65 in chips) 
Seat 6: FEARisPOWER ($26.35 in chips) 
Seat 7: royman0785 ($23.55 in chips) 
Seat 8: Idahoboy ($23.35 in chips) 
Seat 9: mailman2005 ($15.10 in chips) 
mmffo: posts small blind $0.10
FEARisPOWER: posts big blind $0.25
*** HOLE CARDS ***
Dealt to Alameda22 [Td 4h]
royman0785: folds 
Idahoboy: raises $0.50 to $0.75
mailman2005: folds 
ulba0404: folds 
wdbart64: folds 
Alameda22: folds 
enright3060: folds 
mmffo: folds 
FEARisPOWER: folds 
Uncalled bet ($0.50) returned to Idahoboy
Idahoboy collected $0.60 from pot
Idahoboy: shows [Ac Ah] (a pair of Aces)
*** SUMMARY ***
Total pot $0.60 | Rake $0 
Seat 1: ulba0404 folded before Flop (didn't bet)
Seat 2: wdbart64 folded before Flop (didn't bet)
Seat 3: Alameda22 folded before Flop (didn't bet)
Seat 4: enright3060 (button) folded before Flop (didn't bet)
Seat 5: mmffo (small blind) folded before Flop
Seat 6: FEARisPOWER (big blind) folded before Flop
Seat 7: royman0785 folded before Flop (didn't bet)
Seat 8: Idahoboy collected ($0.60)
Seat 9: mailman2005 folded before Flop (didn't bet)



PokerStars Game #19827549088:  Hold'em No Limit ($0.10/$0.25) - 2008/08/23 - 01:44:38 (ET)
Table 'Gawain III' 9-max Seat #5 is the button
Seat 1: ulba0404 ($24.65 in chips) 
Seat 2: wdbart64 ($28.25 in chips) 
Seat 3: Alameda22 ($37.95 in chips) 
Seat 4: enright3060 ($39.30 in chips) 
Seat 5: mmffo ($13.55 in chips) 
Seat 6: FEARisPOWER ($26.10 in chips) 
Seat 7: royman0785 ($23.55 in chips) 
Seat 8: Idahoboy ($23.70 in chips) 
Seat 9: mailman2005 ($15.10 in chips) 
FEARisPOWER: posts small blind $0.10
royman0785: posts big blind $0.25
*** HOLE CARDS ***
Dealt to Alameda22 [3h 8c]
Idahoboy: folds 
mailman2005: folds 
ulba0404: folds 
wdbart64: calls $0.25
Alameda22: folds 
enright3060: raises $0.75 to $1
mmffo: folds 
FEARisPOWER: folds 
royman0785: folds 
wdbart64: folds 
Uncalled bet ($0.75) returned to enright3060
enright3060 collected $0.85 from pot
*** SUMMARY ***
Total pot $0.85 | Rake $0 
Seat 1: ulba0404 folded before Flop (didn't bet)
Seat 2: wdbart64 folded before Flop
Seat 3: Alameda22 folded before Flop (didn't bet)
Seat 4: enright3060 collected ($0.85)
Seat 5: mmffo (button) folded before Flop (didn't bet)
Seat 6: FEARisPOWER (small blind) folded before Flop
Seat 7: royman0785 (big blind) folded before Flop
Seat 8: Idahoboy folded before Flop (didn't bet)
Seat 9: mailman2005 folded before Flop (didn't bet)



PokerStars Game #19827559304:  Hold'em No Limit ($0.10/$0.25) - 2008/08/23 - 01:45:21 (ET)
Table 'Gawain III' 9-max Seat #6 is the button
Seat 1: ulba0404 ($24.65 in chips) 
Seat 2: wdbart64 ($28 in chips) 
Seat 3: Alameda22 ($37.95 in chips) 
Seat 4: enright3060 ($39.90 in chips) 
Seat 5: mmffo ($13.55 in chips) 
Seat 6: FEARisPOWER ($26 in chips) 
Seat 7: royman0785 ($23.30 in chips) 
Seat 8: Idahoboy ($23.70 in chips) 
Seat 9: mailman2005 ($15.10 in chips) 
royman0785: posts small blind $0.10
Idahoboy: posts big blind $0.25
*** HOLE CARDS ***
Dealt to Alameda22 [Qc 6c]
mailman2005: folds 
ulba0404: folds 
wdbart64: raises $0.50 to $0.75
Alameda22: folds 
enright3060: folds 
mmffo: folds 
FEARisPOWER: folds 
royman0785: folds 
Idahoboy: calls $0.50
*** FLOP *** [8h 4s 9c]
Idahoboy: checks 
wdbart64: checks 
*** TURN *** [8h 4s 9c] [Kh]
Idahoboy: checks 
wdbart64: checks 
*** RIVER *** [8h 4s 9c Kh] [Qh]
Idahoboy: checks 
wdbart64: checks 
*** SHOW DOWN ***
Idahoboy: shows [6d 6s] (a pair of Sixes)
wdbart64: mucks hand 
Idahoboy collected $1.55 from pot
*** SUMMARY ***
Total pot $1.60 | Rake $0.05 
Board [8h 4s 9c Kh Qh]
Seat 1: ulba0404 folded before Flop (didn't bet)
Seat 2: wdbart64 mucked [Jc Ac]
Seat 3: Alameda22 folded before Flop (didn't bet)
Seat 4: enright3060 folded before Flop (didn't bet)
Seat 5: mmffo folded before Flop (didn't bet)
Seat 6: FEARisPOWER (button) folded before Flop (didn't bet)
Seat 7: royman0785 (small blind) folded before Flop
Seat 8: Idahoboy (big blind) showed [6d 6s] and won ($1.55) with a pair of Sixes
Seat 9: mailman2005 folded before Flop (didn't bet)



PokerStars Game #19827572837:  Hold'em No Limit ($0.10/$0.25) - 2008/08/23 - 01:46:18 (ET)
Table 'Gawain III' 9-max Seat #7 is the button
Seat 1: ulba0404 ($24.65 in chips) 
Seat 2: wdbart64 ($27.25 in chips) 
Seat 3: Alameda22 ($37.95 in chips) 
Seat 4: enright3060 ($39.90 in chips) 
Seat 5: mmffo ($13.55 in chips) 
Seat 6: FEARisPOWER ($26 in chips) 
Seat 7: royman0785 ($23.20 in chips) 
Seat 8: Idahoboy ($24.50 in chips) 
Seat 9: mailman2005 ($15.10 in chips) 
Idahoboy: posts small blind $0.10
mailman2005: posts big blind $0.25
*** HOLE CARDS ***
Dealt to Alameda22 [4c 8s]
ulba0404: folds 
wdbart64: folds 
Alameda22: folds 
enright3060: folds 
mmffo: folds 
FEARisPOWER: raises $0.75 to $1
royman0785: folds 
Idahoboy: folds 
mailman2005: folds 
Uncalled bet ($0.75) returned to FEARisPOWER
FEARisPOWER collected $0.60 from pot
FEARisPOWER: doesn't show hand 
*** SUMMARY ***
Total pot $0.60 | Rake $0 
Seat 1: ulba0404 folded before Flop (didn't bet)
Seat 2: wdbart64 folded before Flop (didn't bet)
Seat 3: Alameda22 folded before Flop (didn't bet)
Seat 4: enright3060 folded before Flop (didn't bet)
Seat 5: mmffo folded before Flop (didn't bet)
Seat 6: FEARisPOWER collected ($0.60)
Seat 7: royman0785 (button) folded before Flop (didn't bet)
Seat 8: Idahoboy (small blind) folded before Flop
Seat 9: mailman2005 (big blind) folded before Flop



PokerStars Game #19827581471:  Hold'em No Limit ($0.10/$0.25) - 2008/08/23 - 01:46:55 (ET)
Table 'Gawain III' 9-max Seat #8 is the button
Seat 1: ulba0404 ($24.65 in chips) 
Seat 2: wdbart64 ($27.25 in chips) 
Seat 3: Alameda22 ($37.95 in chips) 
Seat 4: enright3060 ($39.90 in chips) 
Seat 5: mmffo ($13.55 in chips) 
Seat 6: FEARisPOWER ($26.35 in chips) 
Seat 7: royman0785 ($23.20 in chips) 
Seat 8: Idahoboy ($24.40 in chips) 
Seat 9: mailman2005 ($14.85 in chips) 
mailman2005: posts small blind $0.10
ulba0404: posts big blind $0.25
*** HOLE CARDS ***
Dealt to Alameda22 [5c 5d]
wdbart64: calls $0.25
Alameda22: calls $0.25
enright3060: folds 
mmffo: calls $0.25
FEARisPOWER: folds 
royman0785: folds 
Idahoboy: folds 
mailman2005: folds 
ulba0404: raises $1.25 to $1.50
wdbart64: folds 
Alameda22: calls $1.25
mmffo: folds 
*** FLOP *** [Ks 9h 2c]
ulba0404: bets $2.50
Alameda22: folds 
Uncalled bet ($2.50) returned to ulba0404
ulba0404 collected $3.45 from pot
ulba0404: doesn't show hand 
*** SUMMARY ***
Total pot $3.60 | Rake $0.15 
Board [Ks 9h 2c]
Seat 1: ulba0404 (big blind) collected ($3.45)
Seat 2: wdbart64 folded before Flop
Seat 3: Alameda22 folded on the Flop
Seat 4: enright3060 folded before Flop (didn't bet)
Seat 5: mmffo folded before Flop
Seat 6: FEARisPOWER folded before Flop (didn't bet)
Seat 7: royman0785 folded before Flop (didn't bet)
Seat 8: Idahoboy (button) folded before Flop (didn't bet)
Seat 9: mailman2005 (small blind) folded before Flop



PokerStars Game #19827599507:  Hold'em No Limit ($0.10/$0.25) - 2008/08/23 - 01:48:12 (ET)
Table 'Gawain III' 9-max Seat #9 is the button
Seat 1: ulba0404 ($26.60 in chips) 
Seat 2: wdbart64 ($27 in chips) 
Seat 3: Alameda22 ($36.45 in chips) 
Seat 4: enright3060 ($39.90 in chips) 
Seat 5: mmffo ($13.30 in chips) 
Seat 6: FEARisPOWER ($26.35 in chips) 
Seat 7: royman0785 ($23.20 in chips) 
Seat 8: Idahoboy ($24.40 in chips) 
Seat 9: mailman2005 ($14.75 in chips) 
ulba0404: posts small blind $0.10
wdbart64: posts big blind $0.25
*** HOLE CARDS ***
Dealt to Alameda22 [Jd 7d]
Alameda22: folds 
enright3060: folds 
mmffo: folds 
FEARisPOWER: folds 
royman0785: folds 
Idahoboy: folds 
mailman2005: folds 
ulba0404: folds 
Uncalled bet ($0.15) returned to wdbart64
wdbart64 collected $0.20 from pot
wdbart64: doesn't show hand 
*** SUMMARY ***
Total pot $0.20 | Rake $0 
Seat 1: ulba0404 (small blind) folded before Flop
Seat 2: wdbart64 (big blind) collected ($0.20)
Seat 3: Alameda22 folded before Flop (didn't bet)
Seat 4: enright3060 folded before Flop (didn't bet)
Seat 5: mmffo folded before Flop (didn't bet)
Seat 6: FEARisPOWER folded before Flop (didn't bet)
Seat 7: royman0785 folded before Flop (didn't bet)
Seat 8: Idahoboy folded before Flop (didn't bet)
Seat 9: mailman2005 (button) folded before Flop (didn't bet)



PokerStars Game #19827605972:  Hold'em No Limit ($0.10/$0.25) - 2008/08/23 - 01:48:40 (ET)
Table 'Gawain III' 9-max Seat #1 is the button
Seat 1: ulba0404 ($26.50 in chips) 
Seat 2: wdbart64 ($27.10 in chips) 
Seat 3: Alameda22 ($36.45 in chips) 
Seat 4: enright3060 ($39.90 in chips) 
Seat 5: mmffo ($13.30 in chips) 
Seat 6: FEARisPOWER ($26.35 in chips) 
Seat 7: royman0785 ($23.20 in chips) 
Seat 8: Idahoboy ($24.40 in chips) 
Seat 9: mailman2005 ($14.75 in chips) 
wdbart64: posts small blind $0.10
Alameda22: posts big blind $0.25
*** HOLE CARDS ***
Dealt to Alameda22 [Kd 5c]
enright3060: folds 
mmffo: folds 
FEARisPOWER: folds 
royman0785: raises $0.50 to $0.75
Idahoboy: folds 
mailman2005: folds 
ulba0404: folds 
wdbart64: folds 
Alameda22: folds 
Uncalled bet ($0.50) returned to royman0785
royman0785 collected $0.60 from pot
royman0785: doesn't show hand 
*** SUMMARY ***
Total pot $0.60 | Rake $0 
Seat 1: ulba0404 (button) folded before Flop (didn't bet)
Seat 2: wdbart64 (small blind) folded before Flop
Seat 3: Alameda22 (big blind) folded before Flop
Seat 4: enright3060 folded before Flop (didn't bet)
Seat 5: mmffo folded before Flop (didn't bet)
Seat 6: FEARisPOWER folded before Flop (didn't bet)
Seat 7: royman0785 collected ($0.60)
Seat 8: Idahoboy folded before Flop (didn't bet)
Seat 9: mailman2005 folded before Flop (didn't bet)



PokerStars Game #19827615819:  Hold'em No Limit ($0.10/$0.25) - 2008/08/23 - 01:49:22 (ET)
Table 'Gawain III' 9-max Seat #2 is the button
Seat 1: ulba0404 ($26.50 in chips) 
Seat 2: wdbart64 ($27 in chips) 
Seat 3: Alameda22 ($36.20 in chips) 
Seat 4: enright3060 ($39.90 in chips) 
Seat 5: mmffo ($13.30 in chips) 
Seat 6: FEARisPOWER ($26.35 in chips) 
Seat 7: royman0785 ($23.55 in chips) 
Seat 8: Idahoboy ($24.40 in chips) 
Seat 9: mailman2005 ($14.75 in chips) 
Alameda22: posts small blind $0.10
enright3060: posts big blind $0.25
*** HOLE CARDS ***
Dealt to Alameda22 [Js 8s]
mmffo: calls $0.25
FEARisPOWER: folds 
royman0785: folds 
Idahoboy: folds 
mailman2005: folds 
ulba0404: folds 
wdbart64: folds 
Alameda22: folds 
enright3060: checks 
*** FLOP *** [Qc Qd 6c]
enright3060: checks 
mmffo: bets $0.25
enright3060: folds 
Uncalled bet ($0.25) returned to mmffo
mmffo collected $0.60 from pot
mmffo: doesn't show hand 
*** SUMMARY ***
Total pot $0.60 | Rake $0 
Board [Qc Qd 6c]
Seat 1: ulba0404 folded before Flop (didn't bet)
Seat 2: wdbart64 (button) folded before Flop (didn't bet)
Seat 3: Alameda22 (small blind) folded before Flop
Seat 4: enright3060 (big blind) folded on the Flop
Seat 5: mmffo collected ($0.60)
Seat 6: FEARisPOWER folded before Flop (didn't bet)
Seat 7: royman0785 folded before Flop (didn't bet)
Seat 8: Idahoboy folded before Flop (didn't bet)
Seat 9: mailman2005 folded before Flop (didn't bet)



PokerStars Game #19827624445:  Hold'em No Limit ($0.10/$0.25) - 2008/08/23 - 01:50:00 (ET)
Table 'Gawain III' 9-max Seat #3 is the button
Seat 1: ulba0404 ($26.50 in chips) 
Seat 2: wdbart64 ($27 in chips) 
Seat 3: Alameda22 ($36.10 in chips) 
Seat 4: enright3060 ($39.65 in chips) 
Seat 5: mmffo ($13.65 in chips) 
Seat 6: FEARisPOWER ($26.35 in chips) 
Seat 7: royman0785 ($23.55 in chips) 
Seat 8: Idahoboy ($24.40 in chips) 
Seat 9: mailman2005 ($14.75 in chips) 
enright3060: posts small blind $0.10
mmffo: posts big blind $0.25
*** HOLE CARDS ***
Dealt to Alameda22 [Jh Js]
FEARisPOWER: folds 
royman0785: folds 
Idahoboy: calls $0.25
mailman2005: folds 
ulba0404: folds 
wdbart64: calls $0.25
Alameda22: raises $0.75 to $1
enright3060: folds 
mmffo: folds 
Idahoboy: calls $0.75
wdbart64: calls $0.75
*** FLOP *** [9h Ad 2d]
Idahoboy: checks 
wdbart64: checks 
Alameda22: bets $2
Idahoboy: raises $3 to $5
wdbart64: folds 
Alameda22: folds 
Uncalled bet ($3) returned to Idahoboy
Idahoboy collected $7 from pot
Idahoboy: doesn't show hand 
*** SUMMARY ***
Total pot $7.35 | Rake $0.35 
Board [9h Ad 2d]
Seat 1: ulba0404 folded before Flop (didn't bet)
Seat 2: wdbart64 folded on the Flop
Seat 3: Alameda22 (button) folded on the Flop
Seat 4: enright3060 (small blind) folded before Flop
Seat 5: mmffo (big blind) folded before Flop
Seat 6: FEARisPOWER folded before Flop (didn't bet)
Seat 7: royman0785 folded before Flop (didn't bet)
Seat 8: Idahoboy collected ($7)
Seat 9: mailman2005 folded before Flop (didn't bet)



PokerStars Game #19827645364:  Hold'em No Limit ($0.10/$0.25) - 2008/08/23 - 01:51:31 (ET)
Table 'Gawain III' 9-max Seat #4 is the button
Seat 1: ulba0404 ($26.50 in chips) 
Seat 2: wdbart64 ($26 in chips) 
Seat 3: Alameda22 ($33.10 in chips) 
Seat 4: enright3060 ($39.55 in chips) 
Seat 5: mmffo ($13.40 in chips) 
Seat 6: FEARisPOWER ($26.35 in chips) 
Seat 7: royman0785 ($23.55 in chips) 
Seat 8: Idahoboy ($28.40 in chips) 
Seat 9: mailman2005 ($14.75 in chips) 
mmffo: posts small blind $0.10
FEARisPOWER: posts big blind $0.25
*** HOLE CARDS ***
Dealt to Alameda22 [2s 4h]
royman0785: folds 
Idahoboy: calls $0.25
mailman2005: folds 
ulba0404: calls $0.25
wdbart64: folds 
Alameda22: folds 
enright3060: folds 
mmffo: folds 
FEARisPOWER: checks 
*** FLOP *** [9h 6h 7s]
FEARisPOWER: checks 
Idahoboy: checks 
ulba0404: bets $2.25
FEARisPOWER: folds 
Idahoboy: folds 
Uncalled bet ($2.25) returned to ulba0404
ulba0404 collected $0.85 from pot
ulba0404: doesn't show hand 
*** SUMMARY ***
Total pot $0.85 | Rake $0 
Board [9h 6h 7s]
Seat 1: ulba0404 collected ($0.85)
Seat 2: wdbart64 folded before Flop (didn't bet)
Seat 3: Alameda22 folded before Flop (didn't bet)
Seat 4: enright3060 (button) folded before Flop (didn't bet)
Seat 5: mmffo (small blind) folded before Flop
Seat 6: FEARisPOWER (big blind) folded on the Flop
Seat 7: royman0785 folded before Flop (didn't bet)
Seat 8: Idahoboy folded on the Flop
Seat 9: mailman2005 folded before Flop (didn't bet)



PokerStars Game #19827660370:  Hold'em No Limit ($0.10/$0.25) - 2008/08/23 - 01:52:37 (ET)
Table 'Gawain III' 9-max Seat #5 is the button
Seat 1: ulba0404 ($27.10 in chips) 
Seat 2: wdbart64 ($26 in chips) 
Seat 3: Alameda22 ($33.10 in chips) 
Seat 4: enright3060 ($39.55 in chips) 
Seat 5: mmffo ($13.30 in chips) 
Seat 6: FEARisPOWER ($26.10 in chips) 
Seat 7: royman0785 ($23.55 in chips) 
Seat 8: Idahoboy ($28.15 in chips) 
Seat 9: mailman2005 ($14.75 in chips) 
FEARisPOWER: posts small blind $0.10
royman0785: posts big blind $0.25
*** HOLE CARDS ***
Dealt to Alameda22 [9h 6d]
Idahoboy: calls $0.25
mailman2005: folds 
ulba0404: folds 
wdbart64: folds 
Alameda22: folds 
enright3060: folds 
mmffo: calls $0.25
FEARisPOWER: calls $0.15
royman0785: checks 
*** FLOP *** [6c 6s 7s]
FEARisPOWER: checks 
royman0785: checks 
Idahoboy: bets $0.75
mmffo: folds 
FEARisPOWER: folds 
royman0785: folds 
Uncalled bet ($0.75) returned to Idahoboy
Idahoboy collected $0.95 from pot
*** SUMMARY ***
Total pot $1 | Rake $0.05 
Board [6c 6s 7s]
Seat 1: ulba0404 folded before Flop (didn't bet)
Seat 2: wdbart64 folded before Flop (didn't bet)
Seat 3: Alameda22 folded before Flop (didn't bet)
Seat 4: enright3060 folded before Flop (didn't bet)
Seat 5: mmffo (button) folded on the Flop
Seat 6: FEARisPOWER (small blind) folded on the Flop
Seat 7: royman0785 (big blind) folded on the Flop
Seat 8: Idahoboy collected ($0.95)
Seat 9: mailman2005 folded before Flop (didn't bet)



PokerStars Game #19827679819:  Hold'em No Limit ($0.10/$0.25) - 2008/08/23 - 01:54:02 (ET)
Table 'Gawain III' 9-max Seat #6 is the button
Seat 1: ulba0404 ($27.10 in chips) 
Seat 2: wdbart64 ($26 in chips) 
Seat 3: Alameda22 ($33.10 in chips) 
Seat 4: enright3060 ($39.55 in chips) 
Seat 5: mmffo ($13.05 in chips) 
Seat 6: FEARisPOWER ($25.85 in chips) 
Seat 7: royman0785 ($23.30 in chips) 
Seat 8: Idahoboy ($28.85 in chips) 
Seat 9: mailman2005 ($14.75 in chips) 
royman0785: posts small blind $0.10
Idahoboy: posts big blind $0.25
*** HOLE CARDS ***
Dealt to Alameda22 [2c Qc]
mailman2005: folds 
ulba0404: folds 
wdbart64: folds 
Alameda22: folds 
enright3060: folds 
mmffo: folds 
FEARisPOWER: folds 
royman0785: raises $0.75 to $1
Idahoboy: folds 
Uncalled bet ($0.75) returned to royman0785
royman0785 collected $0.50 from pot
royman0785: doesn't show hand 
*** SUMMARY ***
Total pot $0.50 | Rake $0 
Seat 1: ulba0404 folded before Flop (didn't bet)
Seat 2: wdbart64 folded before Flop (didn't bet)
Seat 3: Alameda22 folded before Flop (didn't bet)
Seat 4: enright3060 folded before Flop (didn't bet)
Seat 5: mmffo folded before Flop (didn't bet)
Seat 6: FEARisPOWER (button) folded before Flop (didn't bet)
Seat 7: royman0785 (small blind) collected ($0.50)
Seat 8: Idahoboy (big blind) folded before Flop
Seat 9: mailman2005 folded before Flop (didn't bet)



PokerStars Game #19827686890:  Hold'em No Limit ($0.10/$0.25) - 2008/08/23 - 01:54:33 (ET)
Table 'Gawain III' 9-max Seat #7 is the button
Seat 1: ulba0404 ($27.10 in chips) 
Seat 2: wdbart64 ($26 in chips) 
Seat 3: Alameda22 ($33.10 in chips) 
Seat 4: enright3060 ($39.55 in chips) 
Seat 5: mmffo ($13.05 in chips) 
Seat 6: FEARisPOWER ($25.85 in chips) 
Seat 7: royman0785 ($23.55 in chips) 
Seat 8: Idahoboy ($28.60 in chips) 
Seat 9: mailman2005 ($14.75 in chips) 
Idahoboy: posts small blind $0.10
mailman2005: posts big blind $0.25
*** HOLE CARDS ***
Dealt to Alameda22 [8h Kc]
ulba0404: calls $0.25
wdbart64: folds 
Alameda22: folds 
enright3060: folds 
mmffo: folds 
FEARisPOWER: folds 
royman0785: folds 
Idahoboy: folds 
mailman2005: checks 
*** FLOP *** [3s Qc Ts]
mailman2005: checks 
ulba0404: bets $0.75
mailman2005: folds 
Uncalled bet ($0.75) returned to ulba0404
ulba0404 collected $0.60 from pot
ulba0404: doesn't show hand 
*** SUMMARY ***
Total pot $0.60 | Rake $0 
Board [3s Qc Ts]
Seat 1: ulba0404 collected ($0.60)
Seat 2: wdbart64 folded before Flop (didn't bet)
Seat 3: Alameda22 folded before Flop (didn't bet)
Seat 4: enright3060 folded before Flop (didn't bet)
Seat 5: mmffo folded before Flop (didn't bet)
Seat 6: FEARisPOWER folded before Flop (didn't bet)
Seat 7: royman0785 (button) folded before Flop (didn't bet)
Seat 8: Idahoboy (small blind) folded before Flop
Seat 9: mailman2005 (big blind) folded on the Flop



PokerStars Game #19827697424:  Hold'em No Limit ($0.10/$0.25) - 2008/08/23 - 01:55:20 (ET)
Table 'Gawain III' 9-max Seat #8 is the button
Seat 1: ulba0404 ($27.45 in chips) 
Seat 2: wdbart64 ($26 in chips) 
Seat 3: Alameda22 ($33.10 in chips) 
Seat 4: enright3060 ($39.55 in chips) 
Seat 5: mmffo ($13.05 in chips) 
Seat 6: FEARisPOWER ($25.85 in chips) 
Seat 7: royman0785 ($23.55 in chips) 
Seat 8: Idahoboy ($28.50 in chips) 
Seat 9: mailman2005 ($14.50 in chips) 
mailman2005: posts small blind $0.10
ulba0404: posts big blind $0.25
*** HOLE CARDS ***
Dealt to Alameda22 [3c 7s]
wdbart64: calls $0.25
Alameda22: folds 
enright3060: folds 
mmffo: calls $0.25
FEARisPOWER: folds 
royman0785: folds 
Idahoboy: folds 
mailman2005: folds 
ulba0404: checks 
*** FLOP *** [9h 6s 9s]
ulba0404: checks 
wdbart64: checks 
mmffo: checks 
*** TURN *** [9h 6s 9s] [4d]
ulba0404: checks 
wdbart64: checks 
mmffo: checks 
*** RIVER *** [9h 6s 9s 4d] [5s]
ulba0404: checks 
wdbart64: checks 
mmffo: checks 
*** SHOW DOWN ***
ulba0404: shows [6c 7d] (two pair, Nines and Sixes)
wdbart64: mucks hand 
mmffo: mucks hand 
ulba0404 collected $0.85 from pot
*** SUMMARY ***
Total pot $0.85 | Rake $0 
Board [9h 6s 9s 4d 5s]
Seat 1: ulba0404 (big blind) showed [6c 7d] and won ($0.85) with two pair, Nines and Sixes
Seat 2: wdbart64 mucked [As 5d]
Seat 3: Alameda22 folded before Flop (didn't bet)
Seat 4: enright3060 folded before Flop (didn't bet)
Seat 5: mmffo mucked [Qh Th]
Seat 6: FEARisPOWER folded before Flop (didn't bet)
Seat 7: royman0785 folded before Flop (didn't bet)
Seat 8: Idahoboy (button) folded before Flop (didn't bet)
Seat 9: mailman2005 (small blind) folded before Flop



PokerStars Game #19827712643:  Hold'em No Limit ($0.10/$0.25) - 2008/08/23 - 01:56:28 (ET)
Table 'Gawain III' 9-max Seat #9 is the button
Seat 1: ulba0404 ($28.05 in chips) 
Seat 2: wdbart64 ($25.75 in chips) 
Seat 3: Alameda22 ($33.10 in chips) 
Seat 4: enright3060 ($39.55 in chips) 
Seat 5: mmffo ($12.80 in chips) 
Seat 6: FEARisPOWER ($25.85 in chips) 
Seat 7: royman0785 ($23.55 in chips) 
Seat 8: Idahoboy ($28.50 in chips) 
Seat 9: mailman2005 ($14.40 in chips) 
ulba0404: posts small blind $0.10
wdbart64: posts big blind $0.25
*** HOLE CARDS ***
Dealt to Alameda22 [8h 3h]
Alameda22: folds 
enright3060: folds 
mmffo: calls $0.25
FEARisPOWER: folds 
royman0785: folds 
Idahoboy: folds 
mailman2005: folds 
ulba0404: folds 
wdbart64: raises $0.75 to $1
mmffo: folds 
Uncalled bet ($0.75) returned to wdbart64
wdbart64 collected $0.60 from pot
wdbart64: doesn't show hand 
*** SUMMARY ***
Total pot $0.60 | Rake $0 
Seat 1: ulba0404 (small blind) folded before Flop
Seat 2: wdbart64 (big blind) collected ($0.60)
Seat 3: Alameda22 folded before Flop (didn't bet)
Seat 4: enright3060 folded before Flop (didn't bet)
Seat 5: mmffo folded before Flop
Seat 6: FEARisPOWER folded before Flop (didn't bet)
Seat 7: royman0785 folded before Flop (didn't bet)
Seat 8: Idahoboy folded before Flop (didn't bet)
Seat 9: mailman2005 (button) folded before Flop (didn't bet)



PokerStars Game #19827721359:  Hold'em No Limit ($0.10/$0.25) - 2008/08/23 - 01:57:06 (ET)
Table 'Gawain III' 9-max Seat #1 is the button
Seat 1: ulba0404 ($27.95 in chips) 
Seat 2: wdbart64 ($26.10 in chips) 
Seat 3: Alameda22 ($33.10 in chips) 
Seat 4: enright3060 ($39.55 in chips) 
Seat 5: mmffo ($12.55 in chips) 
Seat 6: FEARisPOWER ($25.85 in chips) 
Seat 7: royman0785 ($23.55 in chips) 
Seat 8: Idahoboy ($28.50 in chips) 
Seat 9: mailman2005 ($14.40 in chips) 
wdbart64: posts small blind $0.10
Alameda22: posts big blind $0.25
*** HOLE CARDS ***
Dealt to Alameda22 [6h Ac]
enright3060: folds 
mmffo: folds 
FEARisPOWER: folds 
royman0785: folds 
royman0785 is sitting out
Idahoboy: folds 
mailman2005: folds 
ulba0404: folds 
wdbart64: calls $0.15
Alameda22: checks 
*** FLOP *** [7s 5c Kh]
wdbart64: checks 
Alameda22: checks 
*** TURN *** [7s 5c Kh] [Kd]
wdbart64: checks 
Alameda22: checks 
*** RIVER *** [7s 5c Kh Kd] [Ks]
wdbart64: checks 
Alameda22: checks 
*** SHOW DOWN ***
wdbart64: shows [8c 6d] (three of a kind, Kings)
Alameda22: shows [6h Ac] (three of a kind, Kings - Ace kicker)
Alameda22 collected $0.50 from pot
*** SUMMARY ***
Total pot $0.50 | Rake $0 
Board [7s 5c Kh Kd Ks]
Seat 1: ulba0404 (button) folded before Flop (didn't bet)
Seat 2: wdbart64 (small blind) showed [8c 6d] and lost with three of a kind, Kings
Seat 3: Alameda22 (big blind) showed [6h Ac] and won ($0.50) with three of a kind, Kings
Seat 4: enright3060 folded before Flop (didn't bet)
Seat 5: mmffo folded before Flop (didn't bet)
Seat 6: FEARisPOWER folded before Flop (didn't bet)
Seat 7: royman0785 folded before Flop (didn't bet)
Seat 8: Idahoboy folded before Flop (didn't bet)
Seat 9: mailman2005 folded before Flop (didn't bet)



PokerStars Game #19827738976:  Hold'em No Limit ($0.10/$0.25) - 2008/08/23 - 01:58:25 (ET)
Table 'Gawain III' 9-max Seat #2 is the button
Seat 1: ulba0404 ($27.95 in chips) 
Seat 2: wdbart64 ($25.85 in chips) 
Seat 3: Alameda22 ($33.35 in chips) 
Seat 4: enright3060 ($39.55 in chips) 
Seat 5: mmffo ($12.55 in chips) 
Seat 6: FEARisPOWER ($25.85 in chips) 
Seat 8: Idahoboy ($28.50 in chips) 
Seat 9: mailman2005 ($14.40 in chips) 
Alameda22: posts small blind $0.10
enright3060: posts big blind $0.25
*** HOLE CARDS ***
Dealt to Alameda22 [5c 9c]
mmffo: folds 
FEARisPOWER: folds 
Idahoboy: folds 
mailman2005: folds 
ulba0404: folds 
wdbart64: folds 
Alameda22: folds 
Uncalled bet ($0.15) returned to enright3060
enright3060 collected $0.20 from pot
*** SUMMARY ***
Total pot $0.20 | Rake $0 
Seat 1: ulba0404 folded before Flop (didn't bet)
Seat 2: wdbart64 (button) folded before Flop (didn't bet)
Seat 3: Alameda22 (small blind) folded before Flop
Seat 4: enright3060 (big blind) collected ($0.20)
Seat 5: mmffo folded before Flop (didn't bet)
Seat 6: FEARisPOWER folded before Flop (didn't bet)
Seat 8: Idahoboy folded before Flop (didn't bet)
Seat 9: mailman2005 folded before Flop (didn't bet)



PokerStars Game #19827743325:  Hold'em No Limit ($0.10/$0.25) - 2008/08/23 - 01:58:44 (ET)
Table 'Gawain III' 9-max Seat #3 is the button
Seat 1: ulba0404 ($27.95 in chips) 
Seat 2: wdbart64 ($25.85 in chips) 
Seat 3: Alameda22 ($33.25 in chips) 
Seat 4: enright3060 ($39.65 in chips) 
Seat 5: mmffo ($12.55 in chips) 
Seat 6: FEARisPOWER ($25.85 in chips) 
Seat 8: Idahoboy ($28.50 in chips) 
Seat 9: mailman2005 ($14.40 in chips) 
enright3060: posts small blind $0.10
mmffo: posts big blind $0.25
*** HOLE CARDS ***
Dealt to Alameda22 [Kd Ad]
FEARisPOWER: folds 
Idahoboy: folds 
mailman2005: folds 
ulba0404: folds 
wdbart64: folds 
Alameda22: raises $0.50 to $0.75
enright3060: folds 
mmffo: folds 
Uncalled bet ($0.50) returned to Alameda22
Alameda22 collected $0.60 from pot
Alameda22: doesn't show hand 
*** SUMMARY ***
Total pot $0.60 | Rake $0 
Seat 1: ulba0404 folded before Flop (didn't bet)
Seat 2: wdbart64 folded before Flop (didn't bet)
Seat 3: Alameda22 (button) collected ($0.60)
Seat 4: enright3060 (small blind) folded before Flop
Seat 5: mmffo (big blind) folded before Flop
Seat 6: FEARisPOWER folded before Flop (didn't bet)
Seat 8: Idahoboy folded before Flop (didn't bet)
Seat 9: mailman2005 folded before Flop (didn't bet)



PokerStars Game #19827750798:  Hold'em No Limit ($0.10/$0.25) - 2008/08/23 - 01:59:18 (ET)
Table 'Gawain III' 9-max Seat #4 is the button
Seat 1: ulba0404 ($27.95 in chips) 
Seat 2: wdbart64 ($25.85 in chips) 
Seat 3: Alameda22 ($33.60 in chips) 
Seat 4: enright3060 ($39.55 in chips) 
Seat 5: mmffo ($12.30 in chips) 
Seat 6: FEARisPOWER ($25.85 in chips) 
Seat 8: Idahoboy ($28.50 in chips) 
Seat 9: mailman2005 ($14.40 in chips) 
mmffo: posts small blind $0.10
FEARisPOWER: posts big blind $0.25
*** HOLE CARDS ***
Dealt to Alameda22 [Kc 8s]
Idahoboy: folds 
mailman2005: folds 
ulba0404: folds 
wdbart64: calls $0.25
Alameda22: folds 
enright3060: folds 
mmffo: folds 
FEARisPOWER: checks 
*** FLOP *** [Ks 9h Jd]
FEARisPOWER: checks 
wdbart64: checks 
*** TURN *** [Ks 9h Jd] [Ts]
FEARisPOWER: checks 
wdbart64: checks 
*** RIVER *** [Ks 9h Jd Ts] [6c]
FEARisPOWER: checks 
wdbart64: checks 
*** SHOW DOWN ***
FEARisPOWER: shows [5c Kh] (a pair of Kings)
wdbart64: mucks hand 
FEARisPOWER collected $0.60 from pot
*** SUMMARY ***
Total pot $0.60 | Rake $0 
Board [Ks 9h Jd Ts 6c]
Seat 1: ulba0404 folded before Flop (didn't bet)
Seat 2: wdbart64 mucked [Ac 7s]
Seat 3: Alameda22 folded before Flop (didn't bet)
Seat 4: enright3060 (button) folded before Flop (didn't bet)
Seat 5: mmffo (small blind) folded before Flop
Seat 6: FEARisPOWER (big blind) showed [5c Kh] and won ($0.60) with a pair of Kings
Seat 8: Idahoboy folded before Flop (didn't bet)
Seat 9: mailman2005 folded before Flop (didn't bet)



PokerStars Game #19827771036:  Hold'em No Limit ($0.10/$0.25) - 2008/08/23 - 02:00:49 (ET)
Table 'Gawain III' 9-max Seat #5 is the button
Seat 1: ulba0404 ($27.95 in chips) 
Seat 2: wdbart64 ($25.60 in chips) 
Seat 3: Alameda22 ($33.60 in chips) 
Seat 4: enright3060 ($39.55 in chips) 
Seat 5: mmffo ($12.20 in chips) 
Seat 6: FEARisPOWER ($26.20 in chips) 
Seat 8: Idahoboy ($28.50 in chips) 
Seat 9: mailman2005 ($14.40 in chips) 
FEARisPOWER: posts small blind $0.10
Idahoboy: posts big blind $0.25
*** HOLE CARDS ***
Dealt to Alameda22 [Td 2s]
mailman2005: calls $0.25
ulba0404: folds 
wdbart64: calls $0.25
Alameda22: folds 
enright3060: folds 
mmffo: folds 
FEARisPOWER: folds 
Idahoboy: checks 
*** FLOP *** [Qs 6h 9h]
Idahoboy: checks 
mailman2005: checks 
wdbart64: checks 
*** TURN *** [Qs 6h 9h] [5h]
Idahoboy: checks 
mailman2005: checks 
wdbart64: bets $0.75
Idahoboy: calls $0.75
mailman2005: folds 
*** RIVER *** [Qs 6h 9h 5h] [Kh]
Idahoboy: checks 
wdbart64: bets $0.75
royman0785 has returned
Idahoboy: folds 
Uncalled bet ($0.75) returned to wdbart64
wdbart64 collected $2.25 from pot
wdbart64: doesn't show hand 
*** SUMMARY ***
Total pot $2.35 | Rake $0.10 
Board [Qs 6h 9h 5h Kh]
Seat 1: ulba0404 folded before Flop (didn't bet)
Seat 2: wdbart64 collected ($2.25)
Seat 3: Alameda22 folded before Flop (didn't bet)
Seat 4: enright3060 folded before Flop (didn't bet)
Seat 5: mmffo (button) folded before Flop (didn't bet)
Seat 6: FEARisPOWER (small blind) folded before Flop
Seat 8: Idahoboy (big blind) folded on the River
Seat 9: mailman2005 folded on the Turn



PokerStars Game #19827793912:  Hold'em No Limit ($0.10/$0.25) - 2008/08/23 - 02:02:32 (ET)
Table 'Gawain III' 9-max Seat #6 is the button
Seat 1: ulba0404 ($27.95 in chips) 
Seat 2: wdbart64 ($26.85 in chips) 
Seat 3: Alameda22 ($33.60 in chips) 
Seat 4: enright3060 ($39.55 in chips) 
Seat 5: mmffo ($12.20 in chips) 
Seat 6: FEARisPOWER ($26.10 in chips) 
Seat 8: Idahoboy ($27.50 in chips) 
Seat 9: mailman2005 ($14.15 in chips) 
royman0785 will be allowed to play after the button
Idahoboy: posts small blind $0.10
mailman2005: posts big blind $0.25
*** HOLE CARDS ***
Dealt to Alameda22 [6d Kh]
ulba0404: folds 
wdbart64: folds 
Alameda22: folds 
enright3060: folds 
mmffo: folds 
FEARisPOWER: folds 
Idahoboy: folds 
Uncalled bet ($0.15) returned to mailman2005
mailman2005 collected $0.20 from pot
*** SUMMARY ***
Total pot $0.20 | Rake $0 
Seat 1: ulba0404 folded before Flop (didn't bet)
Seat 2: wdbart64 folded before Flop (didn't bet)
Seat 3: Alameda22 folded before Flop (didn't bet)
Seat 4: enright3060 folded before Flop (didn't bet)
Seat 5: mmffo folded before Flop (didn't bet)
Seat 6: FEARisPOWER (button) folded before Flop (didn't bet)
Seat 8: Idahoboy (small blind) folded before Flop
Seat 9: mailman2005 (big blind) collected ($0.20)



PokerStars Game #19827801136:  Hold'em No Limit ($0.10/$0.25) - 2008/08/23 - 02:03:04 (ET)
Table 'Gawain III' 9-max Seat #8 is the button
Seat 1: ulba0404 ($27.95 in chips) 
Seat 2: wdbart64 ($26.85 in chips) 
Seat 3: Alameda22 ($33.60 in chips) 
Seat 4: enright3060 ($39.55 in chips) 
Seat 5: mmffo ($12.20 in chips) 
Seat 6: FEARisPOWER ($26.10 in chips) 
Seat 7: royman0785 ($23.55 in chips) 
Seat 8: Idahoboy ($27.40 in chips) 
Seat 9: mailman2005 ($14.25 in chips) 
mailman2005: posts small blind $0.10
ulba0404: posts big blind $0.25
royman0785: posts small & big blinds $0.35
*** HOLE CARDS ***
Dealt to Alameda22 [6c 9c]
wdbart64: folds 
Alameda22: folds 
enright3060: folds 
mmffo: folds 
FEARisPOWER: folds 
royman0785: checks 
Idahoboy: calls $0.25
mailman2005: folds 
ulba0404: checks 
*** FLOP *** [8d 6h Ah]
ulba0404: checks 
royman0785: checks 
Idahoboy: bets $0.50
ulba0404: folds 
royman0785: folds 
Uncalled bet ($0.50) returned to Idahoboy
Idahoboy collected $0.95 from pot
Idahoboy: doesn't show hand 
*** SUMMARY ***
Total pot $0.95 | Rake $0 
Board [8d 6h Ah]
Seat 1: ulba0404 (big blind) folded on the Flop
Seat 2: wdbart64 folded before Flop (didn't bet)
Seat 3: Alameda22 folded before Flop (didn't bet)
Seat 4: enright3060 folded before Flop (didn't bet)
Seat 5: mmffo folded before Flop (didn't bet)
Seat 6: FEARisPOWER folded before Flop (didn't bet)
Seat 7: royman0785 folded on the Flop
Seat 8: Idahoboy (button) collected ($0.95)
Seat 9: mailman2005 (small blind) folded before Flop



PokerStars Game #19827815965:  Hold'em No Limit ($0.10/$0.25) - 2008/08/23 - 02:04:12 (ET)
Table 'Gawain III' 9-max Seat #9 is the button
Seat 1: ulba0404 ($27.70 in chips) 
Seat 2: wdbart64 ($26.85 in chips) 
Seat 3: Alameda22 ($33.60 in chips) 
Seat 4: enright3060 ($39.55 in chips) 
Seat 5: mmffo ($12.20 in chips) 
Seat 6: FEARisPOWER ($26.10 in chips) 
Seat 7: royman0785 ($23.20 in chips) 
Seat 8: Idahoboy ($28.10 in chips) 
Seat 9: mailman2005 ($14.15 in chips) 
ulba0404: posts small blind $0.10
wdbart64: posts big blind $0.25
*** HOLE CARDS ***
Dealt to Alameda22 [Ac Tc]
Alameda22: folds 
enright3060: folds 
mmffo: calls $0.25
FEARisPOWER: folds 
royman0785: folds 
Idahoboy: folds 
Idahoboy is sitting out
mailman2005: folds 
ulba0404: folds 
wdbart64: checks 
*** FLOP *** [7c 9d Kc]
wdbart64: checks 
mmffo: checks 
*** TURN *** [7c 9d Kc] [Js]
wdbart64: checks 
mmffo: bets $0.25
wdbart64: calls $0.25
*** RIVER *** [7c 9d Kc Js] [8d]
wdbart64: checks 
mmffo: checks 
*** SHOW DOWN ***
wdbart64: shows [8h 6s] (a pair of Eights)
mmffo: shows [Jd Qc] (a pair of Jacks)
mmffo collected $1.05 from pot
*** SUMMARY ***
Total pot $1.10 | Rake $0.05 
Board [7c 9d Kc Js 8d]
Seat 1: ulba0404 (small blind) folded before Flop
Seat 2: wdbart64 (big blind) showed [8h 6s] and lost with a pair of Eights
Seat 3: Alameda22 folded before Flop (didn't bet)
Seat 4: enright3060 folded before Flop (didn't bet)
Seat 5: mmffo showed [Jd Qc] and won ($1.05) with a pair of Jacks
Seat 6: FEARisPOWER folded before Flop (didn't bet)
Seat 7: royman0785 folded before Flop (didn't bet)
Seat 8: Idahoboy folded before Flop (didn't bet)
Seat 9: mailman2005 (button) folded before Flop (didn't bet)



PokerStars Game #19827828232:  Hold'em No Limit ($0.10/$0.25) - 2008/08/23 - 02:05:07 (ET)
Table 'Gawain III' 9-max Seat #1 is the button
Seat 1: ulba0404 ($27.60 in chips) 
Seat 2: wdbart64 ($26.35 in chips) 
Seat 3: Alameda22 ($33.60 in chips) 
Seat 4: enright3060 ($39.55 in chips) 
Seat 5: mmffo ($12.75 in chips) 
Seat 6: FEARisPOWER ($26.10 in chips) 
Seat 7: royman0785 ($23.20 in chips) 
Seat 9: mailman2005 ($14.15 in chips) 
wdbart64: posts small blind $0.10
Alameda22: posts big blind $0.25
*** HOLE CARDS ***
Dealt to Alameda22 [Qd 4c]
enright3060: folds 
mmffo: calls $0.25
FEARisPOWER: folds 
royman0785: calls $0.25
mailman2005: folds 
ulba0404: folds 
wdbart64: calls $0.15
Alameda22: checks 
*** FLOP *** [Th Jh Js]
wdbart64: checks 
Idahoboy has returned
Alameda22: checks 
mmffo: checks 
royman0785: bets $1
wdbart64: folds 
Alameda22: folds 
mmffo: folds 
Uncalled bet ($1) returned to royman0785
royman0785 collected $0.95 from pot
royman0785: doesn't show hand 
*** SUMMARY ***
Total pot $1 | Rake $0.05 
Board [Th Jh Js]
Seat 1: ulba0404 (button) folded before Flop (didn't bet)
Seat 2: wdbart64 (small blind) folded on the Flop
Seat 3: Alameda22 (big blind) folded on the Flop
Seat 4: enright3060 folded before Flop (didn't bet)
Seat 5: mmffo folded on the Flop
Seat 6: FEARisPOWER folded before Flop (didn't bet)
Seat 7: royman0785 collected ($0.95)
Seat 9: mailman2005 folded before Flop (didn't bet)



PokerStars Game #19827843561:  Hold'em No Limit ($0.10/$0.25) - 2008/08/23 - 02:06:17 (ET)
Table 'Gawain III' 9-max Seat #2 is the button
Seat 1: ulba0404 ($27.60 in chips) 
Seat 2: wdbart64 ($26.10 in chips) 
Seat 3: Alameda22 ($33.35 in chips) 
Seat 4: enright3060 ($39.55 in chips) 
Seat 5: mmffo ($12.50 in chips) 
Seat 6: FEARisPOWER ($26.10 in chips) 
Seat 7: royman0785 ($23.90 in chips) 
Seat 8: Idahoboy ($28.10 in chips) 
Seat 9: mailman2005 ($14.15 in chips) 
Alameda22: posts small blind $0.10
enright3060: posts big blind $0.25
*** HOLE CARDS ***
Dealt to Alameda22 [9c Ts]
mmffo: calls $0.25
FEARisPOWER: folds 
royman0785: folds 
Idahoboy: folds 
mailman2005: folds 
ulba0404: folds 
wdbart64: calls $0.25
Alameda22: folds 
enright3060: checks 
*** FLOP *** [Ac 3h 6h]
enright3060: checks 
mmffo: checks 
wdbart64: checks 
*** TURN *** [Ac 3h 6h] [2s]
enright3060: checks 
mmffo: checks 
wdbart64: checks 
*** RIVER *** [Ac 3h 6h 2s] [9h]
enright3060: checks 
mmffo: checks 
wdbart64: checks 
*** SHOW DOWN ***
enright3060: shows [7c 5s] (high card Ace)
mmffo: shows [Qs Kd] (high card Ace - King kicker)
wdbart64: mucks hand 
mmffo collected $0.85 from pot
*** SUMMARY ***
Total pot $0.85 | Rake $0 
Board [Ac 3h 6h 2s 9h]
Seat 1: ulba0404 folded before Flop (didn't bet)
Seat 2: wdbart64 (button) mucked [7h 5c]
Seat 3: Alameda22 (small blind) folded before Flop
Seat 4: enright3060 (big blind) showed [7c 5s] and lost with high card Ace
Seat 5: mmffo showed [Qs Kd] and won ($0.85) with high card Ace
Seat 6: FEARisPOWER folded before Flop (didn't bet)
Seat 7: royman0785 folded before Flop (didn't bet)
Seat 8: Idahoboy folded before Flop (didn't bet)
Seat 9: mailman2005 folded before Flop (didn't bet)



PokerStars Game #19827858462:  Hold'em No Limit ($0.10/$0.25) - 2008/08/23 - 02:07:26 (ET)
Table 'Gawain III' 9-max Seat #3 is the button
Seat 1: ulba0404 ($27.60 in chips) 
Seat 2: wdbart64 ($25.85 in chips) 
Seat 3: Alameda22 ($33.25 in chips) 
Seat 4: enright3060 ($39.30 in chips) 
Seat 5: mmffo ($13.10 in chips) 
Seat 6: FEARisPOWER ($26.10 in chips) 
Seat 7: royman0785 ($23.90 in chips) 
Seat 8: Idahoboy ($28.10 in chips) 
Seat 9: mailman2005 ($14.15 in chips) 
enright3060: posts small blind $0.10
mmffo: posts big blind $0.25
*** HOLE CARDS ***
Dealt to Alameda22 [Ac 7c]
FEARisPOWER: folds 
royman0785: folds 
Idahoboy: folds 
mailman2005: folds 
ulba0404: folds 
wdbart64: raises $0.25 to $0.50
Alameda22: folds 
enright3060: calls $0.40
mmffo: folds 
*** FLOP *** [7d Jd 8s]
enright3060: checks 
wdbart64: checks 
*** TURN *** [7d Jd 8s] [9d]
enright3060: checks 
wdbart64: checks 
*** RIVER *** [7d Jd 8s 9d] [6c]
enright3060: checks 
wdbart64: checks 
*** SHOW DOWN ***
enright3060: shows [Jc Qc] (a pair of Jacks)
wdbart64: mucks hand 
enright3060 collected $1.20 from pot
*** SUMMARY ***
Total pot $1.25 | Rake $0.05 
Board [7d Jd 8s 9d 6c]
Seat 1: ulba0404 folded before Flop (didn't bet)
Seat 2: wdbart64 mucked [As 6s]
Seat 3: Alameda22 (button) folded before Flop (didn't bet)
Seat 4: enright3060 (small blind) showed [Jc Qc] and won ($1.20) with a pair of Jacks
Seat 5: mmffo (big blind) folded before Flop
Seat 6: FEARisPOWER folded before Flop (didn't bet)
Seat 7: royman0785 folded before Flop (didn't bet)
Seat 8: Idahoboy folded before Flop (didn't bet)
Seat 9: mailman2005 folded before Flop (didn't bet)



PokerStars Game #19827877687:  Hold'em No Limit ($0.10/$0.25) - 2008/08/23 - 02:08:54 (ET)
Table 'Gawain III' 9-max Seat #4 is the button
Seat 1: ulba0404 ($27.60 in chips) 
Seat 2: wdbart64 ($25.35 in chips) 
Seat 3: Alameda22 ($33.25 in chips) 
Seat 4: enright3060 ($40 in chips) 
Seat 5: mmffo ($12.85 in chips) 
Seat 6: FEARisPOWER ($26.10 in chips) 
Seat 7: royman0785 ($23.90 in chips) 
Seat 8: Idahoboy ($28.10 in chips) 
Seat 9: mailman2005 ($14.15 in chips) 
mmffo: posts small blind $0.10
FEARisPOWER: posts big blind $0.25
*** HOLE CARDS ***
Dealt to Alameda22 [9d 9c]
royman0785: folds 
Idahoboy: folds 
mailman2005: calls $0.25
ulba0404: folds 
wdbart64: calls $0.25
Alameda22: raises $1 to $1.25
enright3060: folds 
mmffo: folds 
FEARisPOWER: folds 
mailman2005: calls $1
wdbart64: folds 
*** FLOP *** [8c 3s Jd]
mailman2005: bets $0.50
Alameda22: raises $2 to $2.50
mailman2005: folds 
Uncalled bet ($2) returned to Alameda22
Alameda22 collected $3.95 from pot
Alameda22: doesn't show hand 
*** SUMMARY ***
Total pot $4.10 | Rake $0.15 
Board [8c 3s Jd]
Seat 1: ulba0404 folded before Flop (didn't bet)
Seat 2: wdbart64 folded before Flop
Seat 3: Alameda22 collected ($3.95)
Seat 4: enright3060 (button) folded before Flop (didn't bet)
Seat 5: mmffo (small blind) folded before Flop
Seat 6: FEARisPOWER (big blind) folded before Flop
Seat 7: royman0785 folded before Flop (didn't bet)
Seat 8: Idahoboy folded before Flop (didn't bet)
Seat 9: mailman2005 folded on the Flop



PokerStars Game #19827895183:  Hold'em No Limit ($0.10/$0.25) - 2008/08/23 - 02:10:18 (ET)
Table 'Gawain III' 9-max Seat #5 is the button
Seat 1: ulba0404 ($27.60 in chips) 
Seat 2: wdbart64 ($25.10 in chips) 
Seat 3: Alameda22 ($35.45 in chips) 
Seat 4: enright3060 ($40 in chips) 
Seat 5: mmffo ($12.75 in chips) 
Seat 6: FEARisPOWER ($25.85 in chips) 
Seat 7: royman0785 ($23.90 in chips) 
Seat 8: Idahoboy ($28.10 in chips) 
Seat 9: mailman2005 ($12.40 in chips) 
FEARisPOWER: posts small blind $0.10
royman0785: posts big blind $0.25
*** HOLE CARDS ***
Dealt to Alameda22 [8d 4c]
Idahoboy: calls $0.25
mailman2005: folds 
ulba0404: folds 
wdbart64: folds 
Alameda22: folds 
enright3060: calls $0.25
mmffo: calls $0.25
FEARisPOWER: folds 
royman0785: raises $0.75 to $1
Idahoboy: calls $0.75
enright3060: folds 
mmffo: calls $0.75
*** FLOP *** [Qc 4d Ts]
royman0785: bets $2.50
Idahoboy: folds 
mmffo: folds 
Uncalled bet ($2.50) returned to royman0785
royman0785 collected $3.20 from pot
royman0785: doesn't show hand 
*** SUMMARY ***
Total pot $3.35 | Rake $0.15 
Board [Qc 4d Ts]
Seat 1: ulba0404 folded before Flop (didn't bet)
Seat 2: wdbart64 folded before Flop (didn't bet)
Seat 3: Alameda22 folded before Flop (didn't bet)
Seat 4: enright3060 folded before Flop
Seat 5: mmffo (button) folded on the Flop
Seat 6: FEARisPOWER (small blind) folded before Flop
Seat 7: royman0785 (big blind) collected ($3.20)
Seat 8: Idahoboy folded on the Flop
Seat 9: mailman2005 folded before Flop (didn't bet)



PokerStars Game #19827914624:  Hold'em No Limit ($0.10/$0.25) - 2008/08/23 - 02:11:49 (ET)
Table 'Gawain III' 9-max Seat #6 is the button
Seat 1: ulba0404 ($27.60 in chips) 
Seat 2: wdbart64 ($25.10 in chips) 
Seat 3: Alameda22 ($35.45 in chips) 
Seat 4: enright3060 ($39.75 in chips) 
Seat 5: mmffo ($11.75 in chips) 
Seat 6: FEARisPOWER ($25.75 in chips) 
Seat 7: royman0785 ($26.10 in chips) 
Seat 8: Idahoboy ($27.10 in chips) 
Seat 9: mailman2005 ($12.40 in chips) 
royman0785: posts small blind $0.10
Idahoboy: posts big blind $0.25
*** HOLE CARDS ***
Dealt to Alameda22 [Jd 5c]
mailman2005: folds 
ulba0404: folds 
wdbart64: calls $0.25
Alameda22: folds 
enright3060: calls $0.25
mmffo: folds 
FEARisPOWER: folds 
royman0785: folds 
Idahoboy: checks 
*** FLOP *** [8s Th 6s]
Idahoboy: checks 
wdbart64: checks 
enright3060: bets $0.75
Idahoboy: folds 
wdbart64: calls $0.75
*** TURN *** [8s Th 6s] [9c]
wdbart64: checks 
enright3060: bets $2
wdbart64: folds 
Uncalled bet ($2) returned to enright3060
enright3060 collected $2.25 from pot
*** SUMMARY ***
Total pot $2.35 | Rake $0.10 
Board [8s Th 6s 9c]
Seat 1: ulba0404 folded before Flop (didn't bet)
Seat 2: wdbart64 folded on the Turn
Seat 3: Alameda22 folded before Flop (didn't bet)
Seat 4: enright3060 collected ($2.25)
Seat 5: mmffo folded before Flop (didn't bet)
Seat 6: FEARisPOWER (button) folded before Flop (didn't bet)
Seat 7: royman0785 (small blind) folded before Flop
Seat 8: Idahoboy (big blind) folded on the Flop
Seat 9: mailman2005 folded before Flop (didn't bet)



PokerStars Game #19827938455:  Hold'em No Limit ($0.10/$0.25) - 2008/08/23 - 02:13:41 (ET)
Table 'Gawain III' 9-max Seat #7 is the button
Seat 1: ulba0404 ($27.60 in chips) 
Seat 2: wdbart64 ($24.10 in chips) 
Seat 3: Alameda22 ($35.45 in chips) 
Seat 4: enright3060 ($41 in chips) 
Seat 5: mmffo ($11.75 in chips) 
Seat 6: FEARisPOWER ($25.75 in chips) 
Seat 7: royman0785 ($26 in chips) 
Seat 8: Idahoboy ($26.85 in chips) 
Idahoboy: posts small blind $0.10
mailman2005: is sitting out 
ulba0404: posts big blind $0.25
*** HOLE CARDS ***
Dealt to Alameda22 [Jd 3h]
mailman2005 leaves the table
wdbart64: raises $0.25 to $0.50
Alameda22: folds 
enright3060: folds 
mmffo: folds 
Wesbo1 joins the table at seat #9 
FEARisPOWER: folds 
royman0785: folds 
Idahoboy: calls $0.40
ulba0404: folds 
*** FLOP *** [Ts 3d 4h]
Idahoboy: checks 
wdbart64: checks 
*** TURN *** [Ts 3d 4h] [Jh]
Idahoboy: checks 
wdbart64: checks 
*** RIVER *** [Ts 3d 4h Jh] [Kc]
Idahoboy: checks 
wdbart64: checks 
*** SHOW DOWN ***
Idahoboy: shows [Kh Kd] (three of a kind, Kings)
wdbart64: mucks hand 
Idahoboy collected $1.20 from pot
*** SUMMARY ***
Total pot $1.25 | Rake $0.05 
Board [Ts 3d 4h Jh Kc]
Seat 1: ulba0404 (big blind) folded before Flop
Seat 2: wdbart64 mucked [7s 7d]
Seat 3: Alameda22 folded before Flop (didn't bet)
Seat 4: enright3060 folded before Flop (didn't bet)
Seat 5: mmffo folded before Flop (didn't bet)
Seat 6: FEARisPOWER folded before Flop (didn't bet)
Seat 7: royman0785 (button) folded before Flop (didn't bet)
Seat 8: Idahoboy (small blind) showed [Kh Kd] and won ($1.20) with three of a kind, Kings



PokerStars Game #19827951677:  Hold'em No Limit ($0.10/$0.25) - 2008/08/23 - 02:14:44 (ET)
Table 'Gawain III' 9-max Seat #8 is the button
Seat 1: ulba0404 ($27.35 in chips) 
Seat 2: wdbart64 ($23.60 in chips) 
Seat 3: Alameda22 ($35.45 in chips) 
Seat 4: enright3060 ($41 in chips) 
Seat 5: mmffo ($11.75 in chips) 
Seat 6: FEARisPOWER ($25.75 in chips) 
Seat 7: royman0785 ($26 in chips) 
Seat 8: Idahoboy ($27.55 in chips) 
Wesbo1 will be allowed to play after the button
ulba0404: posts small blind $0.10
wdbart64: posts big blind $0.25
*** HOLE CARDS ***
Dealt to Alameda22 [3d 8d]
Alameda22: folds 
enright3060: calls $0.25
mmffo: raises $0.75 to $1
FEARisPOWER: folds 
royman0785: folds 
Idahoboy: folds 
ulba0404: folds 
wdbart64: folds 
enright3060: folds 
Uncalled bet ($0.75) returned to mmffo
mmffo collected $0.85 from pot
mmffo: doesn't show hand 
*** SUMMARY ***
Total pot $0.85 | Rake $0 
Seat 1: ulba0404 (small blind) folded before Flop
Seat 2: wdbart64 (big blind) folded before Flop
Seat 3: Alameda22 folded before Flop (didn't bet)
Seat 4: enright3060 folded before Flop
Seat 5: mmffo collected ($0.85)
Seat 6: FEARisPOWER folded before Flop (didn't bet)
Seat 7: royman0785 folded before Flop (didn't bet)
Seat 8: Idahoboy (button) folded before Flop (didn't bet)



PokerStars Game #19827964232:  Hold'em No Limit ($0.10/$0.25) - 2008/08/23 - 02:15:45 (ET)
Table 'Gawain III' 9-max Seat #1 is the button
Seat 1: ulba0404 ($27.25 in chips) 
Seat 2: wdbart64 ($23.35 in chips) 
Seat 3: Alameda22 ($35.45 in chips) 
Seat 4: enright3060 ($40.75 in chips) 
Seat 5: mmffo ($12.35 in chips) 
Seat 6: FEARisPOWER ($25.75 in chips) 
Seat 7: royman0785 ($26 in chips) 
Seat 8: Idahoboy ($27.55 in chips) 
Seat 9: Wesbo1 ($15 in chips) 
wdbart64: posts small blind $0.10
Alameda22: posts big blind $0.25
Wesbo1: posts big blind $0.25
*** HOLE CARDS ***
Dealt to Alameda22 [7s 3s]
enright3060: calls $0.25
mmffo: folds 
FEARisPOWER: folds 
royman0785: folds 
Idahoboy: raises $0.50 to $0.75
Wesbo1: folds 
ulba0404: folds 
wdbart64: calls $0.65
Alameda22: folds 
enright3060: calls $0.50
*** FLOP *** [Ts 5d 4c]
wdbart64: bets $1
enright3060: folds 
Idahoboy: folds 
Uncalled bet ($1) returned to wdbart64
wdbart64 collected $2.65 from pot
wdbart64: doesn't show hand 
*** SUMMARY ***
Total pot $2.75 | Rake $0.10 
Board [Ts 5d 4c]
Seat 1: ulba0404 (button) folded before Flop (didn't bet)
Seat 2: wdbart64 (small blind) collected ($2.65)
Seat 3: Alameda22 (big blind) folded before Flop
Seat 4: enright3060 folded on the Flop
Seat 5: mmffo folded before Flop (didn't bet)
Seat 6: FEARisPOWER folded before Flop (didn't bet)
Seat 7: royman0785 folded before Flop (didn't bet)
Seat 8: Idahoboy folded on the Flop
Seat 9: Wesbo1 folded before Flop



PokerStars Game #19827975817:  Hold'em No Limit ($0.10/$0.25) - 2008/08/23 - 02:16:41 (ET)
Table 'Gawain III' 9-max Seat #2 is the button
Seat 1: ulba0404 ($27.25 in chips) 
Seat 2: wdbart64 ($25.25 in chips) 
Seat 3: Alameda22 ($35.20 in chips) 
Seat 4: enright3060 ($40 in chips) 
Seat 5: mmffo ($12.35 in chips) 
Seat 6: FEARisPOWER ($25.75 in chips) 
Seat 7: royman0785 ($26 in chips) 
Seat 8: Idahoboy ($26.80 in chips) 
Seat 9: Wesbo1 ($14.75 in chips) 
Alameda22: posts small blind $0.10
enright3060: posts big blind $0.25
*** HOLE CARDS ***
Dealt to Alameda22 [5d 2c]
mmffo: folds 
FEARisPOWER: folds 
royman0785: folds 
Idahoboy: folds 
Wesbo1: calls $0.25
ulba0404: folds 
wdbart64: calls $0.25
Alameda22: folds 
enright3060: checks 
*** FLOP *** [Qh Kd As]
enright3060: checks 
Wesbo1: bets $0.75
wdbart64: folds 
enright3060: calls $0.75
*** TURN *** [Qh Kd As] [Kh]
enright3060: checks 
Wesbo1: checks 
*** RIVER *** [Qh Kd As Kh] [3d]
enright3060: checks 
Wesbo1: bets $1.50
enright3060: calls $1.50
*** SHOW DOWN ***
Wesbo1: shows [8s 9c] (a pair of Kings)
enright3060: shows [5h Ad] (two pair, Aces and Kings)
enright3060 collected $5.10 from pot
*** SUMMARY ***
Total pot $5.35 | Rake $0.25 
Board [Qh Kd As Kh 3d]
Seat 1: ulba0404 folded before Flop (didn't bet)
Seat 2: wdbart64 (button) folded on the Flop
Seat 3: Alameda22 (small blind) folded before Flop
Seat 4: enright3060 (big blind) showed [5h Ad] and won ($5.10) with two pair, Aces and Kings
Seat 5: mmffo folded before Flop (didn't bet)
Seat 6: FEARisPOWER folded before Flop (didn't bet)
Seat 7: royman0785 folded before Flop (didn't bet)
Seat 8: Idahoboy folded before Flop (didn't bet)
Seat 9: Wesbo1 showed [8s 9c] and lost with a pair of Kings



PokerStars Game #19827996774:  Hold'em No Limit ($0.10/$0.25) - 2008/08/23 - 02:18:23 (ET)
Table 'Gawain III' 9-max Seat #3 is the button
Seat 1: ulba0404 ($27.25 in chips) 
Seat 2: wdbart64 ($25 in chips) 
Seat 3: Alameda22 ($35.10 in chips) 
Seat 4: enright3060 ($42.60 in chips) 
Seat 5: mmffo ($12.35 in chips) 
Seat 6: FEARisPOWER ($25.75 in chips) 
Seat 7: royman0785 ($26 in chips) 
Seat 8: Idahoboy ($26.80 in chips) 
Seat 9: Wesbo1 ($12.25 in chips) 
enright3060: posts small blind $0.10
mmffo: posts big blind $0.25
*** HOLE CARDS ***
Dealt to Alameda22 [9d 5d]
FEARisPOWER: folds 
royman0785: folds 
Idahoboy: folds 
Wesbo1: raises $0.25 to $0.50
ulba0404: folds 
wdbart64: calls $0.50
Alameda22: folds 
enright3060: folds 
mmffo: folds 
*** FLOP *** [2h 8c 3c]
Wesbo1: checks 
wdbart64: bets $0.25
Wesbo1: folds 
Uncalled bet ($0.25) returned to wdbart64
wdbart64 collected $1.30 from pot
wdbart64: doesn't show hand 
*** SUMMARY ***
Total pot $1.35 | Rake $0.05 
Board [2h 8c 3c]
Seat 1: ulba0404 folded before Flop (didn't bet)
Seat 2: wdbart64 collected ($1.30)
Seat 3: Alameda22 (button) folded before Flop (didn't bet)
Seat 4: enright3060 (small blind) folded before Flop
Seat 5: mmffo (big blind) folded before Flop
Seat 6: FEARisPOWER folded before Flop (didn't bet)
Seat 7: royman0785 folded before Flop (didn't bet)
Seat 8: Idahoboy folded before Flop (didn't bet)
Seat 9: Wesbo1 folded on the Flop



PokerStars Game #19828008522:  Hold'em No Limit ($0.10/$0.25) - 2008/08/23 - 02:19:20 (ET)
Table 'Gawain III' 9-max Seat #4 is the button
Seat 1: ulba0404 ($27.25 in chips) 
Seat 2: wdbart64 ($25.80 in chips) 
Seat 3: Alameda22 ($35.10 in chips) 
Seat 4: enright3060 ($42.50 in chips) 
Seat 5: mmffo ($12.10 in chips) 
Seat 7: royman0785 ($26 in chips) 
Seat 8: Idahoboy ($26.80 in chips) 
Seat 9: Wesbo1 ($11.75 in chips) 
mmffo: posts small blind $0.10
FEARisPOWER: is sitting out 
FEARisPOWER leaves the table
royman0785: posts big blind $0.25
*** HOLE CARDS ***
Dealt to Alameda22 [3c 5c]
Idahoboy: calls $0.25
Wesbo1: folds 
ulba0404: folds 
wdbart64: calls $0.25
Alameda22: calls $0.25
enright3060: folds 
mmffo: calls $0.15
royman0785: checks 
*** FLOP *** [Ah 7h 8h]
mmffo: checks 
royman0785: checks 
Idahoboy: checks 
wdbart64: checks 
Alameda22: checks 
*** TURN *** [Ah 7h 8h] [Th]
mmffo: checks 
royman0785: checks 
Idahoboy: checks 
wdbart64: bets $0.25
Alameda22: folds 
mmffo: folds 
royman0785: folds 
Idahoboy: folds 
Uncalled bet ($0.25) returned to wdbart64
wdbart64 collected $1.20 from pot
wdbart64: doesn't show hand 
*** SUMMARY ***
Total pot $1.25 | Rake $0.05 
Board [Ah 7h 8h Th]
Seat 1: ulba0404 folded before Flop (didn't bet)
Seat 2: wdbart64 collected ($1.20)
Seat 3: Alameda22 folded on the Turn
Seat 4: enright3060 (button) folded before Flop (didn't bet)
Seat 5: mmffo (small blind) folded on the Turn
Seat 7: royman0785 (big blind) folded on the Turn
Seat 8: Idahoboy folded on the Turn
Seat 9: Wesbo1 folded before Flop (didn't bet)



PokerStars Game #19828028968:  Hold'em No Limit ($0.10/$0.25) - 2008/08/23 - 02:21:01 (ET)
Table 'Gawain III' 9-max Seat #5 is the button
Seat 1: ulba0404 ($27.25 in chips) 
Seat 2: wdbart64 ($26.75 in chips) 
Seat 3: Alameda22 ($34.85 in chips) 
Seat 4: enright3060 ($42.50 in chips) 
Seat 5: mmffo ($11.85 in chips) 
Seat 7: royman0785 ($25.75 in chips) 
Seat 8: Idahoboy ($26.55 in chips) 
Seat 9: Wesbo1 ($11.75 in chips) 
royman0785: posts small blind $0.10
Idahoboy: posts big blind $0.25
*** HOLE CARDS ***
Dealt to Alameda22 [3c Kd]
Wesbo1: folds 
ulba0404: folds 
wdbart64: calls $0.25
Alameda22: folds 
enright3060: folds 
mmffo: folds 
royman0785: folds 
Idahoboy: checks 
*** FLOP *** [Td 7s 9c]
Idahoboy: bets $0.75
wdbart64: calls $0.75
*** TURN *** [Td 7s 9c] [7h]
Idahoboy: bets $1.25
wdbart64: folds 
Uncalled bet ($1.25) returned to Idahoboy
Idahoboy collected $2 from pot
Idahoboy: doesn't show hand 
*** SUMMARY ***
Total pot $2.10 | Rake $0.10 
Board [Td 7s 9c 7h]
Seat 1: ulba0404 folded before Flop (didn't bet)
Seat 2: wdbart64 folded on the Turn
Seat 3: Alameda22 folded before Flop (didn't bet)
Seat 4: enright3060 folded before Flop (didn't bet)
Seat 5: mmffo (button) folded before Flop (didn't bet)
Seat 7: royman0785 (small blind) folded before Flop
Seat 8: Idahoboy (big blind) collected ($2)
Seat 9: Wesbo1 folded before Flop (didn't bet)



PokerStars Game #19828039478:  Hold'em No Limit ($0.10/$0.25) - 2008/08/23 - 02:21:53 (ET)
Table 'Gawain III' 9-max Seat #7 is the button
Seat 1: ulba0404 ($27.25 in chips) 
Seat 2: wdbart64 ($25.75 in chips) 
Seat 3: Alameda22 ($34.85 in chips) 
Seat 4: enright3060 ($42.50 in chips) 
Seat 5: mmffo ($11.85 in chips) 
Seat 7: royman0785 ($25.65 in chips) 
Seat 8: Idahoboy ($27.55 in chips) 
Seat 9: Wesbo1 ($11.75 in chips) 
Idahoboy: posts small blind $0.10
Wesbo1: posts big blind $0.25
*** HOLE CARDS ***
Dealt to Alameda22 [3d 5h]
ulba0404: folds 
wdbart64: folds 
Alameda22: folds 
enright3060: calls $0.25
mmffo: calls $0.25
royman0785: calls $0.25
Idahoboy: calls $0.15
Wesbo1: checks 
*** FLOP *** [Jc 5d Jh]
Idahoboy: checks 
Wesbo1: bets $1
enright3060: folds 
mmffo: folds 
royman0785: folds 
Idahoboy: calls $1
*** TURN *** [Jc 5d Jh] [8d]
Idahoboy: checks 
Wesbo1: bets $2
Idahoboy: raises $2 to $4
Wesbo1: raises $2 to $6
Idahoboy: calls $2
*** RIVER *** [Jc 5d Jh 8d] [Qs]
Idahoboy: checks 
Wesbo1: bets $4.50 and is all-in
Idahoboy: calls $4.50
*** SHOW DOWN ***
Wesbo1: shows [2d Ad] (a pair of Jacks)
Idahoboy: shows [Ts Jd] (three of a kind, Jacks)
Idahoboy collected $23.10 from pot
*** SUMMARY ***
Total pot $24.25 | Rake $1.15 
Board [Jc 5d Jh 8d Qs]
Seat 1: ulba0404 folded before Flop (didn't bet)
Seat 2: wdbart64 folded before Flop (didn't bet)
Seat 3: Alameda22 folded before Flop (didn't bet)
Seat 4: enright3060 folded on the Flop
Seat 5: mmffo folded on the Flop
Seat 7: royman0785 (button) folded on the Flop
Seat 8: Idahoboy (small blind) showed [Ts Jd] and won ($23.10) with three of a kind, Jacks
Seat 9: Wesbo1 (big blind) showed [2d Ad] and lost with a pair of Jacks



PokerStars Game #19828057120:  Hold'em No Limit ($0.10/$0.25) - 2008/08/23 - 02:23:20 (ET)
Table 'Gawain III' 9-max Seat #8 is the button
Seat 1: ulba0404 ($27.25 in chips) 
Seat 2: wdbart64 ($25.75 in chips) 
Seat 3: Alameda22 ($34.85 in chips) 
Seat 4: enright3060 ($42.25 in chips) 
Seat 5: mmffo ($11.60 in chips) 
Seat 7: royman0785 ($25.40 in chips) 
Seat 8: Idahoboy ($38.90 in chips) 
ulba0404: posts small blind $0.10
wdbart64: posts big blind $0.25
*** HOLE CARDS ***
Dealt to Alameda22 [Kh 5d]
Alameda22: folds 
enright3060: folds 
Wesbo1 has returned
mmffo: folds 
royman0785: folds 
Idahoboy: calls $0.25
ulba0404: folds 
wdbart64: checks 
*** FLOP *** [9c 3d Jd]
wdbart64: checks 
Idahoboy: checks 
*** TURN *** [9c 3d Jd] [4d]
wdbart64: checks 
Idahoboy: bets $0.50
wdbart64: folds 
Uncalled bet ($0.50) returned to Idahoboy
Idahoboy collected $0.60 from pot
Idahoboy: doesn't show hand 
*** SUMMARY ***
Total pot $0.60 | Rake $0 
Board [9c 3d Jd 4d]
Seat 1: ulba0404 (small blind) folded before Flop
Seat 2: wdbart64 (big blind) folded on the Turn
Seat 3: Alameda22 folded before Flop (didn't bet)
Seat 4: enright3060 folded before Flop (didn't bet)
Seat 5: mmffo folded before Flop (didn't bet)
Seat 7: royman0785 folded before Flop (didn't bet)
Seat 8: Idahoboy (button) collected ($0.60)



PokerStars Game #19828068193:  Hold'em No Limit ($0.10/$0.25) - 2008/08/23 - 02:24:17 (ET)
Table 'Gawain III' 9-max Seat #1 is the button
Seat 1: ulba0404 ($27.15 in chips) 
Seat 2: wdbart64 ($25.50 in chips) 
Seat 3: Alameda22 ($34.85 in chips) 
Seat 4: enright3060 ($42.25 in chips) 
Seat 5: mmffo ($11.60 in chips) 
Seat 7: royman0785 ($25.40 in chips) 
Seat 8: Idahoboy ($39.25 in chips) 
Seat 9: Wesbo1 ($15 in chips) 
wdbart64: posts small blind $0.10
Alameda22: posts big blind $0.25
Wesbo1: posts small blind $0.10
*** HOLE CARDS ***
Dealt to Alameda22 [Th 7h]
enright3060: calls $0.25
mmffo: folds 
royman0785: folds 
Idahoboy: calls $0.25
Wesbo1: calls $0.25
ulba0404: folds 
wdbart64: folds 
Alameda22: checks 
*** FLOP *** [Qc 4d Kd]
Alameda22: checks 
enright3060: checks 
Idahoboy: checks 
Wesbo1: checks 
*** TURN *** [Qc 4d Kd] [6c]
Alameda22: checks 
enright3060: checks 
Idahoboy: bets $1
Wesbo1: folds 
Alameda22: folds 
biffbowzer joins the table at seat #6 
enright3060: folds 
Uncalled bet ($1) returned to Idahoboy
Idahoboy collected $1.15 from pot
Idahoboy: doesn't show hand 
*** SUMMARY ***
Total pot $1.20 | Rake $0.05 
Board [Qc 4d Kd 6c]
Seat 1: ulba0404 (button) folded before Flop (didn't bet)
Seat 2: wdbart64 (small blind) folded before Flop
Seat 3: Alameda22 (big blind) folded on the Turn
Seat 4: enright3060 folded on the Turn
Seat 5: mmffo folded before Flop (didn't bet)
Seat 7: royman0785 folded before Flop (didn't bet)
Seat 8: Idahoboy collected ($1.15)
Seat 9: Wesbo1 folded on the Turn



PokerStars Game #19828088015:  Hold'em No Limit ($0.10/$0.25) - 2008/08/23 - 02:25:55 (ET)
Table 'Gawain III' 9-max Seat #2 is the button
Seat 1: ulba0404 ($27.15 in chips) 
Seat 2: wdbart64 ($25.40 in chips) 
Seat 3: Alameda22 ($34.60 in chips) 
Seat 4: enright3060 ($42 in chips) 
Seat 5: mmffo ($11.60 in chips) 
Seat 7: royman0785 ($25.40 in chips) 
Seat 8: Idahoboy ($40.15 in chips) 
Seat 9: Wesbo1 ($14.65 in chips) 
Alameda22: posts small blind $0.10
enright3060: posts big blind $0.25
biffbowzer: sits out 
*** HOLE CARDS ***
Dealt to Alameda22 [8c 6h]
mmffo: folds 
mmffo leaves the table
royman0785: folds 
Idahoboy: calls $0.25
Wesbo1: folds 
ulba0404: folds 
wdbart64: folds 
Alameda22: folds 
enright3060: checks 
*** FLOP *** [2c Kc Js]
enright3060: checks 
Idahoboy: checks 
*** TURN *** [2c Kc Js] [Jc]
enright3060: checks 
Idahoboy: bets $0.75
enright3060: folds 
Uncalled bet ($0.75) returned to Idahoboy
Idahoboy collected $0.60 from pot
Idahoboy: doesn't show hand 
*** SUMMARY ***
Total pot $0.60 | Rake $0 
Board [2c Kc Js Jc]
Seat 1: ulba0404 folded before Flop (didn't bet)
Seat 2: wdbart64 (button) folded before Flop (didn't bet)
Seat 3: Alameda22 (small blind) folded before Flop
Seat 4: enright3060 (big blind) folded on the Turn
Seat 5: mmffo folded before Flop (didn't bet)
Seat 7: royman0785 folded before Flop (didn't bet)
Seat 8: Idahoboy collected ($0.60)
Seat 9: Wesbo1 folded before Flop (didn't bet)



PokerStars Game #19828101663:  Hold'em No Limit ($0.10/$0.25) - 2008/08/23 - 02:27:03 (ET)
Table 'Gawain III' 9-max Seat #3 is the button
Seat 1: ulba0404 ($27.15 in chips) 
Seat 2: wdbart64 ($25.40 in chips) 
Seat 3: Alameda22 ($34.50 in chips) 
Seat 4: enright3060 ($41.75 in chips) 
Seat 6: biffbowzer ($10 in chips) 
Seat 7: royman0785 ($25.40 in chips) 
Seat 8: Idahoboy ($40.50 in chips) 
Seat 9: Wesbo1 ($14.65 in chips) 
enright3060: posts small blind $0.10
biffbowzer: posts big blind $0.25
*** HOLE CARDS ***
Dealt to Alameda22 [Qs 8c]
royman0785: folds 
Idahoboy: folds 
Wesbo1: folds 
Sharksfan06 joins the table at seat #5 
ulba0404: folds 
wdbart64: calls $0.25
Alameda22: folds 
enright3060: folds 
biffbowzer: checks 
*** FLOP *** [9d Qh Qd]
biffbowzer: checks 
wdbart64: bets $0.25
biffbowzer: calls $0.25
*** TURN *** [9d Qh Qd] [Td]
biffbowzer: checks 
wdbart64: checks 
*** RIVER *** [9d Qh Qd Td] [Kh]
biffbowzer: bets $0.75
wdbart64: folds 
Uncalled bet ($0.75) returned to biffbowzer
biffbowzer collected $1.05 from pot
biffbowzer: doesn't show hand 
*** SUMMARY ***
Total pot $1.10 | Rake $0.05 
Board [9d Qh Qd Td Kh]
Seat 1: ulba0404 folded before Flop (didn't bet)
Seat 2: wdbart64 folded on the River
Seat 3: Alameda22 (button) folded before Flop (didn't bet)
Seat 4: enright3060 (small blind) folded before Flop
Seat 6: biffbowzer (big blind) collected ($1.05)
Seat 7: royman0785 folded before Flop (didn't bet)
Seat 8: Idahoboy folded before Flop (didn't bet)
Seat 9: Wesbo1 folded before Flop (didn't bet)



PokerStars Game #19828117221:  Hold'em No Limit ($0.10/$0.25) - 2008/08/23 - 02:28:21 (ET)
Table 'Gawain III' 9-max Seat #4 is the button
Seat 1: ulba0404 ($27.15 in chips) 
Seat 2: wdbart64 ($24.90 in chips) 
Seat 3: Alameda22 ($34.50 in chips) 
Seat 4: enright3060 ($41.65 in chips) 
Seat 6: biffbowzer ($10.55 in chips) 
Seat 7: royman0785 ($25.40 in chips) 
Seat 8: Idahoboy ($40.50 in chips) 
Seat 9: Wesbo1 ($14.65 in chips) 
Sharksfan06 will be allowed to play after the button
biffbowzer: posts small blind $0.10
royman0785: posts big blind $0.25
*** HOLE CARDS ***
Dealt to Alameda22 [Jc As]
Idahoboy: folds 
Wesbo1: folds 
ulba0404: folds 
wdbart64: folds 
Alameda22: raises $0.50 to $0.75
enright3060: folds 
biffbowzer: folds 
royman0785: calls $0.50
*** FLOP *** [7h 9h 8c]
royman0785: checks 
Alameda22: bets $1
royman0785: folds 
Uncalled bet ($1) returned to Alameda22
Alameda22 collected $1.55 from pot
Alameda22: doesn't show hand 
*** SUMMARY ***
Total pot $1.60 | Rake $0.05 
Board [7h 9h 8c]
Seat 1: ulba0404 folded before Flop (didn't bet)
Seat 2: wdbart64 folded before Flop (didn't bet)
Seat 3: Alameda22 collected ($1.55)
Seat 4: enright3060 (button) folded before Flop (didn't bet)
Seat 6: biffbowzer (small blind) folded before Flop
Seat 7: royman0785 (big blind) folded on the Flop
Seat 8: Idahoboy folded before Flop (didn't bet)
Seat 9: Wesbo1 folded before Flop (didn't bet)



PokerStars Game #19828133569:  Hold'em No Limit ($0.10/$0.25) - 2008/08/23 - 02:29:43 (ET)
Table 'Gawain III' 9-max Seat #6 is the button
Seat 1: ulba0404 ($27.15 in chips) 
Seat 2: wdbart64 ($24.90 in chips) 
Seat 3: Alameda22 ($35.30 in chips) 
Seat 4: enright3060 ($41.65 in chips) 
Seat 5: Sharksfan06 ($25 in chips) 
Seat 6: biffbowzer ($10.45 in chips) 
Seat 7: royman0785 ($24.65 in chips) 
Seat 8: Idahoboy ($40.50 in chips) 
Seat 9: Wesbo1 ($14.65 in chips) 
royman0785: posts small blind $0.10
Idahoboy: posts big blind $0.25
Sharksfan06: posts big blind $0.25
*** HOLE CARDS ***
Dealt to Alameda22 [5d 3d]
Wesbo1: raises $0.25 to $0.50
ulba0404: folds 
wdbart64: folds 
Alameda22: folds 
enright3060: calls $0.50
Sharksfan06: calls $0.25
biffbowzer: folds 
royman0785: folds 
Idahoboy: calls $0.25
*** FLOP *** [7h Tc 7d]
Idahoboy: checks 
Wesbo1: checks 
enright3060: checks 
Sharksfan06: checks 
*** TURN *** [7h Tc 7d] [8d]
Idahoboy: checks 
Wesbo1: bets $2
enright3060: folds 
Sharksfan06: folds 
Idahoboy: folds 
Uncalled bet ($2) returned to Wesbo1
Wesbo1 collected $2 from pot
Wesbo1: doesn't show hand 
*** SUMMARY ***
Total pot $2.10 | Rake $0.10 
Board [7h Tc 7d 8d]
Seat 1: ulba0404 folded before Flop (didn't bet)
Seat 2: wdbart64 folded before Flop (didn't bet)
Seat 3: Alameda22 folded before Flop (didn't bet)
Seat 4: enright3060 folded on the Turn
Seat 5: Sharksfan06 folded on the Turn
Seat 6: biffbowzer (button) folded before Flop (didn't bet)
Seat 7: royman0785 (small blind) folded before Flop
Seat 8: Idahoboy (big blind) folded on the Turn
Seat 9: Wesbo1 collected ($2)



PokerStars Game #19828150244:  Hold'em No Limit ($0.10/$0.25) - 2008/08/23 - 02:31:08 (ET)
Table 'Gawain III' 9-max Seat #7 is the button
Seat 1: ulba0404 ($27.15 in chips) 
Seat 2: wdbart64 ($24.90 in chips) 
Seat 3: Alameda22 ($35.30 in chips) 
Seat 4: enright3060 ($41.15 in chips) 
Seat 5: Sharksfan06 ($24.50 in chips) 
Seat 6: biffbowzer ($10.45 in chips) 
Seat 7: royman0785 ($24.55 in chips) 
Seat 8: Idahoboy ($40 in chips) 
Seat 9: Wesbo1 ($16.15 in chips) 
Idahoboy: posts small blind $0.10
Wesbo1: posts big blind $0.25
*** HOLE CARDS ***
Dealt to Alameda22 [7c Kh]
ulba0404: folds 
wdbart64: calls $0.25
Alameda22: folds 
enright3060: folds 
Sharksfan06: folds 
biffbowzer: folds 
royman0785: folds 
Idahoboy: folds 
Wesbo1: checks 
*** FLOP *** [Th 6c 2s]
Wesbo1: checks 
wdbart64: checks 
*** TURN *** [Th 6c 2s] [Kc]
Wesbo1: checks 
wdbart64: checks 
*** RIVER *** [Th 6c 2s Kc] [4c]
Wesbo1: bets $1.25
wdbart64: folds 
Uncalled bet ($1.25) returned to Wesbo1
Wesbo1 collected $0.60 from pot
Wesbo1: doesn't show hand 
*** SUMMARY ***
Total pot $0.60 | Rake $0 
Board [Th 6c 2s Kc 4c]
Seat 1: ulba0404 folded before Flop (didn't bet)
Seat 2: wdbart64 folded on the River
Seat 3: Alameda22 folded before Flop (didn't bet)
Seat 4: enright3060 folded before Flop (didn't bet)
Seat 5: Sharksfan06 folded before Flop (didn't bet)
Seat 6: biffbowzer folded before Flop (didn't bet)
Seat 7: royman0785 (button) folded before Flop (didn't bet)
Seat 8: Idahoboy (small blind) folded before Flop
Seat 9: Wesbo1 (big blind) collected ($0.60)



PokerStars Game #19828162041:  Hold'em No Limit ($0.10/$0.25) - 2008/08/23 - 02:32:09 (ET)
Table 'Gawain III' 9-max Seat #8 is the button
Seat 1: ulba0404 ($27.15 in chips) 
Seat 2: wdbart64 ($24.65 in chips) 
Seat 3: Alameda22 ($35.30 in chips) 
Seat 4: enright3060 ($41.15 in chips) 
Seat 5: Sharksfan06 ($24.50 in chips) 
Seat 6: biffbowzer ($10.45 in chips) 
Seat 7: royman0785 ($24.55 in chips) 
Seat 8: Idahoboy ($39.90 in chips) 
Seat 9: Wesbo1 ($16.50 in chips) 
Wesbo1: posts small blind $0.10
ulba0404: posts big blind $0.25
*** HOLE CARDS ***
Dealt to Alameda22 [6c 6h]
wdbart64: folds 
Alameda22: folds 
enright3060: folds 
Sharksfan06: calls $0.25
biffbowzer: calls $0.25
royman0785: folds 
Idahoboy: raises $0.50 to $0.75
Wesbo1: folds 
ulba0404: raises $1.25 to $2
Sharksfan06: folds 
biffbowzer: raises $3 to $5
Idahoboy: raises $34.90 to $39.90 and is all-in
ulba0404: folds 
biffbowzer: calls $5.45 and is all-in
Uncalled bet ($29.45) returned to Idahoboy
*** FLOP *** [5h 7d Ks]
*** TURN *** [5h 7d Ks] [5d]
*** RIVER *** [5h 7d Ks 5d] [Td]
*** SHOW DOWN ***
biffbowzer: shows [Ah Ad] (two pair, Aces and Fives)
Idahoboy: shows [Kh Kc] (a full house, Kings full of Fives)
Idahoboy collected $22.10 from pot
*** SUMMARY ***
Total pot $23.25 | Rake $1.15 
Board [5h 7d Ks 5d Td]
Seat 1: ulba0404 (big blind) folded before Flop
Seat 2: wdbart64 folded before Flop (didn't bet)
Seat 3: Alameda22 folded before Flop (didn't bet)
Seat 4: enright3060 folded before Flop (didn't bet)
Seat 5: Sharksfan06 folded before Flop
Seat 6: biffbowzer showed [Ah Ad] and lost with two pair, Aces and Fives
Seat 7: royman0785 folded before Flop (didn't bet)
Seat 8: Idahoboy (button) showed [Kh Kc] and won ($22.10) with a full house, Kings full of Fives
Seat 9: Wesbo1 (small blind) folded before Flop



PokerStars Game #19828177567:  Hold'em No Limit ($0.10/$0.25) - 2008/08/23 - 02:33:31 (ET)
Table 'Gawain III' 9-max Seat #9 is the button
Seat 1: ulba0404 ($25.15 in chips) 
Seat 2: wdbart64 ($24.65 in chips) 
Seat 3: Alameda22 ($35.30 in chips) 
Seat 4: enright3060 ($41.15 in chips) 
Seat 5: Sharksfan06 ($24.25 in chips) 
Seat 7: royman0785 ($24.55 in chips) 
Seat 8: Idahoboy ($51.55 in chips) 
Seat 9: Wesbo1 ($16.40 in chips) 
ulba0404: posts small blind $0.10
wdbart64: posts big blind $0.25
*** HOLE CARDS ***
Dealt to Alameda22 [Qd 9c]
biffbowzer has returned
Alameda22: folds 
enright3060: calls $0.25
Sharksfan06: calls $0.25
royman0785: folds 
Idahoboy: folds 
Wesbo1: raises $0.25 to $0.50
ulba0404: raises $1.25 to $1.75
wdbart64: folds 
enright3060: calls $1.50
Sharksfan06: folds 
Wesbo1: raises $1.25 to $3
ulba0404: calls $1.25
enright3060: calls $1.25
*** FLOP *** [Kc 8s 3c]
ulba0404: checks 
enright3060: bets $3
Wesbo1: raises $3 to $6
ulba0404: folds 
enright3060: raises $3 to $9
Wesbo1: raises $4.40 to $13.40 and is all-in
enright3060: calls $4.40
*** TURN *** [Kc 8s 3c] [4h]
*** RIVER *** [Kc 8s 3c 4h] [Jh]
*** SHOW DOWN ***
enright3060: shows [8d 8h] (three of a kind, Eights)
Wesbo1: shows [Ks Kh] (three of a kind, Kings)
Wesbo1 collected $34.55 from pot
*** SUMMARY ***
Total pot $36.30 | Rake $1.75 
Board [Kc 8s 3c 4h Jh]
Seat 1: ulba0404 (small blind) folded on the Flop
Seat 2: wdbart64 (big blind) folded before Flop
Seat 3: Alameda22 folded before Flop (didn't bet)
Seat 4: enright3060 showed [8d 8h] and lost with three of a kind, Eights
Seat 5: Sharksfan06 folded before Flop
Seat 7: royman0785 folded before Flop (didn't bet)
Seat 8: Idahoboy folded before Flop (didn't bet)
Seat 9: Wesbo1 (button) showed [Ks Kh] and won ($34.55) with three of a kind, Kings



PokerStars Game #19828196588:  Hold'em No Limit ($0.10/$0.25) - 2008/08/23 - 02:35:12 (ET)
Table 'Gawain III' 9-max Seat #1 is the button
Seat 1: ulba0404 ($25 in chips) 
Seat 2: wdbart64 ($24.40 in chips) 
Seat 3: Alameda22 ($35.30 in chips) 
Seat 4: enright3060 ($24.75 in chips) 
Seat 5: Sharksfan06 ($24 in chips) 
Seat 6: biffbowzer ($10 in chips) 
Seat 7: royman0785 ($24.55 in chips) 
Seat 8: Idahoboy ($51.55 in chips) 
Seat 9: Wesbo1 ($34.55 in chips) 
wdbart64: posts small blind $0.10
Alameda22: posts big blind $0.25
*** HOLE CARDS ***
Dealt to Alameda22 [6c 5c]
enright3060: folds 
Sharksfan06: folds 
biffbowzer: folds 
royman0785: raises $0.50 to $0.75
Idahoboy: folds 
Wesbo1: folds 
ulba0404: calls $0.75
wdbart64: calls $0.65
Alameda22: folds 
*** FLOP *** [7c Td 4d]
wdbart64: checks 
royman0785: checks 
Wesbo1 said, "sorry bro"
ulba0404: checks 
*** TURN *** [7c Td 4d] [3h]
wdbart64: checks 
royman0785: checks 
ulba0404: checks 
*** RIVER *** [7c Td 4d 3h] [Qd]
wdbart64: checks 
royman0785: bets $1
ulba0404: raises $2.25 to $3.25
wdbart64: folds 
royman0785: folds 
Uncalled bet ($2.25) returned to ulba0404
ulba0404 collected $4.30 from pot
ulba0404: doesn't show hand 
*** SUMMARY ***
Total pot $4.50 | Rake $0.20 
Board [7c Td 4d 3h Qd]
Seat 1: ulba0404 (button) collected ($4.30)
Seat 2: wdbart64 (small blind) folded on the River
Seat 3: Alameda22 (big blind) folded before Flop
Seat 4: enright3060 folded before Flop (didn't bet)
Seat 5: Sharksfan06 folded before Flop (didn't bet)
Seat 6: biffbowzer folded before Flop (didn't bet)
Seat 7: royman0785 folded on the River
Seat 8: Idahoboy folded before Flop (didn't bet)
Seat 9: Wesbo1 folded before Flop (didn't bet)



PokerStars Game #19828216140:  Hold'em No Limit ($0.10/$0.25) - 2008/08/23 - 02:37:00 (ET)
Table 'Gawain III' 9-max Seat #2 is the button
Seat 1: ulba0404 ($27.55 in chips) 
Seat 2: wdbart64 ($23.65 in chips) 
Seat 3: Alameda22 ($35.05 in chips) 
Seat 4: enright3060 ($24.75 in chips) 
Seat 5: Sharksfan06 ($24 in chips) 
Seat 6: biffbowzer ($10 in chips) 
Seat 7: royman0785 ($22.80 in chips) 
Seat 8: Idahoboy ($51.55 in chips) 
Seat 9: Wesbo1 ($34.55 in chips) 
Alameda22: posts small blind $0.10
enright3060: posts big blind $0.25
*** HOLE CARDS ***
Dealt to Alameda22 [2d 3s]
Sharksfan06: folds 
biffbowzer: folds 
royman0785: folds 
Idahoboy: folds 
Wesbo1: calls $0.25
ulba0404: folds 
wdbart64: folds 
Alameda22: folds 
enright3060: checks 
*** FLOP *** [7h 9d Ah]
enright3060: checks 
Wesbo1: checks 
*** TURN *** [7h 9d Ah] [2c]
enright3060: checks 
Wesbo1: checks 
*** RIVER *** [7h 9d Ah 2c] [3d]
enright3060: checks 
Wesbo1: checks 
*** SHOW DOWN ***
enright3060: shows [4s 9c] (a pair of Nines)
Wesbo1: mucks hand 
enright3060 collected $0.60 from pot
*** SUMMARY ***
Total pot $0.60 | Rake $0 
Board [7h 9d Ah 2c 3d]
Seat 1: ulba0404 folded before Flop (didn't bet)
Seat 2: wdbart64 (button) folded before Flop (didn't bet)
Seat 3: Alameda22 (small blind) folded before Flop
Seat 4: enright3060 (big blind) showed [4s 9c] and won ($0.60) with a pair of Nines
Seat 5: Sharksfan06 folded before Flop (didn't bet)
Seat 6: biffbowzer folded before Flop (didn't bet)
Seat 7: royman0785 folded before Flop (didn't bet)
Seat 8: Idahoboy folded before Flop (didn't bet)
Seat 9: Wesbo1 mucked [6s Qs]



PokerStars Game #19828227911:  Hold'em No Limit ($0.10/$0.25) - 2008/08/23 - 02:38:01 (ET)
Table 'Gawain III' 9-max Seat #3 is the button
Seat 1: ulba0404 ($27.55 in chips) 
Seat 2: wdbart64 ($23.65 in chips) 
Seat 3: Alameda22 ($34.95 in chips) 
Seat 4: enright3060 ($25.10 in chips) 
Seat 5: Sharksfan06 ($24 in chips) 
Seat 6: biffbowzer ($10 in chips) 
Seat 7: royman0785 ($22.80 in chips) 
Seat 8: Idahoboy ($51.55 in chips) 
Seat 9: Wesbo1 ($34.30 in chips) 
enright3060: posts small blind $0.10
Sharksfan06: posts big blind $0.25
*** HOLE CARDS ***
Dealt to Alameda22 [Ac Ad]
biffbowzer: folds 
royman0785: folds 
Idahoboy: calls $0.25
Wesbo1: calls $0.25
ulba0404: folds 
wdbart64: calls $0.25
Alameda22: raises $1 to $1.25
enright3060: folds 
Sharksfan06: folds 
Idahoboy: calls $1
Wesbo1: calls $1
wdbart64: calls $1
*** FLOP *** [9s 9d 3c]
Idahoboy: checks 
Wesbo1: bets $1.75
wdbart64: folds 
Alameda22: raises $4.25 to $6
Idahoboy: folds 
Wesbo1: folds 
Uncalled bet ($4.25) returned to Alameda22
Alameda22 collected $8.45 from pot
Alameda22: doesn't show hand 
*** SUMMARY ***
Total pot $8.85 | Rake $0.40 
Board [9s 9d 3c]
Seat 1: ulba0404 folded before Flop (didn't bet)
Seat 2: wdbart64 folded on the Flop
Seat 3: Alameda22 (button) collected ($8.45)
Seat 4: enright3060 (small blind) folded before Flop
Seat 5: Sharksfan06 (big blind) folded before Flop
Seat 6: biffbowzer folded before Flop (didn't bet)
Seat 7: royman0785 folded before Flop (didn't bet)
Seat 8: Idahoboy folded on the Flop
Seat 9: Wesbo1 folded on the Flop



PokerStars Game #19828248644:  Hold'em No Limit ($0.10/$0.25) - 2008/08/23 - 02:39:51 (ET)
Table 'Gawain III' 9-max Seat #4 is the button
Seat 1: ulba0404 ($27.55 in chips) 
Seat 2: wdbart64 ($22.40 in chips) 
Seat 3: Alameda22 ($40.40 in chips) 
Seat 4: enright3060 ($25 in chips) 
Seat 5: Sharksfan06 ($23.75 in chips) 
Seat 6: biffbowzer ($10 in chips) 
Seat 7: royman0785 ($22.80 in chips) 
Seat 8: Idahoboy ($50.30 in chips) 
Seat 9: Wesbo1 ($31.30 in chips) 
Sharksfan06: posts small blind $0.10
biffbowzer: posts big blind $0.25
*** HOLE CARDS ***
Dealt to Alameda22 [3d 6d]
royman0785: folds 
Idahoboy: folds 
Wesbo1: folds 
ulba0404: folds 
wdbart64: folds 
Alameda22: folds 
enright3060: folds 
Sharksfan06: folds 
Uncalled bet ($0.15) returned to biffbowzer
biffbowzer collected $0.20 from pot
biffbowzer: doesn't show hand 
*** SUMMARY ***
Total pot $0.20 | Rake $0 
Seat 1: ulba0404 folded before Flop (didn't bet)
Seat 2: wdbart64 folded before Flop (didn't bet)
Seat 3: Alameda22 folded before Flop (didn't bet)
Seat 4: enright3060 (button) folded before Flop (didn't bet)
Seat 5: Sharksfan06 (small blind) folded before Flop
Seat 6: biffbowzer (big blind) collected ($0.20)
Seat 7: royman0785 folded before Flop (didn't bet)
Seat 8: Idahoboy folded before Flop (didn't bet)
Seat 9: Wesbo1 folded before Flop (didn't bet)



PokerStars Game #19828253928:  Hold'em No Limit ($0.10/$0.25) - 2008/08/23 - 02:40:19 (ET)
Table 'Gawain III' 9-max Seat #5 is the button
Seat 1: ulba0404 ($27.55 in chips) 
Seat 2: wdbart64 ($22.40 in chips) 
Seat 3: Alameda22 ($40.40 in chips) 
Seat 4: enright3060 ($25 in chips) 
Seat 5: Sharksfan06 ($23.65 in chips) 
Seat 6: biffbowzer ($10.10 in chips) 
Seat 7: royman0785 ($22.80 in chips) 
Seat 8: Idahoboy ($50.30 in chips) 
Seat 9: Wesbo1 ($31.30 in chips) 
biffbowzer: posts small blind $0.10
royman0785: posts big blind $0.25
*** HOLE CARDS ***
Dealt to Alameda22 [9d 5c]
Idahoboy: raises $0.50 to $0.75
Wesbo1: calls $0.75
ulba0404: folds 
wdbart64: folds 
Alameda22: folds 
enright3060: folds 
Sharksfan06: folds 
biffbowzer: folds 
royman0785: raises $3.25 to $4
Idahoboy: folds 
Wesbo1: calls $3.25
*** FLOP *** [2h 4d 6h]
royman0785: bets $7
Wesbo1: folds 
Uncalled bet ($7) returned to royman0785
royman0785 collected $8.45 from pot
royman0785: doesn't show hand 
*** SUMMARY ***
Total pot $8.85 | Rake $0.40 
Board [2h 4d 6h]
Seat 1: ulba0404 folded before Flop (didn't bet)
Seat 2: wdbart64 folded before Flop (didn't bet)
Seat 3: Alameda22 folded before Flop (didn't bet)
Seat 4: enright3060 folded before Flop (didn't bet)
Seat 5: Sharksfan06 (button) folded before Flop (didn't bet)
Seat 6: biffbowzer (small blind) folded before Flop
Seat 7: royman0785 (big blind) collected ($8.45)
Seat 8: Idahoboy folded before Flop
Seat 9: Wesbo1 folded on the Flop



PokerStars Game #19828267532:  Hold'em No Limit ($0.10/$0.25) - 2008/08/23 - 02:41:30 (ET)
Table 'Gawain III' 9-max Seat #6 is the button
Seat 1: ulba0404 ($27.55 in chips) 
Seat 2: wdbart64 ($22.40 in chips) 
Seat 3: Alameda22 ($40.40 in chips) 
Seat 4: enright3060 ($25 in chips) 
Seat 5: Sharksfan06 ($23.65 in chips) 
Seat 6: biffbowzer ($10 in chips) 
Seat 7: royman0785 ($27.25 in chips) 
Seat 8: Idahoboy ($49.55 in chips) 
Seat 9: Wesbo1 ($27.30 in chips) 
royman0785: posts small blind $0.10
Idahoboy: posts big blind $0.25
*** HOLE CARDS ***
Dealt to Alameda22 [Td 7c]
Wesbo1: calls $0.25
ulba0404: folds 
wdbart64: calls $0.25
Alameda22: folds 
enright3060: folds 
Sharksfan06: folds 
biffbowzer: calls $0.25
royman0785: calls $0.15
Idahoboy: checks 
*** FLOP *** [Kc 2h Ad]
royman0785: checks 
Idahoboy: checks 
Wesbo1: checks 
wdbart64: checks 
biffbowzer: checks 
*** TURN *** [Kc 2h Ad] [9d]
royman0785: checks 
Idahoboy: checks 
Wesbo1: bets $0.50
wdbart64: calls $0.50
biffbowzer: folds 
royman0785: folds 
Idahoboy: folds 
*** RIVER *** [Kc 2h Ad 9d] [8c]
Wesbo1: checks 
wdbart64: checks 
*** SHOW DOWN ***
Wesbo1: shows [6s 9s] (a pair of Nines)
wdbart64: mucks hand 
Wesbo1 collected $2.15 from pot
*** SUMMARY ***
Total pot $2.25 | Rake $0.10 
Board [Kc 2h Ad 9d 8c]
Seat 1: ulba0404 folded before Flop (didn't bet)
Seat 2: wdbart64 mucked [Qd 7d]
Seat 3: Alameda22 folded before Flop (didn't bet)
Seat 4: enright3060 folded before Flop (didn't bet)
Seat 5: Sharksfan06 folded before Flop (didn't bet)
Seat 6: biffbowzer (button) folded on the Turn
Seat 7: royman0785 (small blind) folded on the Turn
Seat 8: Idahoboy (big blind) folded on the Turn
Seat 9: Wesbo1 showed [6s 9s] and won ($2.15) with a pair of Nines



PokerStars Game #19828291398:  Hold'em No Limit ($0.10/$0.25) - 2008/08/23 - 02:43:37 (ET)
Table 'Gawain III' 9-max Seat #7 is the button
Seat 1: ulba0404 ($27.55 in chips) 
Seat 2: wdbart64 ($21.65 in chips) 
Seat 3: Alameda22 ($40.40 in chips) 
Seat 4: enright3060 ($25 in chips) 
Seat 5: Sharksfan06 ($23.65 in chips) 
Seat 6: biffbowzer ($9.75 in chips) 
Seat 7: royman0785 ($27 in chips) 
Seat 8: Idahoboy ($49.30 in chips) 
Seat 9: Wesbo1 ($28.70 in chips) 
Idahoboy: posts small blind $0.10
Wesbo1: posts big blind $0.25
*** HOLE CARDS ***
Dealt to Alameda22 [5h 4s]
ulba0404 has timed out
ulba0404: folds 
ulba0404 is sitting out
wdbart64: calls $0.25
Alameda22: folds 
enright3060: folds 
Sharksfan06: calls $0.25
biffbowzer: calls $0.25
royman0785: folds 
Idahoboy: folds 
Wesbo1: checks 
*** FLOP *** [6c 3c Kh]
ulba0404 has returned
Wesbo1: checks 
wdbart64: checks 
Sharksfan06: checks 
biffbowzer: checks 
*** TURN *** [6c 3c Kh] [2h]
Wesbo1: checks 
wdbart64: checks 
Sharksfan06: checks 
biffbowzer: checks 
*** RIVER *** [6c 3c Kh 2h] [Ks]
Wesbo1: bets $1
wdbart64: folds 
Sharksfan06: folds 
biffbowzer: folds 
Uncalled bet ($1) returned to Wesbo1
Wesbo1 collected $1.05 from pot
Wesbo1: doesn't show hand 
*** SUMMARY ***
Total pot $1.10 | Rake $0.05 
Board [6c 3c Kh 2h Ks]
Seat 1: ulba0404 folded before Flop (didn't bet)
Seat 2: wdbart64 folded on the River
Seat 3: Alameda22 folded before Flop (didn't bet)
Seat 4: enright3060 folded before Flop (didn't bet)
Seat 5: Sharksfan06 folded on the River
Seat 6: biffbowzer folded on the River
Seat 7: royman0785 (button) folded before Flop (didn't bet)
Seat 8: Idahoboy (small blind) folded before Flop
Seat 9: Wesbo1 (big blind) collected ($1.05)



PokerStars Game #19828315217:  Hold'em No Limit ($0.10/$0.25) - 2008/08/23 - 02:45:47 (ET)
Table 'Gawain III' 9-max Seat #8 is the button
Seat 1: ulba0404 ($27.55 in chips) 
Seat 2: wdbart64 ($21.40 in chips) 
Seat 3: Alameda22 ($40.40 in chips) 
Seat 4: enright3060 ($25 in chips) 
Seat 5: Sharksfan06 ($23.40 in chips) 
Seat 6: biffbowzer ($9.50 in chips) 
Seat 7: royman0785 ($27 in chips) 
Seat 8: Idahoboy ($49.20 in chips) 
Seat 9: Wesbo1 ($29.50 in chips) 
Wesbo1: posts small blind $0.10
ulba0404: posts big blind $0.25
*** HOLE CARDS ***
Dealt to Alameda22 [4h 8c]
wdbart64: calls $0.25
Alameda22: folds 
enright3060: folds 
Sharksfan06: folds 
biffbowzer: folds 
royman0785: folds 
Idahoboy: raises $0.50 to $0.75
Wesbo1: calls $0.65
ulba0404: folds 
wdbart64: folds 
*** FLOP *** [3s 7h 2h]
Wesbo1: bets $0.75
Idahoboy: calls $0.75
*** TURN *** [3s 7h 2h] [9c]
Wesbo1: checks 
Idahoboy: checks 
*** RIVER *** [3s 7h 2h 9c] [4d]
Wesbo1: bets $3.50
Idahoboy: folds 
Uncalled bet ($3.50) returned to Wesbo1
Wesbo1 collected $3.35 from pot
Wesbo1: doesn't show hand 
*** SUMMARY ***
Total pot $3.50 | Rake $0.15 
Board [3s 7h 2h 9c 4d]
Seat 1: ulba0404 (big blind) folded before Flop
Seat 2: wdbart64 folded before Flop
Seat 3: Alameda22 folded before Flop (didn't bet)
Seat 4: enright3060 folded before Flop (didn't bet)
Seat 5: Sharksfan06 folded before Flop (didn't bet)
Seat 6: biffbowzer folded before Flop (didn't bet)
Seat 7: royman0785 folded before Flop (didn't bet)
Seat 8: Idahoboy (button) folded on the River
Seat 9: Wesbo1 (small blind) collected ($3.35)



PokerStars Game #19828332964:  Hold'em No Limit ($0.10/$0.25) - 2008/08/23 - 02:47:23 (ET)
Table 'Gawain III' 9-max Seat #9 is the button
Seat 1: ulba0404 ($27.30 in chips) 
Seat 2: wdbart64 ($21.15 in chips) 
Seat 3: Alameda22 ($40.40 in chips) 
Seat 4: enright3060 ($25 in chips) 
Seat 5: Sharksfan06 ($23.40 in chips) 
Seat 6: biffbowzer ($9.50 in chips) 
Seat 7: royman0785 ($27 in chips) 
Seat 8: Idahoboy ($47.70 in chips) 
Seat 9: Wesbo1 ($31.35 in chips) 
ulba0404: posts small blind $0.10
wdbart64: posts big blind $0.25
*** HOLE CARDS ***
Dealt to Alameda22 [Qh 9s]
Alameda22: folds 
enright3060: folds 
Sharksfan06: folds 
biffbowzer: folds 
royman0785: folds 
Idahoboy: folds 
Wesbo1: calls $0.25
ulba0404: folds 
wdbart64: checks 
*** FLOP *** [4s 5d Ks]
wdbart64: checks 
Wesbo1: checks 
*** TURN *** [4s 5d Ks] [2s]
wdbart64: checks 
Wesbo1: bets $0.50
wdbart64: calls $0.50
*** RIVER *** [4s 5d Ks 2s] [Qd]
wdbart64: checks 
Wesbo1: bets $0.50
wdbart64: folds 
Uncalled bet ($0.50) returned to Wesbo1
Wesbo1 collected $1.55 from pot
Wesbo1: doesn't show hand 
*** SUMMARY ***
Total pot $1.60 | Rake $0.05 
Board [4s 5d Ks 2s Qd]
Seat 1: ulba0404 (small blind) folded before Flop
Seat 2: wdbart64 (big blind) folded on the River
Seat 3: Alameda22 folded before Flop (didn't bet)
Seat 4: enright3060 folded before Flop (didn't bet)
Seat 5: Sharksfan06 folded before Flop (didn't bet)
Seat 6: biffbowzer folded before Flop (didn't bet)
Seat 7: royman0785 folded before Flop (didn't bet)
Seat 8: Idahoboy folded before Flop (didn't bet)
Seat 9: Wesbo1 (button) collected ($1.55)



PokerStars Game #19828344603:  Hold'em No Limit ($0.10/$0.25) - 2008/08/23 - 02:48:25 (ET)
Table 'Gawain III' 9-max Seat #1 is the button
Seat 1: ulba0404 ($27.20 in chips) 
Seat 2: wdbart64 ($20.40 in chips) 
Seat 3: Alameda22 ($40.40 in chips) 
Seat 4: enright3060 ($25 in chips) 
Seat 5: Sharksfan06 ($23.40 in chips) 
Seat 6: biffbowzer ($9.50 in chips) 
Seat 7: royman0785 ($27 in chips) 
Seat 8: Idahoboy ($47.70 in chips) 
Seat 9: Wesbo1 ($32.15 in chips) 
wdbart64: posts small blind $0.10
Alameda22: posts big blind $0.25
*** HOLE CARDS ***
Dealt to Alameda22 [5h Qh]
enright3060: folds 
Sharksfan06: folds 
biffbowzer: calls $0.25
royman0785: folds 
Idahoboy: folds 
Wesbo1: calls $0.25
ulba0404: raises $1.25 to $1.50
wdbart64: folds 
Alameda22: folds 
biffbowzer: folds 
Wesbo1: folds 
Uncalled bet ($1.25) returned to ulba0404
ulba0404 collected $1.10 from pot
ulba0404: doesn't show hand 
*** SUMMARY ***
Total pot $1.10 | Rake $0 
Seat 1: ulba0404 (button) collected ($1.10)
Seat 2: wdbart64 (small blind) folded before Flop
Seat 3: Alameda22 (big blind) folded before Flop
Seat 4: enright3060 folded before Flop (didn't bet)
Seat 5: Sharksfan06 folded before Flop (didn't bet)
Seat 6: biffbowzer folded before Flop
Seat 7: royman0785 folded before Flop (didn't bet)
Seat 8: Idahoboy folded before Flop (didn't bet)
Seat 9: Wesbo1 folded before Flop



PokerStars Game #19828355343:  Hold'em No Limit ($0.10/$0.25) - 2008/08/23 - 02:49:23 (ET)
Table 'Gawain III' 9-max Seat #2 is the button
Seat 1: ulba0404 ($28.05 in chips) 
Seat 2: wdbart64 ($20.30 in chips) 
Seat 3: Alameda22 ($40.15 in chips) 
Seat 4: enright3060 ($25 in chips) 
Seat 5: Sharksfan06 ($23.40 in chips) 
Seat 6: biffbowzer ($9.25 in chips) 
Seat 7: royman0785 ($27 in chips) 
Seat 8: Idahoboy ($47.70 in chips) 
Seat 9: Wesbo1 ($31.90 in chips) 
Alameda22: posts small blind $0.10
enright3060: posts big blind $0.25
*** HOLE CARDS ***
Dealt to Alameda22 [6d 7c]
Sharksfan06: folds 
biffbowzer: folds 
royman0785: folds 
Idahoboy: folds 
Wesbo1: calls $0.25
ulba0404: folds 
wdbart64: folds 
Alameda22: folds 
enright3060: checks 
*** FLOP *** [9c Kd 3h]
enright3060: checks 
Wesbo1: bets $0.50
enright3060: folds 
Uncalled bet ($0.50) returned to Wesbo1
Wesbo1 collected $0.60 from pot
Wesbo1: doesn't show hand 
*** SUMMARY ***
Total pot $0.60 | Rake $0 
Board [9c Kd 3h]
Seat 1: ulba0404 folded before Flop (didn't bet)
Seat 2: wdbart64 (button) folded before Flop (didn't bet)
Seat 3: Alameda22 (small blind) folded before Flop
Seat 4: enright3060 (big blind) folded on the Flop
Seat 5: Sharksfan06 folded before Flop (didn't bet)
Seat 6: biffbowzer folded before Flop (didn't bet)
Seat 7: royman0785 folded before Flop (didn't bet)
Seat 8: Idahoboy folded before Flop (didn't bet)
Seat 9: Wesbo1 collected ($0.60)



PokerStars Game #19828366011:  Hold'em No Limit ($0.10/$0.25) - 2008/08/23 - 02:50:21 (ET)
Table 'Gawain III' 9-max Seat #3 is the button
Seat 1: ulba0404 ($28.05 in chips) 
Seat 2: wdbart64 ($20.30 in chips) 
Seat 3: Alameda22 ($40.05 in chips) 
Seat 4: enright3060 ($24.75 in chips) 
Seat 5: Sharksfan06 ($23.40 in chips) 
Seat 6: biffbowzer ($9.25 in chips) 
Seat 7: royman0785 ($27 in chips) 
Seat 8: Idahoboy ($47.70 in chips) 
Seat 9: Wesbo1 ($32.25 in chips) 
enright3060: posts small blind $0.10
Sharksfan06: posts big blind $0.25
*** HOLE CARDS ***
Dealt to Alameda22 [2s 6c]
biffbowzer: folds 
royman0785: folds 
Idahoboy: folds 
Wesbo1: calls $0.25
ulba0404: raises $0.75 to $1
wdbart64: folds 
Alameda22: folds 
enright3060: folds 
Sharksfan06: folds 
Wesbo1: calls $0.75
*** FLOP *** [7s 3h 5c]
Wesbo1: bets $1.50
ulba0404: raises $1.50 to $3
Wesbo1: calls $1.50
*** TURN *** [7s 3h 5c] [Kh]
Wesbo1: checks 
ulba0404: bets $5
Wesbo1: folds 
Uncalled bet ($5) returned to ulba0404
ulba0404 collected $7.95 from pot
ulba0404: doesn't show hand 
*** SUMMARY ***
Total pot $8.35 | Rake $0.40 
Board [7s 3h 5c Kh]
Seat 1: ulba0404 collected ($7.95)
Seat 2: wdbart64 folded before Flop (didn't bet)
Seat 3: Alameda22 (button) folded before Flop (didn't bet)
Seat 4: enright3060 (small blind) folded before Flop
Seat 5: Sharksfan06 (big blind) folded before Flop
Seat 6: biffbowzer folded before Flop (didn't bet)
Seat 7: royman0785 folded before Flop (didn't bet)
Seat 8: Idahoboy folded before Flop (didn't bet)
Seat 9: Wesbo1 folded on the Turn



PokerStars Game #19828380059:  Hold'em No Limit ($0.10/$0.25) - 2008/08/23 - 02:51:38 (ET)
Table 'Gawain III' 9-max Seat #4 is the button
Seat 1: ulba0404 ($32 in chips) 
Seat 2: wdbart64 ($20.30 in chips) 
Seat 3: Alameda22 ($40.05 in chips) 
Seat 4: enright3060 ($24.65 in chips) 
Seat 5: Sharksfan06 ($23.15 in chips) 
Seat 6: biffbowzer ($9.25 in chips) 
Seat 7: royman0785 ($27 in chips) 
Seat 8: Idahoboy ($47.70 in chips) 
Seat 9: Wesbo1 ($28.25 in chips) 
Sharksfan06: posts small blind $0.10
biffbowzer: posts big blind $0.25
*** HOLE CARDS ***
Dealt to Alameda22 [8h 2d]
Wesbo1 said, "gh"
royman0785: folds 
Idahoboy: folds 
Wesbo1: raises $0.25 to $0.50
ulba0404: folds 
wdbart64: calls $0.50
Alameda22: folds 
enright3060: folds 
Sharksfan06: folds 
biffbowzer: calls $0.25
*** FLOP *** [Th 6s 3s]
biffbowzer: checks 
Wesbo1: bets $0.50
wdbart64: folds 
biffbowzer: folds 
Uncalled bet ($0.50) returned to Wesbo1
Wesbo1 collected $1.55 from pot
Wesbo1: doesn't show hand 
*** SUMMARY ***
Total pot $1.60 | Rake $0.05 
Board [Th 6s 3s]
Seat 1: ulba0404 folded before Flop (didn't bet)
Seat 2: wdbart64 folded on the Flop
Seat 3: Alameda22 folded before Flop (didn't bet)
Seat 4: enright3060 (button) folded before Flop (didn't bet)
Seat 5: Sharksfan06 (small blind) folded before Flop
Seat 6: biffbowzer (big blind) folded on the Flop
Seat 7: royman0785 folded before Flop (didn't bet)
Seat 8: Idahoboy folded before Flop (didn't bet)
Seat 9: Wesbo1 collected ($1.55)



PokerStars Game #19828389617:  Hold'em No Limit ($0.10/$0.25) - 2008/08/23 - 02:52:35 (ET)
Table 'Gawain III' 9-max Seat #5 is the button
Seat 1: ulba0404 ($32 in chips) 
Seat 2: wdbart64 ($19.80 in chips) 
Seat 3: Alameda22 ($40.05 in chips) 
Seat 4: enright3060 ($24.65 in chips) 
Seat 5: Sharksfan06 ($23.05 in chips) 
Seat 6: biffbowzer ($8.75 in chips) 
Seat 7: royman0785 ($27 in chips) 
Seat 8: Idahoboy ($47.70 in chips) 
Seat 9: Wesbo1 ($29.30 in chips) 
biffbowzer: posts small blind $0.10
royman0785: posts big blind $0.25
*** HOLE CARDS ***
Dealt to Alameda22 [7h 7s]
Idahoboy: folds 
Wesbo1: raises $0.25 to $0.50
ulba0404: folds 
wdbart64: folds 
Alameda22: folds 
enright3060: folds 
Sharksfan06: folds 
biffbowzer: folds 
royman0785: folds 
Uncalled bet ($0.25) returned to Wesbo1
Wesbo1 collected $0.60 from pot
Wesbo1: doesn't show hand 
*** SUMMARY ***
Total pot $0.60 | Rake $0 
Seat 1: ulba0404 folded before Flop (didn't bet)
Seat 2: wdbart64 folded before Flop (didn't bet)
Seat 3: Alameda22 folded before Flop (didn't bet)
Seat 4: enright3060 folded before Flop (didn't bet)
Seat 5: Sharksfan06 (button) folded before Flop (didn't bet)
Seat 6: biffbowzer (small blind) folded before Flop
Seat 7: royman0785 (big blind) folded before Flop
Seat 8: Idahoboy folded before Flop (didn't bet)
Seat 9: Wesbo1 collected ($0.60)



PokerStars Game #19828399690:  Hold'em No Limit ($0.10/$0.25) - 2008/08/23 - 02:53:30 (ET)
Table 'Gawain III' 9-max Seat #6 is the button
Seat 1: ulba0404 ($32 in chips) 
Seat 2: wdbart64 ($19.80 in chips) 
Seat 3: Alameda22 ($40.05 in chips) 
Seat 4: enright3060 ($24.65 in chips) 
Seat 5: Sharksfan06 ($23.05 in chips) 
Seat 6: biffbowzer ($8.65 in chips) 
Seat 7: royman0785 ($26.75 in chips) 
Seat 8: Idahoboy ($47.70 in chips) 
Seat 9: Wesbo1 ($29.65 in chips) 
royman0785: posts small blind $0.10
Idahoboy: posts big blind $0.25
*** HOLE CARDS ***
Dealt to Alameda22 [5d 8d]
Wesbo1: folds 
ulba0404: folds 
wdbart64: folds 
Alameda22: folds 
enright3060: folds 
Sharksfan06: folds 
biffbowzer: folds 
royman0785: raises $0.75 to $1
Idahoboy: folds 
Uncalled bet ($0.75) returned to royman0785
royman0785 collected $0.50 from pot
royman0785: doesn't show hand 
*** SUMMARY ***
Total pot $0.50 | Rake $0 
Seat 1: ulba0404 folded before Flop (didn't bet)
Seat 2: wdbart64 folded before Flop (didn't bet)
Seat 3: Alameda22 folded before Flop (didn't bet)
Seat 4: enright3060 folded before Flop (didn't bet)
Seat 5: Sharksfan06 folded before Flop (didn't bet)
Seat 6: biffbowzer (button) folded before Flop (didn't bet)
Seat 7: royman0785 (small blind) collected ($0.50)
Seat 8: Idahoboy (big blind) folded before Flop
Seat 9: Wesbo1 folded before Flop (didn't bet)



PokerStars Game #19828411149:  Hold'em No Limit ($0.10/$0.25) - 2008/08/23 - 02:54:34 (ET)
Table 'Gawain III' 9-max Seat #7 is the button
Seat 1: ulba0404 ($32 in chips) 
Seat 2: wdbart64 ($19.80 in chips) 
Seat 3: Alameda22 ($40.05 in chips) 
Seat 4: enright3060 ($24.65 in chips) 
Seat 5: Sharksfan06 ($23.05 in chips) 
Seat 6: biffbowzer ($8.65 in chips) 
Seat 7: royman0785 ($27 in chips) 
Seat 8: Idahoboy ($47.45 in chips) 
Seat 9: Wesbo1 ($29.65 in chips) 
Idahoboy: posts small blind $0.10
Wesbo1: posts big blind $0.25
*** HOLE CARDS ***
Dealt to Alameda22 [4d 5c]
ulba0404: folds 
wdbart64: folds 
Alameda22: folds 
enright3060: folds 
Sharksfan06: folds 
biffbowzer: folds 
royman0785: folds 
Idahoboy: raises $0.50 to $0.75
Wesbo1: folds 
Uncalled bet ($0.50) returned to Idahoboy
Idahoboy collected $0.50 from pot
Idahoboy: doesn't show hand 
*** SUMMARY ***
Total pot $0.50 | Rake $0 
Seat 1: ulba0404 folded before Flop (didn't bet)
Seat 2: wdbart64 folded before Flop (didn't bet)
Seat 3: Alameda22 folded before Flop (didn't bet)
Seat 4: enright3060 folded before Flop (didn't bet)
Seat 5: Sharksfan06 folded before Flop (didn't bet)
Seat 6: biffbowzer folded before Flop (didn't bet)
Seat 7: royman0785 (button) folded before Flop (didn't bet)
Seat 8: Idahoboy (small blind) collected ($0.50)
Seat 9: Wesbo1 (big blind) folded before Flop



